2023 3350
170 94 254 133 438

737 90 773 120 P.
801 88 997 121 leGILll
1034 88 1248 121 MARONIS

171 205 206 246 Ο
237 201 448 255 genetrix,
488 213 572 252 quo
613 200 705 241 fata
742 199 899 241 vocas?
935 203 1011 240 aut
1053 200 1157 253 quid
1191 201 1301 254 petis
1339 201 1464 243 istis‘?

171 258 402 302 Mortaline
437 271 567 298 manu
608 256 750 298 fact-ae
788 256 1037 298 immortale
1077 258 1249 299 carinae

1760 259 1814 298 95

170 318 254 358 Fas
286 314 506 355 habeant?
547 317 777 368 certusque
813 314 981 355 incerta
1018 314 1212 367 pericula
1251 315 1408 357 lustret

171 372 366 414 Aeneas?
405 372 474 412 cui
509 374 632 413 tanta
670 371 749 413 deo
787 371 1000 425 permissa
1039 372 1262 424 potestas?

171 431 325 479 Immo,
364 428 438 469 ubi
479 428 707 470 defunctae
746 428 874 470 finem
909 431 1149 482 portusque
1181 428 1390 470 tenebunt

171 486 383 527 Ausonios
425 485 548 537 olim,
583 499 863 539 quaecunque
904 485 1088 527 evaserit
1130 485 1257 526 undis

171 542 526 596 Dardaniumque
564 543 716 584 ducem
752 543 988 584 Laurentia
1026 542 1191 584 vexerit
1226 554 1343 592 arva,

1736 544 1819 584 100

171 600 400 641 Mortalem
432 600 615 654 eripiam
653 599 859 651 formam,
899 599 1130 654 magnique
1166 597 1324 640 iubebo

173 657 387 710 Aequoris
418 671 509 699 esse
550 657 670 708 deas,
706 657 847 711 qualis
885 657 1042 698 Nereia
1078 657 1193 698 Doto

173 714 230 755 Et
271 713 484 756 Galathea
522 718 671 756 secant
714 718 985 768 spumantem
1021 718 1196 767 pectore
1233 715 1424 766 pontum.

173 771 378 822 Dixerat,
417 771 548 825 idque
582 775 725 813 ratum
770 771 907 825 Stygii
943 785 1020 825 per
1055 770 1233 812 flumina
1273 769 1436 822 fratris,

174 828 255 869 Per
290 829 387 882 pice
425 832 642 871 torrentes
674 832 859 881 atraque
893 829 1100 882 voragine
1139 828 1256 882 ripas

1740 833 1820 872 105

174 885 355 937 Adnuit,
397 889 440 927 et
483 890 623 928 totum
663 890 771 927 nutu
806 886 1048 927 tremefecit
1085 885 1323 939 Olympum.

289 943 404 997 Ergo
437 943 590 985 aderat
627 943 842 997 promissa
878 943 986 994 dies,

1023 946 1066 984 et
1103 946 1302 996 tempora
1337 941 1501 983 Parcae

175 998 334 1041 Debita
368 1001 661 1055 complerant:
702 1014 833 1054 quum
873 1000 1006 1042 Turni
1044 1000 1203 1042 iniuria
1242 998 1427 1040 Matrem

175 1056 411 1099 Admonuit
446 1058 614 1100 ratibus
655 1058 788 1099 sacris
829 1057 1046 1111 depellere
1085 1057 1250 1099 taedas.

175 1113 258 1154 Hic
294 1115 481 1167 primum
517 1129 628 1157 nova
665 1115 741 1156 lux
781 1115 917 1156 oculis
958 1114 1130 1165 offulsit,
1173 1118 1216 1156 et
1252 1113 1404 1166 ingens

1743 1117 1824 1156 110

175 1170 302 1212 Visus
340 1171 396 1213 ab
434 1173 604 1214 Aurora
640 1173 804 1214 caelum
844 1176 1141 1214 transcurrere
1176 1170 1348 1213 nimbus

176 1226 383 1281 Idaeique
430 1229 570 1281 chori3
609 1233 702 1270 tum
741 1243 824 1270 vox
858 1229 1074 1271 horrenda
1110 1243 1189 1283 per
1227 1241 1359 1270 auras

176 1284 352 1327 Excidit
386 1289 428 1327 et
467 1287 625 1329 Troum
660 1287 1004 1339 Rutulorumque
1042 1287 1217 1340 agmina
1258 1284 1462 1339 complet:

177 1342 240 1383 Ne
267 1343 484 1397 trepidate
519 1357 659 1395 meas,
699 1344 867 1395 Teucri,
910 1343 1142 1386 defendere
1181 1356 1321 1394 naveS,

178 1467 324 1489 summae
340 1462 432 1490 Iovis
458 1461 620 1496 potentiae
643 1460 847 1498 significatio,
872 1468 976 1496 neque

179 1513 311 1534 versum
334 1509 436 1535 verba
459 1508 634 1543 complent,
663 1508 720 1535 sed
741 1507 945 1535 sententiam.

223 1548 276 1579 9-1.
304 1559 372 1590 quo
401 1550 486 1589 fata
520 1547 652 1580 vocas?
698 1553 797 1586 Apud
825 1553 977 1580 Servium

179 1597 413 1631 praescriptum
436 1601 485 1626 est
509 1593 644 1631 trahis3
676 1598 757 1631 quod
783 1598 824 1626 ad
849 1601 977 1626 senten-

178 1642 257 1670 tiam
282 1650 344 1670 non
369 1642 489 1679 differt,
527 1647 630 1671 ortum
654 1646 763 1671 tamen
788 1639 901 1671 trahis
926 1643 979 1671 vi-

178 1687 268 1715 detur
293 1695 335 1716 ex
360 1687 580 1722 explicatione
606 1688 732 1723 servii,
772 1687 805 1715 in
831 1695 896 1721 qua
921 1695 979 1716 vo—

179 1739 259 1760 care
276 1740 332 1767 per
350 1730 489 1762 trahere
505 1733 658 1767 explicat.
695 1733 775 1760 Fata
793 1733 838 1760 dii
855 1732 980 1762 flectere

178 1784 239 1805 non
267 1782 420 1814 possunt,
445 1778 475 1807 ei
491 1782 567 1807 sunt
584 1778 722 1807 subiecti
747 1786 858 1806 omnes
881 1778 919 1807 cf.
949 1775 978 1814 1,

180 1819 209 1850 4.
249 1820 279 1859 3,
304 1821 371 1851 250
397 1827 429 1852 et
453 1832 485 1853 v.
513 1821 567 1851 97.
617 1825 731 1852 Fatum
756 1828 865 1852 autem
895 1824 979 1858 quod

179 1868 237 1902 sit,
271 1870 362 1898 docet
388 1877 420 1897 v.
451 1867 505 1897 96.
555 1870 633 1897 Fato
657 1870 803 1906 expleto,
838 1869 867 1897 si
896 1876 981 1903 quae

180 1918 301 1942 restant
338 1921 458 1951 naves,
504 1918 604 1949 potest
643 1915 788 1949 Iuppiter
831 1915 877 1943 uti
919 1922 982 1943 sua

180 1959 332 1992 potentia.

226 2002 278 2032 96.
302 2003 365 2041 fas
395 2001 568 2034 habeant:
618 2006 748 2040 „Neque
783 2005 867 2034 enim
906 2013 981 2039 pos—

180 2053 256 2077 sunt
291 2054 425 2078 aeterna
461 2057 551 2082 esse,
591 2057 675 2084 tntae
718 2053 758 2079 ab
797 2051 981 2079 hominibus

180 2094 265 2123 facta
298 2099 383 2123 sunt.
441 2096 551 2123 Horat.
588 2094 679 2129 [ΑΡ.
711 2094 774 2131 63)
812 2093 982 2124 Debemus

180 2136 284 2169 morti
312 2148 375 2169 nos
404 2139 629 2179 nostraque.“
662 2143 694 2169 S.
729 2157 765 2160 -
801 2143 983 2180 certusque

181 2182 315 2215 incerta
337 2193 374 2225 p.
403 2188 568 2223 „Securus
585 2186 683 2215 dubia
701 2190 807 2215 tentet.
847 2187 981 2215 Aeneas

181 2235 282 2267 sorte,
316 2237 381 2265 qua
410 2234 504 2260 homo
539 2235 603 2267 est,
639 2232 863 2268 navigationis
891 2233 982 2261 debet

180 2277 292 2305 timere
315 2277 505 2314 periculum,
531 2278 615 2311 quod
645 2278 735 2315 perit,
771 2278 800 2305 si
825 2277 896 2306 eius
922 2285 981 2306 na-

180 2322 279 2350 vibus
307 2322 484 2351 aeternitas
514 2320 637 2351 detur.‘²
671 2324 702 2351 S.
739 2337 777 2342 —
811 2324 876 2351 Eas
907 2331 981 2357 pro-

180 2367 277 2395 mittit
305 2371 458 2396 aeternas
490 2372 520 2396 et
551 2370 713 2403 nymphas
740 2375 776 2396 se
807 2368 980 2405 facturum,

180 2419 263 2447 quae
293 2420 397 2447 usque
427 2414 468 2442 ad
491 2413 621 2441 Latium
652 2415 824 2448 perductae
850 2414 978 2443 fuerint.

180 2458 218 2485 In
253 2457 368 2487 itinere
402 2462 510 2487 autem
544 2458 667 2492 periere
699 2466 765 2487 una
791 2460 920 2488 Orontis
951 2456 980 2497 1,

184 2500 264 2539 113,
290 2507 439 2538 quattuor
463 2503 498 2532 in
523 2503 640 2533 Sicilia
664 2503 703 2540 5,
730 2501 808 2532 699.

226 2545 281 2576 98.
308 2545 498 2584 defunctae
518 2548 564 2577 ita
586 2547 616 2586 6,
635 2547 678 2577 ‘33
695 2546 840 2589 magnis
854 2546 981 2589 pelagi

182 2589 348 2630 defuncte
371 2591 524 2632 periclis.

227 2634 303 2666 102.
336 2635 439 2667 ‘Pales
463 2636 548 2668 deas
571 2646 643 2668 esse
660 2639 785 2676 iubebo,
809 2639 919 2674 qualis
934 2644 980 2669 est

181 2683 277 2711 Nerei
309 2683 377 2711 tilia
402 2685 481 2712 Doto
514 2689 545 2712 et
570 2686 717 2713 Galatea.
769 2685 920 2714 Nereides
951 2685 980 2713 si

181 2732 271 2765 nant,
295 2736 313 2757 e
337 2728 432 2758 fluctu
447 2730 589 2758 eminent
613 2731 653 2758 ad
674 2734 784 2765 pectus
809 2739 912 2766 usque
938 2730 978 2759 cf.

182 2774 252 2802 Cat.
268 2774 374 2808 Epith.
401 2771 444 2803 18
468 2771 660 2813 Nymphas,
686 2773 860 2804 nutricum
879 2777 980 2804 tenus

183 2819 359 2848 exstantes
391 2827 408 2848 e
441 2817 590 2860 gurgite
623 2828 721 2849 cano.
770 2822 818 2850 De
851 2827 981 2856 compa-

182 2864 320 2893 rationis
345 2864 449 2893 forma
470 2864 510 2894 cf.
537 2863 573 2902 3,
600 2862 677 2894 641.

232 2906 306 2937 104.
337 2906 461 2948 Stygis
497 2908 644 2947 fratris,

185 2953 317 2988 Stygem
343 2954 428 2983 iurat
454 2954 493 2984 cf.
523 2953 562 2992 6,
590 2954 666 2984 324.

692 2911 854 2940 Plutonia
919 2912 981 2940 Per

1074 1459 1147 1490 106.
1174 1462 1268 1491 Hunc
1290 1468 1424 1490 versum
1449 1459 1478 1488 si
1502 1459 1653 1496 legimus,
1677 1460 1711 1489 in
1735 1469 1826 1491 men-

1025 1512 1086 1536 tem
1106 1508 1244 1536 veniunt
1262 1507 1329 1535 noti
1353 1506 1405 1534 illi
1423 1505 1555 1534 Homeri
1572 1506 1610 1534 Il.
1639 1503 1667 1542 1,
1689 1504 1756 1535 528
1775 1515 1824 1543 sq.

1025 1553 1064 1582 cf.
1084 1553 1153 1581 Cat.
1173 1553 1278 1588 Epitli.
1303 1549 1378 1579 204.
1419 1552 1477 1580 Ov.
1499 1552 1542 1579 M.
1568 1547 1598 1588 1,
1624 1547 1700 1580 179.
1744 1554 1824 1582 Stat.

1025 1600 1122 1626 Theb.
1157 1596 1194 1634 7,
1227 1596 1256 1626 3.
1306 1598 1382 1625 Hor.
1410 1596 1445 1626 C.
1479 1594 1514 1633 3,
1548 1592 1583 1633 l,
1620 1594 1651 1624 8.
1699 1598 1826 1628 Versus

1028 1640 1091 1671 104
1106 1641 1218 1670 —106
1241 1643 1355 1671 iterum
1376 1644 1526 1678 leguntur
1548 1638 1600 1678 10,
1622 1638 1825 1673 113-115.

1074 1686 1148 1716 108.
1177 1685 1294 1717 debita
1328 1696 1372 1717 sc.
1405 1687 1559 1721 compleri
1597 1687 1636 1716 cf.
1670 1685 1708 1724 8,
1747 1686 1824 1719 375.

1026 1735 1136 1771 „Quod
1158 1740 1261 1762 naves
1282 1733 1314 1760 in
1330 1735 1500 1768 Nymphas
1520 1735 1731 1771 mutarentur,
1757 1739 1827 1764 erat

1026 1779 1196 1815 singulare
1229 1778 1361 1812 aliquod
1393 1778 1485 1806 Iovis
1521 1778 1726 1816 beneficium,
1763 1788 1827 1809 non

1028 1825 1093 1853 fato
1115 1825 1277 1853 destinata
1299 1820 1386 1852 res.“
1414 1824 1445 1851 S.
1494 1823 1619 1852 Parcae
1642 1823 1723 1853 illud
1746 1828 1827 1854 tem-

1029 1879 1090 1905 pus
1120 1871 1336 1905 complerant,
1377 1869 1460 1904 quod
1498 1867 1698 1904 significatur
1727 1878 1827 1906 supra

1029 1924 1060 1944 v.
1098 1913 1265 1951 94—96,
1302 1922 1356 1949 per
1389 1915 1472 1949 quod
1502 1912 1567 1942 sato
1599 1915 1732 1944 debebat
1759 1917 1828 1946 Ae-

1028 1968 1110 1989 neas
1145 1960 1323 1996 circumagi
1354 1963 1384 1987 et
1420 1959 1569 1988 omnibus
1600 1960 1697 1990 obiici
1725 1961 1828 1992 maris

1030 2007 1194 2041 periculis
1236 2007 1303 2035 Hoc
1320 2010 1460 2040 tempore
1475 2006 1633 2040 completo
1654 2006 1720 2036 iam
1734 2009 1828 2038 locus

1028 2056 1077 2080 est
1100 2053 1192 2081 Iovis
1217 2051 1378 2080 beneficio.

1077 2095 1151 2127 110.
1181 2094 1315 2136 offulsit
1340 2096 1360 2124 i.
1385 2104 1410 2124 e.
1438 2095 1589 2125 obiicitur
1613 2097 1717 2126 oculis
1740 2105 1829 2128 nova

1028 2143 1048 2171 i.
1075 2152 1101 2172 e.
1130 2143 1290 2172 inusitata
1319 2143 1388 2170 lux.
1439 2141 1636 2172 Mil-acutum
1660 2142 1691 2171 si
1721 2144 1828 2178 expli-

1027 2190 1166 2218 candum
1196 2192 1299 2225 esset,
1332 2187 1438 2215 subito
1469 2191 1574 2217 ortam
1605 2188 1729 2217 diceres
1753 2197 1829 2219 esse

1027 2238 1248 2269 tempestatem
1275 2233 1396 2262 crebris
1420 2232 1615 2262 fulminibus
1645 2238 1675 2262 et
1701 2234 1829 2264 tonitri-

1028 2282 1098 2316 bus,
1126 2282 1166 2309 ab
1187 2287 1288 2314 eaque
1308 2285 1413 2307 naves
1431 2279 1562 2308 ancoris
1578 2279 1682 2313 ruptis
1701 2287 1829 2310 mersas

1027 2333 1116 2360 esse;
1161 2327 1259 2354 talem
1297 2327 1520 2359 tempestatem
1561 2324 1637 2353 fecit
1676 2325 1826 2355 Ovidius.

1026 2372 1195 2405 Apparent
1232 2369 1349 2399 famuli
1391 2371 1489 2407 deae,
1536 2370 1655 2398 Idaeus
1698 2373 1827 2410 chorus,

1028 2416 1160 2452 Dactyli
1191 2415 1281 2444 Idaei
1313 2418 1342 2443 et
1371 2415 1583 2450 Corybantes.
1632 2416 1683 2444 Ita
1709 2417 1828 2446 Idaeos

1027 2464 1142 2490 choros
1165 2461 1199 2489 in
1217 2461 1357 2496 Cybeles
1381 2460 1535 2489 comitatu
1555 2465 1714 2490 memorat
1727 2463 1825 2497 Prop.

1029 2505 1059 2543 3,
1088 2504 1140 2543 15,
1168 2504 1220 2535 36.
1268 2507 1351 2533 Nam
1375 2513 1474 2540 tulum
1496 2507 1572 2541 ipsa
1595 2506 1638 2534 sit
1660 2507 1760 2536 Idaea
1784 2506 1825 2537 cf.

1029 2549 1087 2586 10,
1114 2550 1196 2587 252,
1224 2551 1379 2586 quidquid
1405 2551 1477 2580 eius
1501 2554 1566 2587 est,
1592 2555 1642 2580 est
1660 2553 1804 2581 Idaeum.

1075 2595 1150 2626 113.
1178 2594 1328 2637 agmina
1354 2593 1500 2635 complet
1525 2605 1601 2626 vox.
1650 2597 1704 2627 Sic
1729 2603 1826 2633 prosa

1027 2642 1130 2671 oratio
1174 2645 1234 2671 hoc
1275 2644 1374 2670 verbo
1410 2642 1510 2670 utitur
1557 2641 1596 2672 cf.
1628 2642 1694 2671 Cic.
1742 2642 1822 2677 Rep.

1028 2686 1058 2723 6,
1086 2685 1126 2716 18
1156 2684 1242 2725 Quis
1264 2688 1324 2722 cst,
1351 2684 1411 2725 qui
1435 2684 1584 2726 complet
1603 2694 1707 2716 aures
1728 2694 1826 2716 meas

1028 2734 1098 2763 tam
1127 2729 1240 2761 dulcis
1271 2727 1402 2761 sonus?
1428 2736 1458 2761 et
1484 2732 1558 2761 Liv.
1590 2729 1650 2768 26,
1680 2729 1724 2759 50
1757 2729 1824 2761 Im-

1025 2774 1136 2818 plevit
1178 2774 1369 2816 populares
1410 2774 1577 2806 laudibus
1621 2778 1653 2806 et
1691 2774 1826 2807 meritis

1032 2819 1218 2862 Scipionis,
1268 2822 1315 2852 Cf.
1340 2819 1377 2859 4,
1405 2819 1479 2850 189.

1075 2865 1152 2896 114.
1177 2875 1222 2896 ne
1246 2864 1422 2907 trepidate
1446 2870 1521 2895 etc.:
1547 2874 1610 2903 „ne
1633 2867 1755 2902 trepide
1778 2867 1826 2898 fe-

1028 2913 1156 2943 stinetis
1186 2914 1226 2942 ad
1250 2912 1388 2942 navium
1416 2909 1668 2941 defensionem.“
1693 2914 1725 2941 S.
1775 2913 1824 2943 ef.

1030 2957 1091 2997 10,
1118 2956 1195 2988 283.
1227 2973 1266 2978 -
1298 2958 1346 2986 De
1369 2956 1529 2985 infinitivo
1555 2956 1594 2986 cf.
1630 2954 1667 2996 2,
1697 2955 1750 2988 33.
1784 2973 1823 2980 ——
