2044 3329
864 137 1139 171 PRAEFATIO.
1765 140 1820 165 XV

178 263 394 304 nunquam
422 253 591 293 mutata
623 253 739 302 sunt,
779 264 881 293 sane
922 251 1150 295 dolendum
1184 256 1261 296 est.
1320 252 1444 295 Hunc
1472 253 1605 308 igitur
1630 255 1820 298 Servium

178 319 500 373 diligentissime
529 319 634 374 legi,
685 323 728 361 et
769 333 915 362 omnes
950 325 1175 375 praeterea
1202 322 1335 364 libros
1382 325 1425 364 et
1461 323 1738 378 antiquorum
1778 328 1819 366 et

178 389 481 441 recentiorum,
513 388 587 442 qui
615 391 695 430 aut
726 402 899 431 carmen
927 390 1219 445 explicabant,
1257 393 1333 433 aut
1363 391 1420 433 ad
1450 392 1652 434 carminis
1682 393 1817 446 expli-

178 457 391 499 cationem
419 456 613 499 conferre
641 456 907 510 videbantur,
938 463 1151 513 quotquot
1180 460 1315 515 potui,
1345 461 1539 514 congessi
1568 464 1611 503 et
1641 462 1816 504 contuli.

178 526 366 581 (Omissa
393 529 494 568 sunt
521 526 677 580 aliqua,
706 526 754 567 in’
779 526 933 580 quibus
961 529 1106 582 agitur
1135 529 1187 571 de
1209 529 1378 572 ratione
1395 529 1681 584 interpretum
1707 531 1814 572 alio-

177 610 273 638 rum
302 594 649 649 laudandorum.)

288 665 434 707 Vitam
458 664 628 718 Virgilii
658 677 860 707 enarrare
880 678 1015 719 neque
1044 678 1152 720 opus
1182 680 1274 708 esse
1304 667 1531 709 videbatur
1558 667 1616 710 ad
1646 683 1818 711 carmen

174 733 498 788 intelligendum
528 735 625 787 post
648 746 711 784 ea,
740 747 850 787 quae
877 733 1083 786 dixeram,
1114 749 1251 789 neque
1267 749 1319 778 ex
1337 737 1525 779 Aeneide
1550 740 1653 790 tam,
1681 751 1814 791 quam

176 817 228 845 ex
257 803 410 845 ceteris
438 803 527 845 eius
558 801 760 856 operibus
789 806 852 844 est
871 802 1143 845 declaranda.
1204 804 1357 859 Itaque
1385 806 1521 848 omisi.
1588 807 1645 848 At
1680 808 1816 850 multa

175 886 349 926 possum
386 871 542 914 afferre
582 871 684 923 alia,
733 885 845 925 quae
882 871 1097 914 factorum
1128 887 1322 916 meorum
1358 874 1544 917 reddant
1574 876 1812 929 rationem;

175 941 249 983 sed
291 954 369 982 nec
416 940 520 994 quid
558 941 665 982 mihi
704 940 932 995 profutura
975 940 1031 981 sit
1074 940 1205 994 longa
1253 943 1412 995 oratio,
1478 959 1555 986 nec
1594 946 1810 999 quomodo

175 1010 373 1052 timorem
414 1023 554 1051 meum
587 1009 723 1051 multa
759 1008 973 1061 loquendo
1009 1012 1209 1050 excutere
1253 1011 1416 1064 possim
1459 1012 1565 1054 satis
1602 1013 1810 1068 intelligo.

177 1078 337 1131 Quodsi
367 1077 554 1131 Heynius
594 1077 747 1118 duram
778 1080 821 1118 et
864 1077 1060 1130 iniquam
1101 1082 1279 1131 questus
1319 1083 1384 1121 est
1421 1080 1672 1134 interpretis
1711 1096 1810 1124 con-

176 1147 397 1197 dicionem,
426 1145 462 1187 si
485 1145 577 1198 ipse
606 1159 729 1187 suum
754 1145 971 1198 ingenium
991 1159 1136 1188 rerum
1159 1146 1328 1190 infinita
1352 1148 1480 1202 copia
1503 1164 1811 1205 nonnunquam

175 1216 375 1258 obtusum
402 1227 494 1255 esse
523 1213 742 1257 confessus
776 1218 852 1267 est,
883 1218 1046 1270 quanto
1074 1214 1119 1256 id
1150 1208 1322 1272 saepius
1352 1218 1457 1261 mihi
1489 1219 1697 1263 accidisse
1730 1222 1813 1264 viri

177 1285 297 1328 docti
324 1284 551 1339 reperient.
