2023 3350
752 48 988 82 AENEIDOS
1019 50 1104 83 LIB.
1131 51 1207 84 VII.
1723 52 1804 92 365

154 164 272 215 Quae
310 162 400 206 fors
434 163 579 218 prima
616 162 754 215 dedit,
797 163 974 216 sanguis
1011 177 1147 205 novus
1179 162 1337 206 imbuit
1369 178 1503 208 arma.

152 222 275 264 Talia
310 222 513 276 coniugia
548 224 592 262 et
630 221 741 262 tales
778 220 998 263 celebrent
1034 221 1293 276 hymenaeos
1723 225 1805 264 555

153 280 389 334 Egregium
420 279 600 322 Veneris
638 292 771 333 genus
813 282 855 320 et
894 293 970 320 rex
1004 279 1096 333 ipse
1134 279 1327 322 Latinus.

154 338 213 379 Te
250 351 380 391 super
414 337 631 380 aetherias
667 350 814 378 errare
848 336 1047 378 licentius
1088 351 1218 379 auras

152 395 282 436 Haud
314 395 446 437 Pater
483 395 556 436 ille
595 394 719 446 velit,
762 395 916 436 summi
948 398 1154 448 regnator
1187 394 1371 448 Olympi.

155 453 268 495 Cede
299 452 419 495 locis.

484 453 595 506 Ego,
633 452 669 494 si
706 466 790 506 qua
826 466 955 506 super
990 452 1167 494 fortuna
1204 451 1407 494 laborum
1443 456 1519 501 cst,

152 511 256 565 Ipsa
292 524 453 564 regam.
511 509 638 552 Tales
679 509 858 551 dederat
894 510 1102 552 Saturnia
1140 523 1277 551 voces.
1724 513 1807 557 560

133 569 234 610 -·Illa
267 572 412 610 autem
447 569 613 610 attollit
652 568 884 610 stridentes
923 567 1137 622 anguibus
1170 568 1274 619 alas,

153 626 389 680 Cocytique
425 627 535 680 petit
569 625 733 677 sedem,
771 639 926 680 supera
957 626 1095 667 ardua
1139 626 1350 679 linquens,

152 684 232 726 Est
269 684 392 726 locus
428 684 583 726 Italiae
618 684 759 726 medio
799 683 879 725 sub
919 683 1138 726 montibus
1178 683 1291 734 altis,

152 741 321 784 Nobilis
363 746 406 784 et
440 742 557 784 fama
590 742 739 783 multis
778 745 1044 783 memoratus
1083 742 1127 782 in
1168 741 1267 792 oris,

151 800 406 854 Ampsancti
442 801 598 853 valles,
640 800 784 842 densis
821 799 935 841 hunc
976 798 1205 841 frondibus
1242 801 1385 840 atrum
1726 802 1806 842 565

152 858 321 911 Urguet
355 858 575 912 utrimque
610 858 726 899 latus
766 858 968 908 nemoris,

1010 857 1243 910 medioque
1280 855 1480 910 fragosus

152 917 241 958 Dat
276 917 464 958 sonitum
496 916 612 958 saxis
654 919 697 957 et
730 918 848 957 torto
885 915 1045 957 vertice
1080 918 1263 956 torrens.

153 974 236 1014 Hic
272 988 423 1028 specus
458 972 722 1016 horrendum
760 977 803 1015 et
836 973 953 1015 saevi
990 972 1210 1026 spiracula
1244 970 1359 1012 Ditis

153 1031 473 1084 Monstrantur,
514 1036 730 1086 ruptoque
767 1031 917 1084 ingens
956 1030 1198 1071 Acheronte
1242 1040 1404 1081 vorago

153 1090 388 1132 Pestiferas
430 1090 572 1144 aperit
612 1089 780 1132 fauces:
824 1088 920 1142 quis
963 1087 1139 1129 condita
1174 1086 1342 1140 Erinys,
1727 1088 1810 1129 570

154 1262 213 1303 16,
252 1263 292 1294 18
340 1263 426 1296 altis
465 1263 609 1295 urbibus
644 1262 792 1295 ultimae
833 1265 958 1295 stetere

152 1320 300 1342 caussae
322 1320 383 1341 cur
404 1309 559 1353 perirent
579 1309 758 1350 funditus.

199 1367 276 1397 556.
307 1366 506 1409 Egregium
536 1366 679 1398 Veneris
697 1377 823 1409 genus,
853 1368 959 1397 ironia

153 1416 192 1444 dc
229 1415 345 1444 Aenea
375 1415 514 1451 dictum,
555 1415 709 1444 Latinum
748 1419 856 1443 autem
892 1414 958 1443 iam

155 1465 282 1496 propter
321 1461 432 1490 foedus
477 1468 549 1490 cum
583 1461 699 1490 Aenea
732 1460 853 1490 factum
891 1461 956 1489 odit

154 1509 244 1536 Iuno.

200 1560 278 1593 561.
306 1561 432 1593 Autem
455 1570 566 1592 rarum
596 1564 681 1598 apud
715 1567 827 1598 poetas
861 1570 958 1592 voca-

152 1611 320 1684 litglumssgt
343 1609 475 1638 minime
489 1609 660 1647 poeticum,
686 1611 805 1646 legitur
822 1607 852 1646 9,
883 1606 957 1637 132.

209 1678 218 1693 ,
243 1654 262 1684 6
315 1677 322 1684 .

199 1710 278 1741 562.
308 1710 446 1752 Supera
482 1710 598 1741 urtlua
627 1712 710 1742 dixit
738 1713 813 1748 Ygl.
840 1717 873 1740 ut
901 1720 959 1740 su-

151 1765 240 1798 pera
266 1755 343 1786 alta
369 1756 406 1795 6,
439 1755 506 1785 788
535 1762 564 1786 et
593 1765 720 1797 supera
747 1765 900 1786 convexa
929 1756 958 1793 6,

154 1802 231 1832 241.
282 1801 359 1831 750.
412 1801 470 1839 10,
513 1799 578 1830 251
620 1804 657 1831 de
687 1805 789 1832 caelo.
838 1804 874 1831 Iu
908 1803 958 1830 his

153 1851 236 1878 locis
269 1849 421 1877 omuibus
450 1845 512 1876 Rb.
546 1849 678 1883 scripsit
709 1855 813 1888 snper
841 1850 960 1877 adver-

154 1895 253 1924 bium.
303 1894 509 1923 Adverbium
537 1898 646 1922 tamen
671 1895 802 1923 difficile
828 1899 875 1923 est
900 1903 959 1923 ex-

156 1941 298 1976 plicatu;
349 1940 514 1969 adiectiva
555 1944 662 1969 autem
700 1944 815 1969 neutra
859 1948 958 1975 saepe

154 1992 231 2016 suut
268 1986 355 2015 facta
386 1986 598 2015 substantiva
626 1986 673 2014 ita
700 1991 734 2015 ut
762 1986 960 2016 adiectivum

155 2036 360 2062 assumerent
395 2032 488 2061 aliud
520 2031 558 2060 cf.
599 2033 652 2061 Gr.
684 2032 706 2067 g
745 2029 820 2061 374.
869 2032 961 2068 Yglii

154 2082 231 2108 sunt
263 2075 461 2117 tranquilla
496 2074 574 2106 alta
608 2076 645 2115 2,
687 2076 768 2111 203,
805 2075 961 2118 pinguia

154 2122 251 2154 culta
283 2121 319 2159 S,
353 2121 407 2152 63.
463 2120 521 2159 10,
557 2119 640 2160 141,
675 2125 802 2163 aperta
839 2130 962 2152 serena

155 2172 191 2199 G.
218 2168 247 2207 1,
269 2167 352 2207 393,
380 2177 516 2209 magna
543 2166 682 2209 incepta
711 2167 762 2205 11,
788 2166 871 2205 469,
897 2177 962 2209 pro

153 2213 285 2246 talibus
309 2212 408 2244 aus-is
434 2213 485 2251 12,
511 2213 588 2246 351,
613 2212 809 2243 audacibus
833 2211 964 2255 coeptis

155 2264 190 2291 G.
219 2259 247 2299 1,
274 2259 327 2290 40.
375 2259 406 2297 9,
435 2259 499 2288 625
526 2258 656 2300 coeptis
679 2257 884 2301 ingentibus
911 2257 963 2297 10,

155 2304 233 2337 461.
282 2307 354 2336 Alii
377 2311 490 2342 poetae
519 2306 593 2335 ausi
618 2310 694 2335 sunt
718 2307 788 2335 alia
818 2310 847 2335 et
872 2306 963 2335 duri-

155 2361 232 2391 ora,
262 2356 297 2382 ut
322 2353 380 2381 Sil.
407 2350 466 2389 12,
494 2350 513 2380 4
539 2350 658 2392 tepido
683 2360 820 2388 sereno,
846 2352 960 2381 Claud.

156 2400 224 2428 ΒΡ.
256 2396 294 2435 2,
325 2396 368 2426 90
398 2396 512 2427 medio
545 2405 675 2427 sereno.
733 2398 863 2427 Similia
894 2399 960 2427 iam

156 2452 208 2480 ap.
233 2444 367 2472 Liviam
398 2444 438 2473 cf.
467 2445 538 2472 Fbr.
563 2445 605 2472 ad
626 2441 680 2481 21,
719 2441 758 2472 11
784 2449 814 2474 et
846 2442 898 2473 33.
921 2460 959 2464 —

156 2492 194 2519 In
216 2490 311 2518 libris
333 2494 441 2518 autem
458 2490 615 2524 scriptum
648 2495 716 2519 erat
740 2487 964 2531 superardua

155 2537 238 2571 quod
267 2539 316 2564 est
338 2543 466 2575 supera
492 2532 619 2564 ardua.

204 2591 281 2622 563.
312 2590 375 2622 Est
402 2589 497 2620 locus
524 2593 585 2620 etc.
634 2593 751 2629 „Hunc
766 2593 874 2621 locum
891 2600 963 2621 um-

158 2640 291 2669 bilicum
328 2638 447 2667 Italiae
484 2637 706 2674 chorograpui
738 2638 856 2668 dicunt.
905 2639 963 2667 Est

157 2689 267 2715 autem
306 2685 340 2713 in
376 2686 478 2712 latere
509 2683 710 2718 campaniae
741 2688 771 2713 et
804 2684 961 2722 Apuliae,

157 2732 213 2761 uhi
238 2730 369 2766 Hirpini
395 2733 487 2767 sunt,
519 2733 551 2758 et
573 2732 670 2758 habet
693 2737 798 2765 aquas
824 2731 961 2765 sulphu-

158 2784 252 2815 reas,
277 2778 347 2806 ideo
373 2776 562 2813 gravioreS,
588 2775 666 2810 quia
689 2776 877 2805 ambiuntur
902 2776 960 2805 sil-

159 2824 224 2853 vis.
272 2824 347 2852 Ideo
380 2826 490 2851 autem
515 2822 560 2849 ibi
591 2822 699 2851 aditus
727 2822 845 2851 dicitur
877 2821 961 2850 iufe—

158 2877 281 2908 rorum,
317 2870 401 2904 quod
431 2867 546 2905 gravis
578 2869 654 2896 odor
680 2868 776 2897 iuxta
805 2869 962 2898 acceden-

159 2919 207 2944 tes
237 2919 346 2945 necat:
390 2914 500 2949 (Idem
525 2917 687 2942 testantur
719 2913 786 2944 Cic.
824 2914 862 2942 de
893 2914 960 2943 div.

162 2958 198 2999 1,
221 2959 280 2999 36,
305 2959 348 2990 79
377 2965 406 2990 et
428 2960 513 2989 Plin.
540 2961 609 2989 NH.
635 2957 672 2998 2,
708 2956 771 2997 91,
805 2956 866 2997 95,
904 2959 959 2998 „in

1006 1263 1156 1298 Hirpinis
1177 1262 1351 1292 Amsancti
1371 1263 1412 1291 ad
1437 1261 1593 1297 Mephitis
1614 1262 1737 1291 aedem.
1763 1262 1811 1289 lo-

1006 1318 1080 1339 cum
1121 1318 1215 1345 quem
1260 1310 1316 1344 qui
1362 1309 1530 1336 intravere
1577 1307 1810 1343 inoi·iuntur.“]

1006 1357 1085 1385 adeo
1124 1360 1158 1384 ut
1194 1355 1348 1385 victimae
1377 1355 1466 1383 circa
1497 1356 1582 1382 hunc
1613 1355 1718 1382 locum
1746 1361 1810 1381 uon

1006 1402 1267 1439 immolarentur,
1323 1401 1381 1429 sed
1435 1401 1530 1428 odore
1585 1399 1723 1434 perirent
1771 1400 1812 1428 ad

1007 1455 1126 1482 aquam
1153 1445 1373 1483 applicatae.“
1401 1448 1432 1474 S.
1482 1447 1601 1474 Putant
1627 1453 1712 1474 nunc
1737 1453 1812 1474 esse

1010 1491 1174 1522 Fricenti.
1224 1493 1302 1523 Loci
1328 1496 1445 1521 natura
1468 1500 1554 1520 uunc
1579 1495 1720 1527 mutata,
1752 1491 1813 1519 sil-

1006 1547 1069 1568 vae
1094 1542 1222 1568 absunt.
1272 1540 1401 1568 Adesse
1429 1543 1539 1567 tamen
1563 1537 1681 1566 dicitur
1704 1539 1810 1572 lacrm,

1005 1592 1126 1622 magna
1150 1586 1186 1615 vi
1212 1590 1241 1614 et
1269 1585 1407 1620 strepitu
1439 1591 1559 1619 aquam
1586 1583 1748 1612 ebulliens
1781 1587 1811 1612 et

1005 1635 1194 1667 resorbeus3
1229 1636 1257 1660 et
1289 1632 1398 1666 ipsum
1429 1630 1598 1659 aediculae
1623 1631 1729 1658 locum
1760 1628 1811 1657 iu-

1006 1678 1140 1707 venisse
1177 1678 1309 1712 quidam
1342 1677 1406 1705 sibi
1439 1676 1535 1705 visus
1570 1679 1629 1704 est.
1667 1690 1704 1694 —
1739 1674 1813 1703 Alii

1006 1723 1076 1751 alia
1110 1725 1184 1752 loca
1225 1723 1478 1759 quaesiverunt,
1524 1721 1642 1755 quibus
1677 1720 1813 1756 Virgilii

1005 1771 1108 1797 verba
1146 1772 1230 1797 certe
1271 1776 1313 1797 ex
1345 1772 1436 1802 parte
1473 1768 1685 1803 quadrarent,
1727 1773 1812 1801 quae

1006 1822 1104 1849 quum
1127 1815 1229 1843 multa
1253 1814 1327 1842 eius
1351 1813 1480 1849 generis
1504 1812 1538 1840 in
1566 1812 1664 1840 Italia
1691 1815 1812 1850 esseut,

1006 1861 1102 1894 plura
1128 1864 1326 1896 repererunt,
1351 1859 1488 1894 quisque
1513 1866 1645 1886 novum.
1670 1873 1706 1877 —
1734 1855 1812 1887 Ita-

1007 1902 1078 1934 liae
1109 1903 1222 1935 medio
1264 1913 1329 1934 nou
1364 1906 1404 1934 ad
1434 1904 1594 1933 amussim
1617 1904 1814 1932 metiendum

1006 1959 1080 1980 esse
1097 1951 1210 1986 quivis
1235 1952 1330 1980 videt.
1378 1952 1426 1979 De
1439 1954 1603 1979 structura
1621 1950 1660 1979 cf.
1682 1947 1708 1987 1,
1733 1947 1811 1978 422.

1052 1995 1131 2026 568.
1162 1994 1294 2037 Specus
1324 2001 1473 2026 neutrum
1505 1996 1582 2025 facit
1607 1996 1700 2032 VgL,
1731 1995 1811 2024 Ovi—

1006 2042 1080 2071 dius
1111 2043 1331 2072 masculinum
1361 2044 1404 2071 M.
1442 2040 1479 2079 7,
1511 2040 1588 2070 409.
1640 2038 1698 2077 11,
1735 2039 1813 2078 235,

1006 2088 1052 2117 ita
1073 2089 1148 2117 Hor.
1175 2089 1210 2118 C.
1259 2086 1296 2126 3,
1324 2086 1383 2125 25,
1406 2085 1443 2125 2,
1467 2088 1661 2116 femininum
1687 2087 1812 2116 Ennius

1007 2141 1059 2168 ap.
1083 2135 1245 2163 Servium.
1296 2133 1343 2163 Cf.
1373 2132 1409 2170 4,
1446 2130 1523 2161 462.
1549 2148 1587 2153 -
1615 2133 1814 2170 „spiracula

1007 2184 1126 2209 vocant
1160 2180 1296 2214 spiritus
1321 2176 1461 2208 letales“
1488 2186 1530 2207 ex
1554 2181 1641 2206 terra
1670 2178 1812 2207 emissos

1007 2226 1057 2253 Pl.
1082 2227 1103 2254 l.
1129 2226 1149 2254 l.
1183 2240 1221 2244 —
1250 2221 1348 2253 saeui
1374 2227 1503 2259 propter
1527 2230 1635 2253 acrem
1664 2224 1813 2259 odorem3

1009 2271 1057 2300 sic
1079 2278 1187 2300 saeva
1219 2266 1387 2309 Mephitis
1412 2277 1445 2298 v.
1471 2266 1525 2297 84.
1553 2284 1591 2288 —
1620 2270 1728 2298 Locus
1753 2276 1813 2298 au-

1008 2321 1072 2346 tem
1100 2317 1146 2345 ita
1171 2316 1379 2345 describitur:
1416 2315 1527 2344 Vallis
1553 2319 1602 2343 est
1622 2315 1700 2343 altis
1721 2323 1814 2344 mon-

1008 2363 1094 2392 tibus
1119 2363 1243 2397 cincta3
1269 2362 1304 2390 lii
1328 2361 1440 2390 densis
1462 2360 1562 2389 silvis
1589 2361 1687 2389 obsiti
1707 2360 1814 2395 ipsam

1008 2410 1133 2438 vallem
1153 2412 1310 2444 opacantz
1336 2416 1354 2436 e
1377 2415 1477 2442 specu
1492 2413 1597 2441 aquae
1616 2408 1813 2440 sulphureae

1010 2456 1165 2490 prodeunt
1191 2458 1221 2483 et
1246 2461 1387 2488 vapores
1422 2452 1581 2488 pestiferi3
1619 2456 1814 2487 quapropter

1008 2502 1187 2530 descensus
1204 2502 1341 2529 habetur
1359 2500 1401 2528 ati
1423 2498 1560 2533 inferos3
1587 2498 1682 2527 rivus
1707 2502 1814 2527 autem

1008 2549 1109 2577 multo
1134 2547 1263 2583 fragore
1286 2553 1342 2580 per
1367 2552 1453 2574 saxa
1478 2544 1674 2573 devolvitur.

1056 2590 1133 2622 569.
1160 2594 1263 2632 rupto
1288 2587 1502 2628 Acheronte,
1528 2594 1679 2626 prorupto
1712 2590 1751 2620 cf.
1783 2587 1815 2629 1,

1055 2682 1132 2714 570.
1157 2678 1339 2721 „Condita
1386 2677 1541 2721 Eriny83
1592 2682 1652 2710 alii
1698 2679 1817 2712 condit

1007 2732 1118 2767 legunt
1143 2733 1173 2758 et
1199 2736 1235 2758 se
1257 2725 1488 2757 subaudiunt.“
1522 2728 1554 2756 S.
1603 2729 1725 2756 Tamen
1749 2727 1815 2756 nisi

1008 2778 1123 2806 terras
1149 2783 1176 2804 c.
1212 2771 1233 2803 l.
1260 2774 1372 2811 eiicis,
1403 2769 1522 2803 condit
1555 2777 1644 2802 stare
1670 2782 1731 2802 nou
1758 2781 1815 2808 po-

1007 2826 1083 2858 test3
1111 2826 1214 2850 ortum
1238 2819 1375 2848 fortasse
1400 2819 1489 2856 iude,
1523 2821 1606 2854 quod
1632 2820 1706 2854 quis
1734 2827 1814 2848 con-

1009 2865 1087 2897 dita
1115 2864 1246 2906 Erinys
1272 2865 1457 2901 recitatum,
1490 2867 1576 2894 male
1603 2865 1729 2899 excepit
1760 2864 1814 2893 lit-

1008 2914 1094 2943 teris.
1148 2909 1219 2942 Pl„-
1258 2917 1386 2940 numen
1419 2907 1550 2950 Erinys
1577 2907 1735 2941 condidit
1762 2908 1815 2940 in-

1007 2957 1121 2989 visum
1150 2960 1181 2988 et
1208 2958 1232 2988 t.
1260 2965 1286 2987 c.
1313 2953 1457 2986 levavit.
