2023 3350
225 148 306 186 323
798 138 833 169 P.
859 135 1059 169 vath
1085 134 1298 169 MARoxrs

227 257 427 290 memoriam
454 254 702 286 sceleratorum
730 256 761 283 ct
788 260 993 293 poenarum.
1044 250 1230 282 Summum
1258 253 1373 282 autem
1389 252 1442 281 est
1463 256 1610 280 aureum
1636 243 1724 278 illud
1744 244 1877 277 dictum

225 305 352 335 {list-ile
377 303 557 332 iustitiam
586 299 718 330 moniti
738 300 774 328 el:
797 308 865 328 uon
899 299 1056 327 {evenere
1082 295 1190 327 clii-os.
1218 314 1263 317 —-—
1288 296 1364 327 Non
1393 294 1510 337 potuit
1531 293 1566 325 in
1591 293 1736 324 Tartaro
1765 295 1878 323 certos

226 349 279 380 sui
308 346 476 388 temporis
505 344 665 376 homines
700 351 912 382 memorare,
946 341 1040 383 quod
1073 341 1154 373 fecit
1185 342 1296 373 Dante
1329 351 1368 372 ex
1399 340 1561 373 carminis
1595 337 1762 375 consili0;
1797 346 1877 368 nam

226 393 365 426 Aeneas
391 392 473 424 haec
506 390 605 430 xidit,
630 399 700 421 non
727 393 831 430 poeta
857 392 918 420 aut
942 397 1035 419 unus
1061 397 1099 419 ex
1126 387 1201 419 eius
1225 386 1444 428 aequalibus.
1494 385 1605 427 (Fecit
1631 385 1662 426 8,
1689 383 1787 423 600.)

321 440 391 470 lam
418 437 452 468 in
480 435 612 478 Elysio,
638 435 710 467 illis
737 434 869 476 campis
892 433 1154 465 amoenissimis
1179 432 1449 471 fortunatorum,
1476 432 1536 473 qni
1562 433 1731 473 perpetua
1757 428 1880 461 fruun-

225 491 280 517 tur
306 482 532 520 beatitudine,
559 486 655 519 sunt,
677 480 738 522 qui
764 490 827 522 pro
856 480 966 522 patria
989 483 1203 521 pugnarunt,
1231 478 1290 519 qui
1318 479 1402 511 casti
1422 478 1566 510 fuerunt
1589 475 1800 514 sacerdotes,
1822 473 1883 515 qui

225 535 318 562 vates
341 529 417 571 puri
452 533 484 560 ct
510 528 655 568 integri,
691 527 751 568 qui
778 525 914 558 artibus
944 525 1130 557 hominum
1159 524 1261 556 vitam
1297 523 1521 556 excoluerunt
1551 527 1583 555 et
1610 525 1791 560 ornarunt,
1823 519 1883 561 qui

226 575 456 608 beneficentia
478 583 542 605 sua
569 572 656 605 alios
680 573 854 604 iuverunt.
905 572 1028 613 ltaque
1055 580 1165 612 quum
1191 570 1227 601 in
1252 570 1396 601 Tartaro
1419 570 1500 608 sint,
1529 568 1587 611 qui
1610 567 1706 599 omni
1731 567 1881 598 aliorum

231 632 311 654 cura
338 619 540 664 posthabita
568 619 625 651 sui
641 623 777 650 tantum
804 626 1020 658 suarumque
1042 616 1273 658 cupiditatum
1303 616 1470 648 rationem
1491 613 1688 653 habuerint,
1712 613 1746 644 in
1764 611 1883 654 Elysio

228 668 449 709 recipiuntur
476 675 618 705 omnes,
653 665 711 706 qni
737 664 879 705 ingenio
904 668 937 695 et
961 662 1095 695 viribus
1125 662 1198 694 suis
1225 661 1266 693 ad
1300 661 1496 703 augendam
1524 660 1672 693 aliorum
1698 658 1882 690 hominum

226 714 280 745 usi
307 717 393 745 sunt
419 712 634 744 felicitatem.
685 710 723 742 Id
749 716 865 742 autem
891 714 944 742 est
971 709 1164 751 praemium
1191 708 1350 745 virtutiS,
1376 707 1469 749 quod
1498 706 1636 739 solutos
1663 705 1768 743 curis,
1794 713 1883 746 quae
1933 740 1935 744 Α

223 761 353 801 grafia
379 758 464 799 sni!
504 759 609 795 vinis,
644 757 764 788 eadem
796 758 966 798 sequitur
998 755 1132 787 tellure
1172 756 1345 796 repostos.
1418 753 1514 793 Quae
1555 756 1671 794 potest
1701 751 1814 782 maior
1840 748 1882 782 ab

228 805 371 837 homine
397 804 480 845 fingi
508 800 671 836 felicitas!
702 804 823 844 Neque
850 801 910 834 ille
935 800 1077 833 Aeneae
1103 804 1140 832 et
1165 799 1341 832 Anchisae
1366 807 1576 842 congressus
1599 807 1661 829 sua
1688 801 1782 829 caret
1808 795 1886 828 dul-

227 851 362 884 cedine.
411 849 458 882 At
481 849 550 881 iarn
566 849 608 882 ad
638 848 756 880 locum
784 847 1011 891 pervenimus
1037 847 1147 879 totius
1173 845 1252 877 libri
1279 849 1312 878 et
1339 845 1448 877 totius
1474 844 1639 876 carminis
1665 842 1885 884 primarium.

319 896 355 929 Si
381 897 524 928 Tartaro
555 900 589 928 et
622 894 743 937 Elysio
772 893 1017 927 describendis
1044 893 1221 925 deterrere
1252 891 1399 923 omnino
1424 890 1535 923 voluit
1556 888 1722 922 mortales
1746 898 1764 920 a
1788 888 1884 920 vitiis

228 947 261 975 et
288 942 331 975 ad
347 943 492 975 virtutes
518 941 703 980 exhortari,
726 941 794 972 iam
819 939 885 973 hoc
907 939 983 972 loco
1010 941 1250 971 Romanorum
1268 936 1342 970 vult
1370 937 1515 968 incitare
1538 936 1690 977 ingenia,
1706 936 1884 966 Romanas

229 994 268 1021 ut
301 993 392 1021 artes
422 987 464 1020 ab
497 987 655 1030 antiquis
688 987 835 1019 traditas
880 985 997 1019 colant
1027 990 1060 1017 ct
1096 988 1296 1024 exerceant,
1333 987 1372 1015 ut.
1409 982 1509 1015 factis
1551 986 1704 1023 aequent
1736 981 1884 1012 virtutes

227 1036 413 1067 maiorum.
463 1035 532 1066 Res
563 1035 741 1065 Romanas
766 1042 831 1065 suo
861 1031 1017 1071 carmini,
1044 1030 1151 1072 quod,
1180 1039 1267 1072 quae
1292 1028 1402 1061 multo
1429 1033 1508 1061 ante
1533 1029 1681 1060 Romam
1708 1026 1885 1059 conditam

228 1082 318 1113 sacta
346 1084 455 1119 erant,
486 1079 666 1118 narrabat,
702 1089 772 1111 non
798 1082 937 1120 poterat
961 1077 1088 1110 inferre
1119 1076 1238 1115 aliter,
1266 1085 1370 1117 quam
1398 1073 1728 1111 vaticinationibus;
1755 1071 1887 1115 quibus

227 1137 316 1159 usus
343 1130 396 1159 est
420 1127 490 1158 iam
517 1127 543 1165 1,
570 1126 635 1158 263
664 1129 697 1156 ct
726 1126 756 1163 8,
781 1126 859 1157 626.
922 1123 988 1156 Sed
1019 1133 1128 1165 quum
1161 1132 1299 1154 omnem
1332 1121 1472 1153 Aeneae
1507 1129 1672 1158 errorem,
1696 1119 1886 1160 omniaque

229 1174 304 1206 eius
331 1172 416 1205 facta
442 1176 626 1214 propterea
649 1175 824 1209 narraret,
860 1169 955 1212 quod
982 1169 1063 1201 inde
1092 1178 1217 1201 caussa
1244 1173 1277 1200 et
1303 1168 1401 1209 origo
1428 1168 1559 1199 Romae
1585 1165 1830 1207 deduceretur,
1850 1164 1884 1196 id

229 1229 332 1252 suum
368 1217 555 1250 consilium
589 1226 659 1249 non
697 1221 833 1259 poterat
865 1216 1028 1257 assequi,
1061 1215 1108 1251 si,
1141 1214 1240 1255 quasi
1281 1213 1376 1245 aliud
1414 1222 1520 1254 agens
1561 1217 1593 1244 et
1630 1216 1808 1253 tamquam
1842 1210 1886 1243 ad

230 1264 427 1298 ornandum
452 1273 590 1296 carmen
612 1263 757 1295 variaret
776 1261 920 1300 colores,
952 1271 1022 1293 uno
1050 1260 1201 1292 alterove
1230 1259 1306 1291 loco
1325 1260 1504 1290 Romanos
1528 1257 1712 1290 inferebat.
1764 1258 1886 1298 ltaque

231 1316 264 1343 et
291 1311 429 1353 plenius
462 1314 494 1342 et
527 1309 684 1352 apertius
721 1307 949 1340 indicandum
977 1311 1058 1339 erat.
1133 1307 1254 1347 Neque
1285 1305 1384 1337 locus
1412 1304 1577 1336 carminis
1603 1313 1672 1345 quo
1698 1302 1733 1335 id
1760 1302 1889 1335 faceret

232 1362 304 1390 erat
329 1357 453 1399 aptior,
479 1365 582 1397 quam
614 1365 718 1397 quem
747 1358 849 1397 pocta
875 1353 988 1395 elegit.
1039 1351 1177 1384 Aeneas
1207 1352 1297 1383 enim
1326 1350 1503 1382 erroribus
1529 1349 1638 1381 finitis
1657 1349 1788 1381 Italiam
1818 1349 1888 1381 iam

231 1403 388 1443 contigit,
416 1402 476 1434 sed
503 1401 545 1433 ad
571 1401 683 1442 gravia
711 1401 837 1432 iterum
865 1399 959 1432 bella
988 1408 1024 1431 se
1043 1402 1148 1440 parat.
1199 1397 1299 1429 Unde
1323 1397 1458 1438 cognita
1477 1401 1696 1438 posterorum
1724 1395 1832 1436 gloria
1855 1400 1890 1427 et

231 1448 406 1492 potentia,
435 1458 452 1479 a
481 1447 548 1479 diis
575 1448 661 1490 ipsis
688 1451 891 1488 procurata,
923 1455 992 1478 non
1024 1444 1186 1476 fortunae
1215 1453 1251 1475 se
1276 1443 1380 1475 sentit
1411 1442 1599 1483 circumagi
1626 1440 1799 1480 ludibrio,
1825 1441 1885 1473 sed

232 1494 425 1527 maioribus
452 1493 530 1525 fatis
555 1504 593 1526 se
619 1493 697 1525 duci
724 1492 900 1533 intelligit.
970 1492 1083 1531 Quare
1110 1491 1178 1522 iam
1206 1500 1275 1521 non
1304 1494 1416 1531 potest
1444 1488 1639 1530 desperare,
1665 1497 1727 1519 nec
1754 1487 1891 1519 dubitat

230 1542 398 1573 virtutem
431 1539 616 1572 extendere
652 1539 770 1578 factis,
807 1547 869 1570 nec
901 1542 1016 1569 metus
1051 1547 1130 1569 eum
1167 1534 1329 1577 prohibet
1364 1534 1522 1566 Ausonia
1555 1534 1764 1566 consister&
1785 1538 1886 1566 terra.

231 1586 407 1618 Videmus
440 1586 546 1627 igitur
574 1584 784 1627 Virgilium,
819 1594 929 1625 quum
962 1582 1084 1615 laudes
1111 1586 1291 1624 quaereret
1324 1583 1581 1618 Romanorum,
1616 1589 1687 1612 rem
1712 1580 1759 1611 ita
1786 1580 1888 1611 insti-

231 1633 356 1672 tuisse,
386 1635 423 1663 ut
440 1631 501 1663 tali
528 1631 632 1663 modo
652 1631 807 1662 Aeneam
836 1629 963 1661 firmari
990 1629 1090 1671 plane
1109 1628 1213 1660 fuerit
1238 1628 1488 1660 necessarium.
1539 1626 1595 1658 Sic
1613 1625 1717 1658 simul
1737 1625 1887 1658 alterum

231 1679 379 1711 alterum
408 1678 519 1709 iuvat:
547 1687 585 1709 ex
608 1676 699 1709 bello
726 1676 819 1708 enim
843 1675 975 1707 Rutulo
1004 1675 1156 1716 aliquam
1185 1684 1343 1706 caussam
1361 1672 1542 1715 quaesivit,
1568 1676 1607 1703 ut
1633 1670 1777 1703 inferret
1795 1672 1888 1704 hunc

231 1724 274 1757 ad
301 1723 437 1755 Inferos
464 1723 691 1759 descensum;
727 1732 766 1754 ex
799 1722 971 1753 descensu
1009 1721 1246 1759 intelligimus
1272 1719 1406 1752 bellum
1427 1719 1500 1750 fore
1526 1717 1788 1760 gratissimum,
1826 1727 1890 1750 nec

234 1770 328 1812 quod
356 1769 509 1800 humana
535 1778 600 1811 ope
625 1768 755 1810 deponi
785 1777 889 1810 posse
916 1767 1083 1799 videatur.
1136 1768 1208 1797 Iam
1234 1775 1314 1797 vero
1333 1765 1471 1797 Aeneas
1495 1764 1537 1796 ad
1565 1768 1697 1805 patrem
1722 1764 1888 1806 pervenit,

232 1825 340 1859 quum
370 1815 458 1847 forte
484 1814 659 1847 Anchises
681 1816 860 1846 Romanos
880 1812 1017 1845 futuros
1036 1816 1203 1844 recenset.
1256 1813 1305 1843 lta
1331 1810 1429 1843 nullo
1458 1810 1598 1850 negotio
1628 1809 1676 1847 fit,
1695 1815 1730 1842 ut
1749 1809 1889 1842 Aeneas

233 1872 292 1895 eos
320 1861 433 1903 possit
460 1859 620 1893 lustrare.
674 1861 716 1891 Ut
744 1864 860 1891 tamen
881 1860 947 1891 iam
976 1860 1009 1891 in
1037 1858 1156 1900 Elysio
1177 1857 1315 1889 futuros
1336 1866 1413 1889 esse
1429 1857 1608 1887 Romanos
1632 1855 1889 1898 comprobaret,

231 1917 319 1940 usus
353 1910 406 1938 est
432 1906 490 1938 illa
519 1906 696 1944 doctrina,
720 1906 789 1937 iam
816 1904 857 1937 ab
885 1904 1147 1946 antiquissimis
1174 1903 1318 1945 populis
1346 1903 1490 1941 tradita,
1517 1911 1585 1943 qua
1612 1906 1706 1933 certo
1733 1907 1891 1944 tempore

234 1954 419 1986 hominum
442 1952 579 1985 animae
604 1952 641 1984 in
669 1957 795 1984 terram
821 1951 935 1983 redire
963 1949 1205 1983 credebantur.
1257 1950 1395 1981 Aeneae
1422 1953 1549 1986 autem,
1577 1946 1743 1980 omnibus
1765 1957 1890 1990 presso

231 2001 320 2032 *itae
344 1999 544 2037 aerumnis,
578 2003 609 2030 et
637 1998 732 2040 quod
760 1998 819 2038 qui
853 2007 1011 2038 unquam
1039 1996 1208 2028 liberatus
1244 2000 1335 2028 esset
1361 2005 1398 2027 ex·
1427 2003 1572 2036 corpore
1600 1998 1753 2032 terreno,
1790 1994 1825 2026 in
1854 1993 1888 2026 id

232 2044 355 2078 rexerti
381 2044 493 2083 vellet,
520 2044 661 2076 miranti
689 2043 861 2075 Anchises
888 2053 1026 2075 omnem
1054 2052 1170 2074 rerum
1196 2042 1352 2074 ordinem
1376 2041 1527 2083 exponit.
1578 2040 1616 2071 In
1645 2040 1700 2078 iis,
1727 2049 1816 2082 quae
1847 2040 1889 2072 de

234 2095 352 2123 mente
384 2091 502 2122 omnia
529 2095 669 2131 regente
697 2094 729 2121 et
765 2094 872 2120 totam
903 2089 1085 2121 materiam
1116 2093 1328 2130 permeante,
1355 2096 1444 2128 qnae
1472 2086 1514 2118 de
1543 2085 1677 2123 origine
1705 2090 1737 2117 et
1768 2091 1890 2118 natura

233 2136 451 2173 animalium,
482 2136 523 2168 de
550 2146 694 2178 corpore
714 2136 871 2167 animum
894 2135 1053 2167 tardante
1080 2139 1112 2165 et
1139 2134 1180 2165 de
1209 2138 1287 2165 ortu
1314 2138 1347 2166 et
1373 2142 1499 2174 genere
1527 2131 1758 2172 cupiditatum
1787 2131 1891 2164 refert

232 2188 346 2226 poeta,
375 2187 517 2214 secutus
544 2186 598 2214 est
625 2182 775 2214 Zenonis
804 2180 1030 2223 disciplinam
1058 2190 1075 2211 a
1103 2181 1272 2212 Romanis
1308 2180 1455 2211 maxime
1482 2177 1609 2210 cultam
1638 2181 1668 2209 et
1695 2177 1890 2219 probatam.

233 2229 285 2265 ld.
311 2228 516 2270 quicunque
539 2227 637 2260 illius
666 2228 860 2259 doctrinam
893 2227 1114 2269 crgnoverit,
1143 2226 1241 2258 facile
1270 2224 1457 2266 intelliget,
1485 2228 1518 2256 et
1544 2227 1660 2265 potest
1684 2223 1785 2255 etiam
1812 2223 1890 2256 loco

232 2274 404 2317 Diogenis
429 2273 577 2314 Laertii,
611 2284 715 2319 quem
743 2273 861 2305 attulit
893 2274 960 2305 iam
998 2271 1184 2304 Lerschius
1210 2272 1315 2312 antiq,
1348 2271 1440 2311 Yirg.
1466 2279 1499 2311 p.
1538 2270 1619 2302 134.
1647 2269 1890 2302 demonstrari.

232 2321 286 2353 Ibi
320 2321 412 2353 enim
450 2319 597 2361 legitur:
642 2318 741 2351 δοκεῖ
787 2315 818 2351 δ’
864 2315 994 2362 αὐζοῖς
1030 2318 1187 2356 (Stoicis)
1212 2313 1330 2358 (ἓρχὰς
1366 2311 1458 2347 εἶναι
1484 2314 1557 2346 τῶν
1597 2311 1692 2346 ὅλων
1732 2312 1811 2356 ὁύο,
1847 2313 1890 2348 τὸ

231 2366 367 2399 ποιοῦν
393 2364 455 2397 καὶ
481 2363 522 2397 τὸ
549 2361 702 2407 πάσχον·
728 2362 768 2396 τὸ
794 2361 860 2406 μὲν
886 2363 953 2396 οὐν
980 2360 1121 2405 πάσχον
1145 2359 1239 2395 εἶναι
1266 2360 1333 2404 τὴν
1360 2357 1494 2393 ἄποιον
1528 2355 1671 2397 οὐσίαν,
1711 2358 1779 2402 τὴν
1799 2356 1892 2403 ὕλην

233 2412 391 2454 (molem,
422 2412 620 2449 materiam)
644 2408 685 2442 τὸ
713 2407 751 2442 δὲ
777 2409 911 2441 ποιοῦν
937 2405 1004 2441 τὸν
1032 2405 1069 2440 ἐν
1093 2404 1187 2449 αὐτῇ
1213 2405 1321 2450 λόγον
1345 2408 1476 2447 (mens)
1509 2403 1574 2438 τὸν
1603 2403 1707 2438 θεόν.
1756 2405 1892 2438 τοῦτον

231 2455 303 2500 *feo
329 2453 458 2489 ἀΐδιον
490 2453 549 2489 διὰ
585 2453 704 2497 πάσης
735 2450 852 2496 αὐτῆς
887 2454 1121 2496 δημιουργεῖν
1155 2452 1289 2487 ἕκαστα
1322 2472 1367 2475 —-
1403 2446 1514 2485 Οὓτω
1541 2449 1585 2494 δὴ
1623 2449 1685 2483 καὶ
1716 2448 1782 2483 τὸν
1803 2447 1892 2484 ὅλον

231 2500 370 2545 κόσμου
407 2502 499 2546 ζῷον
534 2502 698 2544 (spiritus
729 2501 826 2553 intus
852 2500 926 2539 alit)
959 2494 1049 2531 ὄντα
1079 2497 1141 2531 καὶ
1169 2497 1358 2540 ἕμψυχους
1426 2502 1457 2530 et
1503 2496 1693 2530 Plutarcho
1732 2502 1821 2530 teste
1856 2495 1892 2529 οἱ

237 2546 395 2581 Στωικοὶ
428 2545 558 2589 νοερὸν
591 2544 684 2580 θεὸν
719 2545 993 2587 αποφαίυονται
1010 2569 1018 2582 ,
1140 2545 1284 2585 πνεῦμα
1321 2543 1447 2585 διῆκον
1472 2542 1511 2575 δι’
1539 2538 1628 2575 ὅλου
1658 2542 1725 2574 τοῦ
1750 2542 1890 2584 κόσμου

233 2601 349 2633 (mens
377 2593 494 2625 infusa
523 2603 582 2635 per
609 2592 735 2631 artus).
794 2591 874 2623 Alio
899 2590 975 2622 loco
1001 2591 1158 2623 Laertius
1191 2590 1313 2629 refert,
1342 2588 1485 2630 πνεῦμα
1511 2586 1692 2630 ἔνθερμον
1711 2585 1804 2621 εἶναι
1823 2584 1891 2629 τὴν

236 2637 359 2681 ψυχὴν
388 2640 518 2671 dixisse
552 2638 799 2674 Posidonium:
834 2641 867 2668 et.
907 2638 997 2668 Zeno
1037 2632 1074 2668 ἐν
1110 2636 1159 2680 τῷ
1196 2634 1278 2677 περὶ
1313 2633 1452 2667 παθῶν
1483 2630 1575 2666 εἶναι
1605 2630 1690 2676 γένη
1723 2630 1889 2674 τέτταρα,

234 2682 363 2726 λύπην,
391 2682 523 2728 φόβου,
550 2682 767 2725 ἐπιθυμίαν,
792 2678 932 2724 ἡδονήν
953 2681 1065 2714 docet.
1115 2683 1187 2714 Iam
1214 2691 1323 2723 quum
1343 2681 1483 2713 animus
1509 2680 1666 2722 corporis
1692 2683 1820 2712 attactu
1845 2677 1891 2709 sit

235 2732 508 2768 contaminatus,
535 2740 625 2772 quae
655 2733 707 2761 est
731 2729 836 2760 etiam
865 2728 1038 2760 sententia
1066 2728 1267 2767 Ciceronis,
1300 2736 1409 2768 quum
1445 2726 1523 2758 aliis
1552 2726 1587 2758 in
1616 2724 1720 2764 locis,
1753 2729 1826 2756 tum
1852 2723 1889 2754 in

234 2776 374 2808 somnio
401 2776 586 2818 Scipionis,
613 2775 673 2817 qul
697 2774 797 2807 locus
823 2773 1013 2815 virgiliano
1044 2778 1096 2806 est
1129 2774 1247 2815 aliquo
1276 2773 1381 2805 modo
1414 2772 1557 2804 similis:
1589 2780 1659 2803 non
1687 2769 1802 2802 statim
1828 2768 1890 2800 ubi

235 2831 252 2854 e
278 2831 424 2863 corpore
452 2823 618 2862 excessit,
651 2830 762 2864 purus
789 2825 842 2852 est
876 2824 909 2851 et
940 2818 1017 2851 labe
1049 2825 1160 2860 caret,
1194 2819 1255 2851 sed
1280 2818 1401 2850 multis
1434 2822 1467 2850 et
1494 2817 1596 2850 variis
1621 2813 1890 2858 purgationibus

237 2871 426 2907 exercetur,
455 2867 539 2899 dum
567 2877 690 2899 omnes
716 2866 874 2908 corporis
894 2870 1014 2907 pestes
1042 2865 1220 2897 excedant.
1275 2865 1383 2896 Purae
1412 2863 1553 2896 tandem
1579 2865 1613 2894 et
1636 2861 1806 2893 aetheriae
1829 2870 1890 2903 per

236 2913 331 2945 mille
358 2922 473 2945 annos
500 2923 609 2954 quum
635 2912 729 2954 apud
756 2911 892 2944 Inferos
919 2911 1149 2951 mansissent,
1182 2912 1309 2943 iterum
1336 2910 1484 2942 redeunt
1516 2909 1550 2940 in
1571 2907 1693 2948 vitam,
1729 2907 1889 2939 omnium

236 2968 353 2990 rerum
380 2962 619 2991 anteactarum
652 2959 739 2990 facta
771 2957 957 2990 oblivione.
1010 2957 1112 2996 Quod
1141 2957 1182 2989 ad
1206 2957 1306 2989 illum
1331 2955 1480 2998 pertinet
1499 2962 1668 2986 annorum
1690 2962 1889 2990 numerum,

238 3004 305 3035 iam
331 3008 453 3036 auctor
483 3009 535 3036 est
559 3004 655 3037 Plato
682 3006 767 3046 Rep.
795 3005 833 3040 5,
867 3004 933 3035 (315
956 3002 1015 3037 A..
1053 3008 1085 3035 et
1110 3003 1255 3036 candem
1284 3002 1478 3034 doctrinam
1511 2999 1649 3041 repetiit
1677 2998 1890 3032 Claudianus
