2023 3350
683 171 916 205 AENEIDOS
949 173 1037 205 LIB.
1068 173 1114 205 X.

1638 173 1719 213 523

79 289 218 339 Quum
253 285 382 341 pedes
416 284 577 326 incedit
611 285 742 327 medii
777 299 855 340 per
903 286 1094 327 maxima
1127 285 1256 328 Nerei

80 347 241 399 Stagna
276 343 388 385 viam
427 342 640 395 scindens,
674 343 853 384 humero
893 343 1182 397 supereminet
1220 341 1382 395 undas3

1646 345 1727 384 765

78 405 164 445 Aut
199 400 373 443 summis
407 399 597 441 referens
633 415 839 442 annosam
878 401 1099 442 montibus
1137 415 1292 443 ornum

79 459 407 513 Ingrediturque
446 458 537 499 solo
576 461 618 499 et
656 463 787 513 caput
830 459 942 500 inter
979 458 1129 500 nubila
1166 458 1333 500 condit:

79 517 192 560 Talis
221 529 265 557 se
303 515 435 556 vastis
474 515 605 557 infert
640 516 877 558 Mezentius
917 516 1059 558 armis.

81 574 190 617 Huic
224 575 373 614 contra
404 573 586 624 Aeneas,
615 574 863 629 speculatus
898 573 942 615 in
985 573 1157 627 agmine
1195 572 1347 626 longo,

82 631 239 674 Obvius
277 630 341 671 ire
374 634 514 683 parat.

575 631 723 673 Manet
751 632 1071 685 imperterritus
1106 630 1198 680 ille,

1647 633 1731 671 770

86 688 265 730 Hostem
300 689 621 741 magnanimum
658 689 910 743 opperiens,
952 693 994 730 et
1028 688 1143 729 mole
1183 700 1262 728 sua
1302 688 1406 737 stat,

78 748 221 799 Atque
255 745 389 787 oculis
428 746 617 800 spatium
659 761 874 799 emensus,
902 749 1110 801 quantum
1146 744 1251 786 satis
1290 743 1464 785 hastae:

78 804 264 854 Dextra,
302 803 406 844 mihi
446 804 569 855 deus,
605 808 648 846 et
685 805 838 856 telum,
883 804 997 858 quod
1037 802 1198 844 missile
1225 801 1358 853 libro,

79 861 203 902 Nunc
247 860 411 902 adsint!
454 875 585 903 voveo
624 861 857 916 praedonis
899 874 1080 915 corpore
1113 860 1251 914 raptis

78 918 282 960 Indutum
321 918 471 971 spoliis
504 920 643 974 ipsum
683 923 745 971 te,
779 920 938 970 Lause,
970 923 1199 972 tropaeum

319 977 457 1028 Dixit,
497 977 836 1031 stridentemque
874 977 1037 1018 eminus
1086 976 1257 1017 hastam

81 976 260 1017 Aeneae.

79 1033 202 1085 Iecit3
246 1037 292 1075 at
326 1034 403 1075 illa
436 1035 584 1077 volans
622 1035 761 1089 clipeo
797 1038 862 1076 est
896 1048 1093 1085 excussa,
1125 1031 1360 1087 proculque

80 1090 312 1145 Egregium
347 1092 541 1133 Antoren
575 1093 690 1134 latus
730 1093 843 1134 inter
880 1096 922 1133 et
957 1093 1032 1133 ilia
1072 1091 1184 1144 figit:

79 1148 276 1189 Herculis
311 1149 503 1191 Antoren
541 1150 758 1201 comitem,
796 1150 869 1204 qui
906 1150 1062 1191 missus
1102 1148 1156 1190 ab
1193 1146 1321 1199 Argis

80 1206 291 1247 Haeserat
330 1206 552 1257 Euandro,
594 1211 726 1262 atque
767 1207 886 1249 Itala
921 1205 1174 1249 consederat
1210 1204 1329 1246 urbe.

82 1263 301 1306 Sternitur
340 1264 492 1306 infelix
527 1265 666 1307 alieno
708 1265 906 1315 volnere,

1655 1205 1676 1242 7
1683 1204 1736 1242 80

946 1264 1196 1317 caelumque

80 1320 302 1374 Adspicit,
336 1326 380 1363 et
417 1322 563 1364 dulces
592 1323 778 1364 moriens
828 1322 1119 1364 reminiscitur
1147 1321 1298 1372 Argos.

81 1379 188 1420 Tum
226 1379 324 1433 pius
357 1380 522 1422 Aeneas
551 1380 724 1423 hastam
762 1380 885 1421 iacit:
928 1380 1006 1421 illa
1037 1393 1115 1433 per
1157 1377 1305 1419 orbem

80 1437 191 1478 Aere
229 1450 381 1478 cavum
417 1438 600 1492 triplici,
646 1452 723 1492 per
764 1437 878 1479 linea
912 1441 1059 1491 terga,
1096 1435 1324 1488 tribusque

128 1576 205 1606 764.
228 1580 362 1620 stagna
386 1578 488 1607 maris
515 1578 556 1607 cf.
584 1576 612 1611 1,
639 1577 714 1607 125.

129 1623 206 1652 765.
235 1621 330 1653 viam
362 1621 521 1653 scindere
563 1629 594 1653 ut
630 1621 724 1653 viam
770 1631 887 1652 secare

83 1669 124 1699 cf.
149 1669 185 1707 6,
208 1669 286 1699 900.
310 1685 356 1689 —-
379 1667 610 1710 supereminet
643 1678 716 1699 cum
744 1677 815 1698 acc.
847 1669 888 1698 cf.

84 1714 121 1753 1,
147 1714 224 1744 501.
278 1717 396 1745 Avien.
428 1717 456 1744 d.
488 1720 509 1744 1.
534 1715 602 1744 610
628 1713 743 1745 Gadir
768 1723 890 1755 super-

88 1758 215 1790 eminet
239 1759 365 1790 undas.

134 1807 211 1835 767.
237 1809 325 1835 ltlem
359 1814 390 1835 v.
417 1804 456 1843 4,
482 1805 558 1835 177.

132 1851 210 1881 769.
237 1853 320 1887 „Hic
342 1853 471 1886 quidem
496 1852 697 1881 confidenter
718 1851 790 1880 dico
817 1858 892 1885 per-

91 1904 223 1926 versam
250 1906 328 1926 0880
353 1898 496 1932 agminis
514 1898 603 1932 longi
619 1897 891 1933 appellationem,

88 1951 172 1978 quae
200 1945 332 1978 longam
358 1944 496 1972 aliorum
525 1948 598 1978 post
626 1944 711 1972 alios
735 1944 891 1971 inceden-

89 1991 164 2018 tium
195 1990 316 2018 seriem
342 1989 525 2025 significat,
571 1997 638 2017 rem
663 1991 702 2019 ab
731 1991 792 2017 hoc
817 1991 892 2017 loco

88 2036 232 2064 alienam
265 2034 333 2070 (ἓ)
367 2035 592 2070 scriptumque
621 2044 638 2063 a
673 2039 769 2070 poeta
803 2040 893 2070 puto,

89 2082 174 2116 quod
207 2081 239 2109 in
264 2081 378 2109 codice
402 2081 666 2115 Minor-augiensi
699 2084 748 2109 est
776 2077 893 2120 longe,

89 2135 130 2156 eo
163 2127 292 2161 quidem
323 2127 452 2164 magis,
499 2128 584 2161 quod
621 2127 654 2155 in
684 2128 711 2155 R
745 2134 763 2155 3
790 2126 895 2161 prima

91 2180 190 2202 manu
208 2177 259 2201 est
283 2170 429 2201 110)Ἒῖιὲι
468 2169 536 2201 Mo.

134 2218 212 2247 770.
239 2215 513 2257 imperterritus,
555 2225 653 2252 quam
688 2225 805 2245 vocem
842 2225 895 2246 re-

91 2264 170 2300 petit
196 2264 252 2292 Sil.
281 2263 340 2299 14,
370 2263 449 2301 188,
482 2264 645 2299 improbat
666 2264 773 2298 Quint.
800 2262 837 2300 1,
863 2262 894 2299 5,

92 2308 153 2348 65,
193 2311 278 2344 quod
312 2310 439 2338 duabus
473 2310 778 2345 praepositionibus
812 2309 896 2337 inter

93 2363 131 2384 se
162 2356 383 2390 pugnantibus
421 2357 605 2391 composita
636 2356 688 2384 sit.
737 2356 894 2384 Eiusdem

95 2406 193 2430 notae
218 2406 267 2429 est
295 2399 494 2438 indefessus
521 2401 580 2439 ll,
605 2401 683 2430 651.
734 2402 795 2430 Ov.
818 2403 894 2429 Met.

96 2446 135 2481 9,
164 2446 237 2475 199.
287 2449 366 2476 Τ30.
392 2448 454 2476 An.
482 2447 541 2483 16,
571 2446 623 2476 12.
650 2451 680 2475 et
711 2447 898 2482 significant

95 2500 181 2528 ganz
208 2493 272 2520 und
296 2500 355 2528 gar
381 2493 469 2521 1110111
493 2495 704 2525 erschreckt,
727 2494 835 2522 mtide.

141 2537 216 2566 771.
247 2535 336 2567 mole
359 2547 422 2567 sua
450 2540 536 2569 stat:
564 2540 709 2568 firmatur
732 2539 806 2574 ipsa
833 2545 896 2568 sua

94 2583 316 2619 magnitudine
353 2589 383 2612 et
424 2585 604 2622 gravitate,
644 2585 689 2614 ita
717 2585 747 2622 7,
773 2583 840 2613 589
865 2588 895 2612 et

95 2632 176 2659 Luc.
210 2629 245 2667 1,
283 2627 345 2658 136
390 2638 439 2664 sq.
479 2638 697 2670 quercus...
721 2638 783 2659 nec
825 2627 896 2658 iam

95 2672 228 2705 validis
260 2672 439 2704 radicibus
468 2671 615 2705 haerens
641 2673 796 2716 pondere
815 2673 896 2715 fixa

99 2729 174 2751 suo.

143 2765 221 2795 773.
245 2767 286 2795 Ut
312 2768 375 2794 hoc
401 2767 474 2795 loco
499 2768 616 2803 telum,
650 2767 695 2795 ita
726 2769 822 2795 hasta
850 2765 900 2793 in-

97 2817 238 2842 vocatur
259 2811 310 2847 12,
335 2810 390 2840 95.
430 2827 474 2831 —
512 2814 598 2840 Mez.
630 2813 725 2840 deum
752 2816 900 2840 contem-

98 2863 170 2895 ptor
195 2866 259 2887 non
289 2858 430 2886 advocat
457 2858 538 2886 deos
564 2858 596 2886 in
623 2858 805 2892 auxilium,
837 2864 900 2885 nec

99 2905 161 2934 (1118
187 2905 364 2939 quidquam
392 2908 509 2939 vovet,
551 2904 610 2932 sed
645 2911 708 2932 sua
737 2904 769 2931 vi
796 2903 900 2931 fretus

101 2955 151 2980 est
178 2955 208 2978 ut
233 2951 321 2979 Aiax
348 2957 400 2983 ap.
425 2951 525 2984 Soph.
550 2957 583 2977 v.
600 2948 669 2977 768
698 2956 748 2983 sq.
782 2953 811 2976 et
839 2948 903 2976 Ca-

101 3004 230 3032 paneus
272 3003 325 3031 ap.
349 2998 429 3025 Stat.
458 2997 560 3024 Theb.
587 2993 628 3030 3,
653 2993 736 3023 615:

101 3038 187 3071 mihi
210 3049 339 3070 numen
366 3043 398 3070 et
425 3038 528 3077 ensis,
554 3048 652 3080 quem
680 3041 787 3069 teneo.

149 3085 224 3115 774.
249 3083 441 3128 praedonis
478 3088 626 3117 Aeneae.
679 3087 731 3114 Ita
766 3086 830 3114 iam
873 3081 904 3121 7,

790 2990 904 3022 virtus

934 1577 1002 1607 362
1034 1578 1150 1606 dicitur
1175 1577 1330 1611 Aeneas,
1363 1573 1417 1608 qui
1439 1575 1536 1602 locus
1564 1575 1650 1602 hunc
1678 1582 1740 1602 ex-

936 1625 1051 1660 plicat.
1079 1638 1123 1643 —
1148 1624 1277 1657 Lause,
1312 1625 1343 1649 tu
1370 1620 1503 1649 indutus
1530 1620 1597 1648 eris
1622 1620 1740 1655 spoliis

936 1672 1073 1699 Aeneae
1118 1668 1275 1697 detractis
1308 1667 1405 1701 quasi
1434 1670 1624 1702 tropaeum,
1664 1666 1684 1694 i.
1711 1674 1740 1694 e.

938 1716 1068 1750 insigne
1095 1715 1257 1744 victoriae
1289 1720 1394 1742 meae.
1423 1727 1461 1731 —
1490 1709 1610 1740 adsint
1642 1711 1684 1740 cf.
1712 1711 1740 1749 l,

941 1761 1017 1790 734.

985 1806 1064 1835 777.
1091 1802 1171 1834 iecit
1217 1805 1253 1833 at
1293 1802 1396 1832 111290
1434 1810 1501 1831 rec.
1549 1799 1633 1843 H'g.
1677 1799 1741 1832 Rb.

938 1849 1019 1881 iecit
1045 1847 1091 1879 ad
1116 1852 1176 1886 Rb,
1212 1846 1292 1878 iecit
1319 1848 1383 1877 Ml.
1431 1849 1469 1877 In
1491 1848 1567 1876 aliis
1585 1851 1669 1877 Mss.
1691 1853 1743 1877 est

940 1894 1068 1934 iniicz't,
1095 1893 1248 1932 coniicit,
1274 1891 1386 1930 eiicit,
1416 1894 1512 1923 varia
1536 1902 1656 1923 versus
1682 1902 1743 1923 ex—

943 1943 1053 1979 plendi
1069 1942 1252 1978 conamina,
1277 1946 1451 1976 postquam
1477 1940 1557 1968 illud
1578 1942 1614 1969 at
1633 1948 1743 1968 errore

943 1989 1105 2019 omissum
1132 1993 1212 2016 erat.
1248 2003 1293 2006 —
1324 1988 1430 2015 Hasta
1455 1986 1582 2021 stringit
1607 1987 1742 2014 Aeneae

942 2036 1083 2070 clipeum
1116 2038 1146 2062 et
1176 2033 1304 2062 deflexa
1333 2032 1364 2060 in
1390 2033 1513 2060 Antore
1556 2032 1671 2067 figitur.
1698 2047 1743 2051 --

939 2078 1075 2122 procul,
1099 2079 1199 2108 tantis
1230 2078 1354 2107 viribus
1378 2078 1466 2106 iacta
1487 2082 1549 2107 est.

954 2159 956 2161 ,
987 2126 1066 2155 778.
1092 2124 1258 2155 Amorem
1285 2125 1414 2163 Mpnyc
1445 2122 1597 2152 Antoren
1623 2126 1640 2152 b
1666 2128 1695 2152 et
1710 2127 1742 2152 S.

943 2173 1014 2207 qui:
1044 2172 1125 2210 „erit
1156 2171 1379 2200 nominativus
1402 2169 1454 2197 hic
1478 2168 1636 2206 Antores,
1662 2177 1745 2204 quo-

942 2220 1038 2248 modo
1070 2215 1204 2246 Diores.
1252 2219 1333 2245 Nam
1355 2215 1384 2244 si
1410 2214 1520 2244 Antor
1556 2215 1649 2243 fuerit
1683 2223 1744 2243 no-

943 2264 1142 2299 minativus,
1181 2262 1274 2291 metri
1304 2261 1386 2290 ratio
1415 2268 1479 2289 non
1504 2259 1673 2295 procedit“
1699 2261 1746 2290 si-

943 2310 1073 2346 quidem
1085 2312 1210 2339 Graece
1230 2308 1379 2343 flectitur,
1395 2314 1460 2335 non
1477 2307 1602 2335 Latine.
1635 2306 1746 2336 Anto-

942 2364 1003 2385 ren
1028 2363 1093 2384 rec.
1122 2351 1191 2383 Hn.
1222 2351 1306 2393 Wg.
1335 2350 1394 2381 Rb.

990 2400 1066 2430 779.
1098 2397 1228 2429 Missus
1249 2399 1376 2434 fingitur
1400 2400 1439 2426 ab
1465 2404 1505 2426 ea
1530 2399 1626 2433 urbe,
1661 2399 1746 2427 unde

945 2451 1062 2483 sponte
1088 2446 1260 2482 profectus
1292 2450 1361 2479 est;
1411 2443 1461 2472 sic
1493 2441 1532 2478 6,
1564 2442 1642 2471 813.
1691 2444 1746 2473 sic

946 2494 1091 2524 virbium
1115 2493 1146 2524 7,
1169 2490 1235 2520 762
1262 2487 1384 2520 Aricia
1410 2486 1516 2517 misit.

989 2538 1068 2568 780.
1098 2535 1252 2567 Haerere
1281 2533 1390 2564 alicui
1419 2535 1536 2563 dicitur
1565 2542 1678 2563 comes
1705 2535 1745 2564 cf.

942 2583 979 2621 4,
1005 2582 1049 2613 73
1084 2588 1114 2612 et
1143 2583 1225 2611 Plin.
1253 2584 1310 2617 Ep.
1336 2582 1366 2618 7,
1390 2578 1445 2609 27.
1488 2595 1526 2599 -—
1580 2582 1614 2609 Is
1640 2581 1747 2618 igitur,

944 2637 1055 2660 amore
1081 2628 1227 2658 Evandri
1252 2633 1380 2662 captus,
1417 2626 1449 2654 in
1474 2626 1571 2654 Italia
1588 2628 1748 2656 remansit

945 2682 975 2705 et
1002 2683 1075 2704 cum
1097 2676 1248 2703 Pallante
1275 2674 1308 2702 in
1335 2674 1454 2701 bellum
1483 2671 1653 2706 profectus
1684 2678 1746 2703 est.

991 2720 1069 2749 781.
1095 2717 1211 2748 alieno
1242 2716 1385 2747 vnlnere
1416 2718 1435 2745 i.
1465 2725 1493 2746 e.
1523 2720 1587 2746 telo
1619 2727 1681 2747 non
1715 2720 1747 2748 in

945 2775 1010 2797 sua
1033 2768 1172 2795 vulnera
1197 2765 1310 2793 misso.
1343 2760 1485 2794 Caelum
1501 2761 1673 2804 adspicit:
1699 2766 1747 2795 Cf.

948 2820 1032 2848 quae
1055 2814 1093 2840 ad
1123 2811 1154 2848 4,
1179 2809 1244 2839 692
1275 2811 1359 2839 dicta
1385 2813 1470 2839 sunt.

996 2856 1073 2885 782.
1099 2857 1230 2886 Patriae
1255 2856 1420 2885 desiderio
1445 2855 1574 2890 capitur
1590 2855 1748 2892 moriens,

950 2904 1005 2938 qui
1028 2905 1112 2937 quod
1139 2903 1239 2931 noluit
1272 2903 1304 2931 in
1338 2902 1475 2938 patriam
1511 2908 1582 2930 cum
1605 2903 1749 2930 Hercule

950 2947 1084 2983 reverti,
1113 2949 1145 2977 in
1169 2948 1280 2977 aliena
1304 2953 1391 2977 terra
1417 2948 1586 2976 occiditur.

996 2993 1073 3023 784.
1104 2991 1199 3023 linea
1217 2995 1340 3034 terga.-
1366 2993 1470 3033 „Lino
1487 2993 1572 3022 enim
1594 2995 1750 3028 tegeban-

948 3045 1000 3070 tur
1027 3044 1142 3073 scuta,
1183 3043 1215 3068 ut
1249 3044 1365 3075 posset
1390 3040 1563 3069 inhaerere
1590 3036 1751 3075 pictura.“

952 3090 985 3116 S.
1018 3088 1083 3116 Sed
1114 3086 1207 3115 aliter
1234 3091 1333 3122 poeta
1361 3094 1429 3115 rem
1454 3085 1519 3115 sibi
1538 3085 1666 3116 videtur
1690 3087 1749 3116 fin-
