2023 3350
733 131 971 166 AENEIDOS
1001 133 1087 167 LIB.
1120 134 1178 166 IV.

1697 135 1776 173 197

124 248 164 299 Ι,
204 260 350 299 soror,
391 248 523 300 atque
558 244 726 288 hostem
762 246 944 301 supplex
977 246 1128 289 adfare
1160 246 1417 301 superbum:

125 305 221 349 Non
255 318 334 359 ego
372 318 468 346 cum
500 303 665 346 Danais
704 303 934 346 Troianam
973 304 1223 347 exscindere
1255 307 1426 360 gentem

1694 307 1776 345 425

125 361 281 404 Aulide
320 361 477 413 iuravi,
519 361 753 404 classemve
790 362 847 403 ad
877 363 1089 417 Pergama
1122 363 1240 415 misi;

122 421 212 462 Nec

252 419 394 474 patris
428 418 644 461 Anchisae
684 420 869 461 cinerem
906 421 1107 463 Manesve
1142 420 1301 463 revelli.

125 477 212 520 Cur
249 491 345 519 mea
384 476 504 519 dicta
540 481 672 531 negat
708 477 838 519 duras
876 477 1104 520 demittere
1141 479 1186 520 in
1223 476 1380 520 aures?

123 535 217 586 Quo
256 535 377 576 ruit‘?
416 538 656 577 extremum
691 534 774 577 hoc
812 536 995 577 miserae
1028 536 1102 578 det
1139 550 1294 578 munus
1328 533 1513 577 amanti:

121 593 358 647 Exspectet
392 591 651 646 facilemque
688 592 833 646 fugam
868 596 1104 648 ventosque
1138 593 1335 635 ferentes.

1691 592 1776 632 430

121 650 219 692 Non
254 650 342 692 iam
376 650 623 704 coniugium
660 651 905 705 antiquum,
947 651 1064 706 quod
1098 651 1307 705 prodidit,
1345 664 1435 702 oro,

119 709 209 750 Nec
248 708 432 762 pulchro
469 712 519 749 ut
549 709 676 750 Latio
715 713 862 750 careat
895 722 1161 763 regnumque
1197 709 1437 762 relinquat:

122 766 307 819 Tempus
345 766 471 807 inane
505 769 626 820 pete,
665 766 857 820 requiem
894 767 1169 821 spatiumque
1201 766 1350 819 furori,

121 824 234 865 Dum
272 837 368 865 mea
397 837 464 865 me
502 824 662 865 victam
702 823 856 866 doceat
894 824 1073 866 fortuna
1111 824 1268 866 dolere.

121 882 374 923 Extremam
408 881 520 923 hanc
553 895 628 923 oro
665 882 852 934 veniam,
894 882 1098 924 miserere
1135 882 1308 924 sororis.

1692 883 1774 922 435

124 939 282 995 [Quam
317 939 424 981 mihi
459 954 590 994 quum
629 939 819 993 dederis,
859 939 1124 982 cumulatam
1161 943 1300 981 morte
1333 938 1583 992 remittam]

121 1098 173 1122 tur
196 1092 299 1121 nuntii
325 1091 432 1121 officia
459 1096 623 1121 exsecuta
652 1097 712 1121 est.
763 1094 855 1121 Hanc
885 1095 925 1121 ab

119 1140 238 1168 Aenea
281 1138 471 1173 praestitam
511 1138 605 1166 fidem
646 1139 767 1166 invidet
806 1139 925 1167 Annae

121 1192 261 1219 eamque
286 1184 435 1220 incusat,
469 1184 565 1217 quasi
594 1191 668 1211 eum
697 1184 816 1218 perfido
845 1192 925 1212 con-

120 1231 196 1260 silia
228 1230 365 1258 iniisset.
409 1231 528 1257 Exstat
551 1230 637 1263 apud
659 1229 813 1263 antiquos
837 1229 924 1258 fama

119 1278 184 1305 huc
217 1276 395 1311 pertinens.
451 1277 563 1311 „Sane
600 1275 771 1304 sciendum
800 1276 923 1303 Varro—

118 1330 194 1351 nem
225 1322 334 1350 dicere
365 1322 515 1350 Aeneam
553 1322 593 1349 ab
624 1321 721 1349 Anna
756 1318 923 1349 amatum“

120 1370 152 1397 S.
180 1368 222 1396 ad
245 1367 282 1403 5,
309 1365 340 1395 4.

165 1412 241 1442 424.
271 1409 411 1442 Hostem
440 1411 505 1440 iam
530 1411 621 1447 dicit,
653 1419 718 1440 non
751 1408 923 1451 hospitem

119 1463 152 1488 ut
183 1457 260 1487 323.
320 1454 515 1498 Superbus,
548 1465 645 1491 quum
677 1466 743 1486 non
775 1457 923 1486 flectatur

120 1504 274 1541 precibus
301 1508 332 1532 et
356 1504 499 1532 miseriis
520 1503 670 1532 Didonis.

167 1549 245 1579 425.
270 1552 336 1579 Iam
367 1550 445 1577 nihil
475 1557 512 1578 se
545 1549 756 1578 commisisse
785 1550 922 1577 demon-

119 1599 212 1632 strat,
240 1603 304 1630 quo
328 1596 468 1630 potuerit
493 1595 612 1624 offendi
630 1596 776 1624 Aeneas.
817 1595 922 1624 Simul

119 1643 228 1672 studio
249 1642 408 1670 retinendi
438 1644 574 1676 abrepta
606 1642 715 1676 ipsum
743 1641 922 1676 alloquitur

118 1685 210 1727 (non
244 1684 353 1727 ego),
389 1695 454 1716 non
487 1687 646 1723 praecipit
672 1688 807 1724 Annae,
847 1687 920 1721 quid

118 1734 180 1763 sibi
214 1733 386 1761 dicendum
423 1733 587 1762 videatur.
628 1749 673 1753 ——-
719 1730 922 1762 exscindere

117 1781 260 1821 gentem
286 1783 316 1807 ut
344 1778 381 1816 9,
411 1777 488 1813 137,

164 1824 242 1853 426.
269 1825 401 1859 Aulide,
420 1824 579 1853 Boeotiae
598 1829 702 1859 portu.
724 1832 785 1858 quo
808 1823 925 1853 Graeci

119 1872 252 1900 'froiam
273 1870 449 1905 profecturi
476 1874 712 1906 convenerant,
740 1870 805 1898 nisi
826 1870 925 1898 'l'roia

120 1923 244 1945 eversa
267 1924 333 1945 non
359 1924 558 1945 reversuros
585 1924 622 1944 se
646 1917 846 1944 iuraverunt.

165 1960 243 1990 427.
270 1962 306 1990 Si
336 1962 506 1990 revellitur
537 1962 638 1997 cinis,
677 1962 774 1990 etiam
807 1968 924 1990 manes

120 2009 327 2037 revelluntur
357 2007 398 2036 cf.
429 2006 485 2036 29.
538 2009 575 2036 Id
608 2015 688 2035 vero
727 2011 796 2035 erat
831 2015 924 2036 sum-

120 2061 207 2083 ntum
240 2054 354 2090 nefas,
399 2055 579 2087 scelusque
613 2057 726 2081 contra
760 2057 921 2087 cognatos

119 2101 336 2128 commissum
369 2100 454 2133 quod
488 2098 606 2127 ulcisci
632 2099 804 2126 debebant.
855 2098 923 2127 Cic.

119 2148 220 2175 'l'usc.
254 2145 279 2181 l,
308 2144 358 2180 1⁶2,
382 2144 437 2173 27.
456 2161 500 2164 —
518 2146 598 2173 'Pale
625 2144 749 2177 aliquid
776 2144 924 2171 commit-

120 2197 188 2220 tere
207 2193 377 2226 debebam,
406 2194 436 2219 ιιι
454 2192 601 2220 Aeneas.
629 2191 712 2224 quod
735 2189 834 2218 nullis
853 2197 924 2217 mo—

119 2241 217 2266 vetur
235 2237 401 2273 precibus,
426 2242 538 2271 posset
558 2243 735 2264 excusare.
776 2232 922 2263 cinerem

119 2285 161 2312 Μ.
190 2280 321 2312 cineres
347 2284 402 2322 Py.
430 2291 495 2311 rec.
524 2279 587 2311 Rb.
613 2297 658 2301 —
682 2283 792 2321 negat
821 2280 927 2309 MlP2

119 2330 224 2370 neget
251 2327 351 2358 M2Pl
382 2336 448 2357 rec.
478 2325 539 2356 Rb.

165 2373 243 2403 429.
275 2371 350 2412 Quo
374 2372 444 2403 ruit
470 2379 645 2411 „properat
673 2374 745 2402 sine
770 2376 924 2407 respectu

121 2417 276 2449 salutis.“
310 2422 342 2448 S.
392 2422 462 2449 Non
495 2420 538 2448 ita
571 2427 622 2448 me
656 2419 775 2453 oderit,
811 2422 840 2446 ut
874 2426 925 2446 me

42 2478 63 2490 ·,
119 2466 252 2501 fugiens
278 2467 334 2493 vel
358 2473 452 2494 suam
479 2467 620 2494 salutem
644 2465 799 2499 negligat.
823 2479 866 2483 —
888 2466 926 2492 Et

62 2518 64 2530 ¹
120 2511 233 2539 fecerit
252 2511 329 2539 mihi
353 2516 491 2547 gratum,
516 2511 546 2540 si
571 2512 666 2539 modo
695 2512 827 2539 salvum
851 2517 926 2538 eum

120 2557 154 2585 in
180 2556 306 2585 ltaliam
334 2562 567 2590 perventurum
597 2563 734 2591 sperare
760 2556 899 2590 possim.

167 2599 244 2630 430.
275 2598 406 2630 Facitis
434 2600 533 2640 fuga
567 2606 634 2638 est,
684 2602 716 2629 in
758 2608 823 2635 qua
860 2610 925 2630 non

122 2651 173 2677 est
198 2650 292 2677 labor
317 2652 372 2676 aut
400 2648 600 2682 periculum,
641 2654 725 2681 quae
757 2647 786 2675 tit
818 2647 925 2675 ventis

121 2694 314 2722 serentibus.
364 2695 412 2721 De
439 2701 504 2732 que
528 2692 568 2721 cf.
593 2694 618 2721 Ι.
643 2700 716 2720 exc.
741 2708 785 2711 ——
808 2694 927 2721 ventos

70 2740 71 2753 ¹
116 2737 274 2779 serentes
300 2738 341 2767 cf.
366 2738 403 2776 3,
427 2737 504 2767 473.

167 2783 244 2813 431.
274 2785 357 2814 Nolit
396 2785 525 2818 timere,
577 2791 617 2812 ne
652 2783 751 2811 velim
792 2782 923 2810 omnino

72 2845 75 2856 ι
122 2831 280 2867 retinere,
310 2838 417 2864 neque
443 2837 541 2864 spero
570 2829 667 2858 etiam
695 2836 780 2857 nunc
806 2829 925 2857 coniu-

123 2877 228 2913 gium,
268 2877 354 2910 quod
386 2876 507 2911 perfide
539 2875 686 2909 reliquit,
721 2878 795 2909 peto
828 2875 924 2902 modo

74 2923 76 2925 ’
123 2925 253 2957 tempus
276 2922 422 2956 aliquod,
449 2922 533 2956 quod
555 2922 702 2956 Aeneae,
729 2920 784 2953 qui
803 2920 925 2948 tamdiu

77 2972 79 2993 1
122 2970 243 2997 volens
279 2970 318 2996 ab
348 2968 443 2997 Italia
475 2969 585 3004 abest,
618 2974 682 2994 non
710 2969 819 3001 potest
848 2973 926 2994 esse

79 3033 81 3042 t
122 3014 234 3049 magni
256 3013 421 3043 momenti.

170 3057 247 3088 432.
277 3056 442 3098 Pulchro,
474 3060 583 3097 „quod
609 3058 657 3087 illi
682 3058 852 3093 pulchrum
878 3057 929 3084 vi-

973 1090 1099 1122 detur.·²
1125 1096 1175 1126 S.,
1209 1100 1283 1121 cum
1308 1091 1415 1121 ironia
1441 1091 1581 1128 dictum,
1611 1097 1709 1125 quum
1735 1098 1775 1118 ne

973 1139 1099 1167 noverit
1127 1139 1269 1172 quidem.

1016 1183 1094 1212 433.
1121 1186 1257 1223 tempus
1281 1180 1397 1212 inane.
1448 1181 1495 1211 ef.
1515 1182 1576 1210 Ov.
1591 1182 1683 1210 Rem.
1701 1181 1774 1210 Ant.

971 1229 1038 1258 277
1065 1226 1117 1258 Ne
1141 1237 1308 1269 properes
1334 1236 1404 1262 oro,
1434 1224 1596 1267 spatium
1613 1234 1678 1267 pro
1699 1234 1775 1255 mn-

969 1283 1052 1304 nere
1076 1283 1199 1314 posco3
1224 1271 1317 1313 Quid
1340 1271 1455 1303 minus
1479 1269 1596 1312 optari
1615 1280 1680 1312 per
1699 1279 1777 1300 mea

970 1322 1053 1350 vota
1079 1323 1203 1360 potest.
1254 1322 1330 1349 Her.
1355 1320 1393 1355 7,
1423 1318 1487 1347 178
1516 1315 1584 1347 Pro
1611 1326 1670 1358 spe
1695 1326 1777 1346 con-

971 1363 1066 1406 iugii
1095 1368 1251 1406 tempora
1281 1373 1395 1405 parva
1428 1367 1526 1405 peto,
1563 1361 1645 1392 dnm
1677 1361 1776 1401 freta

971 1411 1154 1441 mitescunt
1181 1415 1213 1441 et
1237 1419 1346 1447 amor,
1373 1408 1454 1440 dum
1478 1412 1632 1450 tempore
1655 1411 1687 1439 et
1711 1417 1777 1438 usu

965 1455 1111 1496 fortiter
1134 1455 1249 1487 edisco
1272 1453 1390 1487 tristia
1414 1464 1515 1496 posse
1537 1453 1627 1496 pati.

1018 1502 1093 1532 435.
1123 1500 1281 1538 veniam3
1322 1500 1572 1538 „beneficium.⁴‘
1609 1504 1641 1530 S.
1700 1502 1774 1530 Ter.

972 1551 1049 1579 Hec.
1084 1547 1120 1578 4.
1153 1549 1190 1586 2,
1223 1549 1268 1578 29
1314 1545 1364 1578 Mi
1391 1550 1519 1589 gnate,
1560 1544 1607 1576 da
1635 1543 1775 1575 veniam

968 1593 1060 1624 lianc
1087 1591 1190 1632 mihi,
1217 1591 1322 1624 reduc
1347 1591 1446 1623 illam
1473 1593 1514 1622 cf.
1544 1592 1578 1630 1,
1605 1591 1683 1621 519.

1014 1640 1091 1670 436.
1119 1649 1223 1680 qnam
1249 1637 1335 1669 mihi
1360 1648 1464 1680 quum
1492 1635 1631 1667 dederis
1657 1646 1778 1666 cumu—

969 1684 1080 1716 latam
1107 1688 1217 1716 morte
1241 1683 1429 1715 remittam.
1470 1687 1583 1722 „Haec
1602 1692 1697 1713 nemo
1715 1691 1777 1712 un-

970 1741 1067 1768 quam
1094 1732 1269 1769 intellexit,
1294 1739 1401 1766 neque
1427 1727 1620 1766 intelliget.“
1650 1726 1700 1759 ΡΙ.
1722 1729 1776 1764 qui

975 1787 1005 1808 v.
1027 1777 1093 1807 435
1111 1782 1141 1807 et
1161 1776 1228 1806 436
1244 1779 1341 1806 delet.
1390 1777 1489 1813 „Mihi
1513 1777 1644 1812 quidem
1670 1775 1777 1804 fateor

972 1825 1114 1854 nondum
1153 1824 1257 1852 videri
1296 1823 1485 1858 expeditum
1523 1825 1610 1851 hunc
1647 1823 1775 1857 locum3

972 1878 1011 1899 ac
1035 1878 1165 1905 vereor,
1190 1878 1230 1898 ne
1252 1869 1283 1898 in
1302 1869 1488 1904 desperatis
1509 1868 1681 1897 habendus
1699 1864 1775 1896 sit.“

980 1914 1063 1956 Wg.
1113 1917 1204 1944 Haec
1229 1917 1298 1944 VV.
1326 1915 1498 1950 sagacium
1523 1913 1689 1943 sententia
1717 1913 1778 1942 ad-

972 1965 1035 1991 ltuc
1061 1963 1161 1990 valet.
1211 1963 1279 1990 Iam
1312 1961 1437 1995 antiqui
1467 1961 1663 1995 interpretes
1695 1960 1776 1987 hae-

971 2010 1102 2043 rebant,
1130 2012 1160 2036 ut
1184 2008 1340 2043 servius,
1368 2011 1396 2035 et
1427 2007 1517 2035 varie
1542 2007 1645 2034 verba
1669 2009 1776 2033 tenta·

970 2056 1063 2089 bant,
1100 2057 1133 2081 ut
1171 2053 1353 2082 scriberent
1389 2053 1502 2081 etiam:
1550 2059 1652 2090 quam
1691 2046 1778 2078 mihi

971 2107 1075 2138 quum
1115 2095 1252 2128 dederit
1286 2095 1468 2126 cumulata
1504 2098 1629 2134 morte,
1678 2103 1776 2131 quum

972 2144 1120 2179 plerique
1144 2146 1226 2172 Mss.
1251 2145 1426 2173 exhibeant
1454 2140 1592 2171 dederis
1617 2139 1777 2170 cumuta-

973 2192 1067 2224 tam‚·
1102 2197 1165 2217 nec
1195 2190 1302 2217 minus
1338 2189 1369 2217 in
1396 2185 1572 2217 remittam
1605 2191 1633 2215 et
1668 2184 1776 2215 relin-

974 2243 1076 2274 quam
1109 2235 1238 2264 variant
1277 2234 1357 2262 libri.
1414 2233 1539 2268 Quodsi
1570 2232 1709 2261 Servius
1742 2231 1775 2260 in

973 2288 1047 2309 eum
1080 2288 1222 2308 errorem
1258 2280 1411 2308 inductus
1446 2282 1513 2315 est,
1553 2281 1584 2306 ut
1624 2285 1644 2306 a
1675 2277 1775 2307 Vario

972 2331 1003 2354 et
1038 2329 1149 2355 Tucca
1184 2325 1294 2354 varias
1332 2325 1493 2353 lectiones
1532 2323 1660 2352 additas
1696 2330 1776 2351 esse

975 2376 1118 2407 putaret,
1156 2371 1209 2405 qui
1243 2371 1272 2400 si
1294 2371 1477 2400 Aeneidem
1501 2369 1632 2398 edidere
1664 2371 1695 2396 et
1722 2376 1776 2396 re—

974 2426 1152 2454 censuere,
1185 2422 1272 2445 certe
1306 2425 1371 2445 non
1401 2416 1555 2444 addidere
1587 2414 1701 2443 varias
1726 2415 1775 2442 le-

974 2464 1119 2493 ctiones:
1159 2471 1223 2491 non
1254 2466 1304 2491 est
1335 2464 1497 2491 absonum
1530 2467 1679 2496 sumere,
1713 2461 1775 2488 hos

975 2511 1058 2538 duos
1088 2516 1209 2537 versus
1236 2509 1364 2536 additos
1391 2510 1430 2536 ab
1460 2507 1524 2535 alio
1552 2510 1582 2534 et
1607 2507 1647 2534 ab
1674 2505 1775 2533 inter-

974 2556 1121 2591 pretibus
1151 2554 1295 2588 antiquis
1327 2554 1488 2589 genuinos
1524 2559 1601 2581 esse
1633 2550 1774 2580 habitos.

973 2618 1017 2621 —
1042 2601 1171 2629 Addidit
1206 2600 1353 2628 fortasse
1384 2598 1521 2634 aliquis,
1553 2597 1607 2625 cui
1626 2596 1710 2626 Dido
1744 2596 1776 2624 in

974 2647 1088 2675 mortis
1115 2646 1261 2681 periculo
1290 2653 1355 2673 non
1380 2645 1463 2673 satis
1486 2644 1637 2678 impense
1657 2649 1776 2677 rogare

973 2693 1157 2721 videbatur.
1213 2693 1246 2720 Is
1278 2690 1415 2719 addidit:
1464 2691 1544 2718 Peto
1573 2696 1594 2717 a
1622 2691 1652 2716 te
1691 2689 1776 2716 hanc

974 2738 1110 2773 gratiam
1136 2741 1317 2766 extremam
1344 2736 1405 2771 (ea
1429 2736 1461 2763 in
1485 2735 1557 2771 re),
1584 2734 1692 2771 „quod
1719 2735 1776 2762 be·

974 2783 1124 2812 neticiutn
1146 2790 1242 2816 quum
1269 2782 1346 2809 inihi
1365 2782 1564 2810 cumulatum
1590 2780 1629 2815 [i.
1650 2787 1678 2808 e.
1700 2782 1777 2814 post

972 2831 1073 2858 multa
1104 2828 1189 2863 alia)
1220 2827 1350 2856 dederis
1386 2826 1491 2862 [quod
1521 2830 1594 2862 post
1629 2833 1688 2854 oro
1716 2832 1778 2853 ve-

971 2872 1081 2907 niam,
1110 2872 1272 2902 miserere
1298 2870 1426 2901 sororis
1453 2872 1547 2901 unice
1571 2879 1687 2900 verum
1714 2873 1776 2907 est,

972 2929 1038 2949 non
1067 2916 1238 2954 dederit),
1267 2914 1362 2946 sola
1391 2921 1493 2947 morte
1518 2913 1776 2951 derelinquam.“

974 2969 1006 2994 S.
1057 2966 1122 2993 Sed
1146 2964 1200 2993 ubi
1225 2964 1344 2999 legitur
1367 2966 1429 2993 hoc
1450 2959 1554 2993 sola?
1602 2958 1776 2990 Schrade-

973 3018 1033 3039 νας
1064 3010 1148 3039 coni.
1180 3011 1287 3045 sorte,
1334 3018 1430 3044 quem
1466 3008 1614 3043 sequitur
1649 3003 1777 3035 Witms

981 3053 1087 3097 Prog.
1121 3052 1241 3085 Duisb.
1272 3054 1326 3084 65.
1380 3052 1443 3084 Rb.
1476 3050 1627 3090 dederit,
1657 3059 1778 3081 cumu-
