2023 3350
207 100 291 139 440

779 95 817 125 Ρ.
847 93 1044 126 VIRGan

1080 93 1293 127 MAROMS

207 210 339 251 Terra
375 208 521 247 autem
557 205 600 246 in
635 206 796 247 nostris
834 205 1050 258 manibus,
1086 210 1153 248 tot
1190 206 1347 258 millia,
1384 209 1533 261 gentes

206 268 338 308 Arina
374 263 519 304 ferunt
559 262 707 303 Italae.

774 263 845 304 Nil
882 276 949 304 me
989 263 1143 304 fatalia
1182 267 1358 315 terrent,

207 323 251 364 Si
286 334 372 374 qua
411 319 599 372 Phryges
630 332 736 372 prae
771 334 815 361 se
851 320 1017 361 iactant
1051 334 1260 374 responsa
1295 321 1482 363 deorum.

207 380 283 420 Sat
322 376 424 418 fatis
466 376 708 430 Venerique
746 377 916 428 datum,
955 376 1140 430 tetigere
1178 378 1295 431 quod
1329 392 1434 421 arva

206 434 381 477 Fertilis
426 433 641 475 Ausoniae
679 434 822 476 Troes.

206 493 317 533 Fata
355 490 480 542 mihi,
521 490 636 532 ferro
672 492 930 534 sceleratam
967 491 1216 533 exscindere
1253 495 1436 545 gentem,

210 549 400 602 Coniuge
433 552 684 602 praerepta,
718 563 795 591 nec
834 550 949 590 solos
985 549 1126 602 tangit
1160 547 1338 590 Atridas

206 607 293 648 Iste
335 606 480 656 dolor,
520 605 709 659 solisque
748 607 850 648 licet
890 619 1046 660 capere
1084 619 1206 647 arma
1242 605 1443 659 Mycenis.

209 663 293 705 Sed
324 663 504 716 periisse
538 663 669 704 semel
705 665 812 705 satis
851 668 926 705 est.
957 689 1014 694 —
1050 663 1235 705 Peccare
1270 662 1422 705 fuisset

208 722 320 761 Ante
361 720 485 771 satis,
525 721 696 774 penitus
730 721 857 762 inodo
898 735 983 762 non
1018 735 1150 774 genus
1192 734 1316 761 omne
1347 734 1523 774 perosos

208 777 466 819 Femineum.

537 777 700 828 Quibus
734 779 842 820 haec
875 778 1006 819 medii
1045 778 1204 820 fiducia
1235 776 1339 818 valli

208 835 526 887 Fossarumque
563 849 729 887 morae,
769 836 844 878 leti
883 835 1133 877 discrimina
1165 849 1312 889 parva,

209 892 325 933 Dant
361 891 538 933 animos.

209 949 401 1003 Neptuni
442 948 658 992 fabricata
698 965 829 992 manu
870 950 1093 992 considere
1124 951 1168 992 in
1207 949 1359 1003 ignes?

884 435 993 476 Sunt
1032 438 1074 476 et
1102 448 1199 475 mea
1239 438 1389 477 contra
1769 377 1850 418 135

1772 668 1853 707 140

607 893 664 934 At
700 907 784 934 non
823 893 1023 934 viderunt
1061 893 1230 934 moenia
1266 891 1419 934 Troiae
1773 952 1853 992 145

210 1006 293 1048 Sed
330 1019 422 1057 vos,
463 1019 487 1047 o
525 1006 647 1058 lecti,
678 1007 795 1049 ferro
833 1009 929 1061 quis
969 1007 1163 1050 scindere
1198 1007 1359 1048 vallum

209 1065 406 1117 Apparat
440 1066 483 1105 et
516 1078 680 1106 mecum
715 1065 880 1107 invadit
918 1065 1186 1119 trepidantia
1223 1063 1398 1106 castra?

209 1121 307 1162 Non
344 1120 476 1162 arinis
511 1121 615 1163 mihi
654 1123 852 1173 Volcani,
898 1136 984 1164 non
1021 1123 1137 1164 mille
1175 1122 1333 1164 carinis

210 1178 288 1219 Est
329 1192 436 1232 opus
475 1178 519 1220 in
555 1179 754 1221 Teucros.

211 1336 289 1366 tera.
317 1336 410 1367 terra,
436 1332 470 1361 in
495 1336 605 1362 nostra
627 1337 673 1362 est
700 1338 873 1369 potestate:
905 1341 1006 1369 quare

210 1378 361 1406 Troianis
385 1378 452 1406 iam
475 1378 558 1406 nihil
586 1383 685 1407 restat
710 1380 839 1408 auxilii.

259 1419 334 1450 132.
359 1423 419 1451 Tot
441 1423 534 1451 milia
556 1427 585 1452 et
607 1425 734 1459 quidem
758 1429 868 1461 gentes
892 1426 1007 1459 Italae,

211 1475 347 1502 quarum
375 1477 420 1497 sc.
455 1473 529 1497 nota
561 1474 609 1497 est
636 1469 795 1498 fortitudo.
846 1471 899 1499 Sic
925 1471 1008 1498 nude

211 1513 351 1548 positum
383 1510 501 1549 milia,
543 1518 577 1542 ut
615 1514 817 1551 intelligatur
856 1513 1008 1544 militum

211 1556 251 1593 8,
279 1556 355 1586 496.
405 1559 561 1595 „Comma
588 1564 656 1594 post
680 1558 781 1589 milia
806 1561 942 1598 sustuli,
975 1564 1007 1589 ut

211 1604 373 1632 sententia
397 1605 455 1632 sit:
497 1606 546 1633 tot
575 1602 676 1633 milia
702 1603 863 1644 efficiunt
884 1608 1010 1646 gentes

216 1646 347 1685 Italae,
378 1656 469 1688 qnae
501 1657 601 1678 arma
631 1649 780 1687 serunff‘
813 1648 877 1679 Rb.
912 1658 1009 1685 quam

211 1695 404 1723 sententiam
429 1698 525 1730 negat
552 1691 615 1723 Ld.
640 1696 674 1724 in
697 1696 806 1724 verbis
826 1697 944 1725 inesse.
967 1711 1004 1715 -

211 1741 329 1768 autem
354 1739 393 1767 cf.
421 1737 458 1776 7,
484 1737 561 1768 561.

260 1782 332 1812 133.
353 1782 494 1821 fatalia
520 1792 705 1824 responsa,
737 1786 854 1820 quibus
876 1787 1009 1815 Aeneas

211 1829 244 1857 in
268 1830 400 1858 Italiam
434 1831 542 1859 debuit
573 1831 686 1860 venire
717 1835 747 1859 et
770 1840 905 1868 regnum
932 1840 1009 1860 con-

211 1876 294 1903 dere.
331 1877 393 1904 Sed
407 1877 466 1905 hoc
482 1876 567 1904 silet.
605 1876 771 1904 Coniurate
787 1881 858 1911 post
873 1875 1009 1906 iactant

211 1922 338 1949 sublato
373 1923 454 1950 haec
491 1924 539 1949 est
577 1922 753 1950 sententia:
812 1924 881 1950 Non
912 1923 1007 1951 timeo

211 1972 294 2001 quae
317 1966 438 2002 fingunt
462 1974 621 2000 responsa
647 1968 777 1995 deorum
802 1968 841 1996 cf.
868 1965 905 2003 S,
934 1965 1007 1996 168.

262 2008 334 2039 135.
365 2009 431 2040 Sat
454 2008 598 2040 (latum.-
642 2014 710 2040 Iam
736 2013 802 2041 fata
829 2017 898 2041 rata
923 2016 1008 2050 sunt,

211 2057 294 2091 quod
323 2060 537 2090 pervenerunt
570 2057 603 2084 in
628 2058 776 2092 Italia1n;
809 2058 853 2086 ibi
886 2059 928 2086 iis
961 2063 1010 2087 est

211 2102 417 2136 pereundum.
455 2117 492 2121 —
527 2103 677 2142 tangere
717 2105 865 2140 terram,
904 2103 942 2132 cf.
978 2101 1008 2140 4,

212 2145 288 2175 658.

258 2189 332 2220 136.
358 2193 439 2221 sunt
462 2193 494 2221 et
514 2200 592 2221 mea
615 2194 748 2222 contra.
798 2195 866 2223 Hoc
888 2194 1008 2223 falsum

211 2242 271 2275 est,
297 2239 381 2272 quod
405 2238 482 2267 dicit
504 2239 651 2274 Turnus3
678 2240 734 2267 sed
756 2240 924 2269 mendacio
945 2240 1008 2268 uti-

211 2288 261 2312 tur
282 2291 336 2319 eo,
366 2284 449 2318 quod
474 2284 666 2319 redarguere
697 2292 789 2313 nemo
815 2289 929 2319 potest.

258 2326 334 2357 137.
361 2325 561 2357 exscindere
585 2331 726 2368 gentem
754 2327 790 2366 4,
825 2328 901 2359 425.
950 2338 1007 2360 ex-

211 2370 370 2402 scindere
393 2370 526 2402 hostem
551 2374 627 2403 Tac.
652 2375 694 2403 A.
718 2373 754 2412 2,
781 2373 834 2404 25.

256 2416 332 2447 138.
361 2415 512 2459 coniuge
550 2422 759 2457 praerepta.-
816 2422 886 2450 Iam
932 2429 1009 2450 con-

211 2465 317 2501 iugem
339 2464 417 2493 dicit
435 2464 625 2502 Laviniam,
650 2472 747 2500 quam
767 2468 857 2495 modo
882 2467 916 2494 in
938 2474 1009 2495 ma-

210 2510 396 2538 trimonium
422 2509 566 2543 petierat.
595 2525 632 2529 —
664 2517 725 2538 nec
751 2508 843 2539 solos
874 2513 936 2540 etc
968 2512 1006 2541 cf.

211 2552 601 2587 Hom.11.9.340uhi
622 2556 789 2585 Achilles:
811 2551 849 2605 ἠ
876 2553 1010 2605 μοῦνοι

207 2592 373 2651 φιλέουσ’
405 2592 564 2638 ἀλόχους
595 2593 766 2638 μερόπων
797 2592 1010 2639 ἀνθρώπων

207 2637 398 2683 Ἀτρεῖδαι,·
432 2646 478 2673 De
504 2646 614 2673 verbis
640 2646 680 2674 cf.
705 2647 764 2674 Ov.
791 2646 826 2675 Ρ
854 2643 884 2683 2,
910 2644 941 2683 3,
966 2644 1007 2674 63

211 2686 341 2728 quique
367 2687 468 2718 dolor
493 2691 615 2729 pectus
637 2687 813 2729 tetigisset
834 2688 1009 2720 Caesaris.

258 2732 333 2763 140.
364 2731 435 2763 Sed
466 2732 615 2774 periisse
645 2733 748 2764 semel
779 2737 842 2764 etc.
891 2737 954 2765 Pro
980 2740 1011 2765 et

211 2783 323 2808 contra
340 2780 480 2815 disputat
496 2780 559 2809 sic:
586 2781 695 2809 Potest
712 2781 834 2815 aliquis
852 2781 1008 2811 obiicere:

211 2825 294 2853 satis
318 2824 390 2861 fuit,
415 2827 499 2860 quod
523 2828 624 2854 semel
647 2826 746 2855 Troia
766 2830 813 2855 est
835 2827 1010 2856 exstincta.

212 2869 250 2896 Ei
276 2871 470 2904 respondeo:
513 2871 547 2898 Si
570 2873 671 2900 semel
694 2878 849 2906 peccasse
871 2871 1010 2906 [Paride

213 2915 363 2951 auctore]
398 2916 481 2945 satis
512 2915 631 2945 fuisset
661 2924 734 2953 eos,
768 2925 849 2952 quos
878 2918 1009 2946 omnino

214 2964 341 2993 propter
378 2968 493 2999 casuS,
534 2962 651 2996 quinus
690 2962 754 2992 acti
792 2965 867 2991 sunt
899 2967 1010 2998 erepta

819 1180 994 1222 Addant
1032 1195 1076 1222 se
1114 1180 1312 1236 protinus
1356 1191 1502 1220 omnes

1053 1335 1205 1371 muliere,
1251 1342 1362 1363 omnes
1398 1333 1536 1362 feminas
1570 1332 1681 1361 odisse
1716 1332 1852 1361 deceret.

1055 1382 1115 1409 Sed
1154 1381 1285 1409 ltaliam
1325 1379 1412 1408 nacti
1460 1379 1577 1407 iterum
1623 1382 1854 1415 peccaverunt,

1053 1426 1170 1454 iterum
1194 1425 1236 1453 iis
1263 1425 1462 1460 pereundum
1488 1424 1558 1452 erit.

1104 1479 1178 1510 141.
1206 1477 1306 1510 morlo
1348 1489 1414 1509 non
1448 1481 1607 1519 FMPybc.
1650 1482 1742 1510 Serv.
1789 1488 1854 1510 rec.

1063 1524 1146 1566 Wg.
1172 1535 1240 1555 non
1266 1523 1369 1555 modo
1394 1527 1433 1554 R.
1461 1524 1563 1554 modo
1591 1534 1683 1554 nnnc
1714 1528 1762 1555 ed.
1787 1526 1854 1555 Ve-

1056 1577 1130 1600 neta
1153 1573 1346 1608 „praeclara
1371 1569 1556 1606 scriptura⁴‘
1584 1568 1647 1600 Rb.
1677 1568 1706 1608 1,
1731 1580 1760 1607 p.
1786 1569 1852 1600 359

1056 1621 1183 1652 recepta
1215 1619 1255 1645 ab
1294 1625 1330 1645 eo
1369 1621 1399 1645 et
1436 1613 1500 1646 Ld.
1542 1631 1580 1636 —
1629 1614 1776 1647 Penitus
1813 1619 1855 1646 ad

1053 1670 1196 1702 perosos
1223 1662 1367 1697 pertinet.
1416 1662 1463 1690 Cf.
1495 1659 1524 1690 1.

1106 1716 1178 1746 142.
1206 1715 1331 1757 quibus
1364 1718 1509 1747 animum
1543 1718 1619 1747 facit
1650 1721 1710 1748 hoc
1741 1727 1854 1756 unum,

1056 1765 1137 1798 quod
1165 1764 1248 1792 inter
1268 1764 1358 1798 ipsos
1379 1768 1409 1792 et
1429 1766 1539 1792 hostes
1564 1764 1695 1792 interest
1715 1765 1853 1801 vallum,

1056 1811 1139 1844 quod
1166 1809 1273 1838 fossas
1298 1816 1463 1844 permeare
1488 1816 1611 1838 moram
1637 1810 1744 1845 affert3
1770 1817 1855 1844 quae

1056 1864 1108 1883 res
1130 1856 1220 1883 niodo
1246 1863 1300 1889 per
1320 1857 1421 1884 breve
1440 1859 1567 1890 tempus
1587 1859 1720 1884 mortem
1743 1863 1854 1884 eorum

1057 1901 1170 1935 poterit
1195 1902 1369 1929 retardare.
1406 1916 1443 1920 -
1477 1899 1654 1935 fossarum
1678 1909 1798 1930 morae
1821 1905 1857 1930 ut

1056 1954 1172 1974 moras
1199 1943 1332 1974 loricae
1361 1943 1416 1983 10,
1444 1943 1520 1974 485.
1570 1946 1617 1975 Cf.
1644 1944 1681 1983 6,
1709 1943 1783 1976 177,

1107 1999 1178 2030 144.
1214 2001 1253 2031 At
1285 2010 1353 2030 non
1387 2003 1470 2031 ete„-
1516 2003 1578 2031 Sed
1610 2004 1766 2038 tunonlodo
1794 2005 1856 2033 hae

1056 2055 1108 2076 res
1133 2048 1278 2076 animum
1303 2047 1408 2076 facere
1428 2052 1564 2082 possunt
1587 2048 1640 2084 iis,
1666 2048 1722 2083 qui
1742 2057 1854 2078 muros

1056 2100 1075 2122 a
1099 2094 1169 2122 deis
1193 2097 1377 2122 exstructos
1409 2101 1557 2122 corruere
1588 2093 1762 2122 viderunt?
1804 2096 1855 2123 Ita

1057 2140 1094 2167 at
1122 2147 1189 2167 non
1224 2139 1374 2167 firmatur.
1424 2139 1545 2167 Tamen
1577 2146 1623 2166 an
1653 2147 1740 2175 non,
1771 2141 1854 2174 quod

1056 2185 1120 2213 iam
1144 2184 1253 2213 Servii
1284 2189 1425 2218 tempore
1457 2192 1521 2213 non
1554 2184 1663 2213 minus
1693 2191 1790 2219 quam
1816 2186 1855 2214 at

1055 2238 1121 2258 non
1149 2230 1183 2257 in
1204 2232 1283 2258 Mss.
1309 2223 1393 2267 era‘t,
1429 2237 1492 2258 non
1514 2229 1622 2258 minus
1648 2232 1783 2265 probum
1811 2230 1853 2261 cf.

1055 2272 1093 2311 7,
1120 2273 1195 2304 363.

1102 2327 1178 2359 145.
1205 2328 1386 2360 considere
1408 2328 1442 2359 ἱη
1470 2327 1572 2371 ignes
1597 2334 1630 2359 ut
1655 2328 1693 2368 2,
1717 2327 1794 2360 624.

1105 2374 1178 2405 146.
1206 2374 1266 2405 secl
1292 2384 1352 2405 vos
1374 2377 1564 2415 FMPRybc,
1589 2380 1698 2405 tamen
1726 2373 1789 2407 Rb.
1822 2379 1854 2405 et

1062 2418 1122 2451 Ld.
1151 2419 1198 2450 sic
1224 2430 1291 2460 vos,
1317 2429 1499 2457 versusque
1518 2419 1582 2450 146
1606 2426 1636 2451 et
1656 2418 1722 2449 147
1744 2425 1853 2450 trans-

1055 2467 1160 2495 ferunt
1174 2471 1245 2502 post
1269 2476 1301 2496 v.
1318 2465 1370 2495 72.
1384 2483 1421 2487 -
1441 2464 1659 2506 quiscindere
1672 2468 1853 2506 FMPRybc

1056 2521 1118 2541 uno
1151 2515 1268 2550 verbo,
1309 2516 1343 2541 ut
1375 2516 1405 2541 et
1440 2509 1517 2552 quis
1548 2512 1653 2548 possit
1681 2513 1791 2542 inesse
1822 2515 1853 2541 et

1056 2555 1125 2596 qui.
1161 2573 1199 2577 —
1233 2555 1390 2587 scindere
1417 2554 1550 2586 vallum
1577 2558 1694 2587 dicitur
1716 2555 1782 2586 524
1810 2556 1852 2587 cf.

1056 2601 1092 2637 6,
1119 2600 1184 2630 583
1211 2607 1241 2631 et
1265 2610 1316 2638 ap.
1345 2603 1439 2632 Caes.
1464 2604 1528 2631 BG.
1555 2601 1592 2640 3,
1618 2603 1649 2632 5.
1679 2602 1718 2638 5,
1743 2599 1796 2631 51.

1104 2645 1177 2676 1⁴7.
1207 2645 1426 2687 trepidantia
1449 2651 1577 2685 castra,
1601 2649 1635 2676 in
1652 2648 1768 2682 quihus
1786 2647 1852 2676 for-

1055 2693 1176 2722 midine
1196 2694 1356 2728 trepidant
1373 2694 1506 2731 milites,
1532 2693 1572 2722 cf.
1601 2691 1629 2730 1,
1655 2691 1731 2728 355,
1755 2695 1789 2721 ut
1809 2701 1852 2722 ex

1057 2747 1093 2767 eo
1117 2739 1326 2775 intelligitur,
1352 2741 1435 2774 quod
1456 2740 1612 2768 excedere
1635 2745 1697 2766 non
1720 2739 1850 2767 audent.

1106 2781 1179 2812 148.
1204 2792 1273 2812 non
1301 2782 1410 2813 armis
1449 2780 1606 2820 Volcani,
1633 2782 1750 2817 quibus
1769 2791 1851 2812 usus

1056 2832 1105 2858 est
1126 2829 1287 2858 Achilles.
1336 2831 1445 2864 Neque
1469 2835 1561 2858 arma
1586 2828 1699 2856 habult
1720 2829 1851 2858 Turnus

1056 2882 1077 2903 a
1100 2874 1250 2904 Vulcano
1274 2874 1378 2911 faeta,
1414 2876 1471 2903 sed
1501 2875 1593 2903 modo
1622 2873 1765 2909 gladium
1798 2871 1850 2913 12,

1057 2918 1111 2948 90.
1138 2935 1175 2939 -
1202 2928 1272 2948 non
1295 2916 1391 2948 mille
1413 2915 1544 2948 οανίιιίε
1567 2918 1606 2948 cf.
1633 2916 1669 2956 2,
1696 2916 1770 2948 198.

1104 2961 1179 2994 149.
1206 2966 1294 2995 Haec
1318 2964 1406 3001 dicit,
1434 2971 1474 2992 ne
1499 2963 1572 2999 quis
1598 2967 1697 3002 putet,
1719 2972 1756 2994 se
1776 2972 1850 2995 eum
