2023 3350
263 114 344 152 538

818 112 853 142 Ρ.
881 110 1078 143 vinc-lul
1102 111 1314 144 MAROMS

264 225 454 266 infensus
495 223 634 264 iuveni
671 222 812 263 Turno
851 223 912 263 sic
954 237 1027 264 ore
1063 224 1248 266 vicissim

261 284 294 323 Ο
302 296 369 323 rsa
404 280 554 322 refert:

616 280 649 320 O
689 279 804 321 fama
837 280 1008 333 ingens,
1054 281 1268 335 ingentior
1304 283 1445 331 armis,

262 340 336 379 Vir
374 338 573 388 Troiane,
613 336 767 390 quibus
802 337 921 379 caelo
959 341 1001 378 te
1042 337 1240 381 laudibus
1273 343 1480 393 aequem?

1816 342 1895 381 125

260 395 509 437 Iustitiaene
547 394 667 448 prius
705 395 836 436 mirer
873 395 1031 436 belline
1069 395 1293 438 laborum?

259 454 345 494 Nos
386 466 485 494 vero
522 452 628 493 haec
666 453 852 505 patriam
891 453 1004 506 grati
1038 453 1269 495 referemus
1305 453 1361 495 ad
1396 454 1566 506 urbe1n3

263 511 314 551 Et
353 514 418 561 te⁷
455 510 491 551 si
528 523 614 563 qua
652 510 763 551 viam
796 509 963 552 dederit
1002 510 1191 562 fortuna,
1227 512 1380 553 Latino

258 570 481 621 Iungemus
522 567 634 621 regi:
678 571 859 621 quaerat
896 567 978 609 sibi
1017 567 1193 610 foedera
1228 569 1406 611 Turnus.

258 626 367 676 Quin
407 629 449 667 et
488 624 642 666 fatales
683 639 903 666 murorum
938 625 1140 667 attollere
1181 626 1325 677 moles,

1818 629 1897 667 130

259 684 455 736 Saxaque
495 682 747 724 subvectare
781 682 969 724 humeris
1007 683 1192 725 Troiana
1226 683 1402 725 iuvabit.

259 742 437 782 Dixerat
465 740 593 791 haec,
629 754 799 794 unoque
838 754 983 782 omnes
1021 740 1170 783 eadem
1211 755 1284 783 ore
1315 740 1568 783 fremebant.

257 799 329 840 Bis
369 812 492 840 senos
528 798 730 852 pepigere
767 797 874 849 dies,
912 802 955 840 et
992 812 1099 852 pace
1133 802 1355 852 sequestra

256 857 336 898 Per
375 856 503 897 silvas
540 855 690 897 Teucri
731 856 943 909 mixtique
976 856 1149 910 impune
1188 856 1331 898 Latini

256 915 466 956 Erravere
503 913 626 967 iugis.

685 914 817 955 Ferro
860 917 985 955 sonat
1021 914 1112 955 alta
1151 913 1327 968 bipenni

1815 914 1895 952 135

256 972 489 1022 Fraxinusg
530 974 726 1012 evertunt
759 974 880 1012 actas
923 970 978 1012 ad
1015 972 1156 1013 sidera
1200 971 1344 1026 pinus3

256 1030 430 1071 Robora
469 1042 546 1070 nec
585 1029 727 1070 cuneis
765 1032 808 1070 et
848 1029 1032 1070 olentem
1072 1029 1266 1071 scindere
1302 1027 1488 1077 cedrum,

256 1088 344 1129 Nec
379 1086 586 1141 plaustris
624 1089 792 1128 cessant
826 1090 996 1128 vectare
1037 1086 1303 1140 gementibus
1341 1099 1481 1128 ornos.

369 1145 426 1186 Et
456 1144 542 1185 iam
576 1145 710 1185 Fama
746 1144 913 1196 volans,
947 1145 1057 1186 tanti
1094 1144 1350 1199 praenuntia
1388 1143 1543 1192 luctus,

256 1202 503 1244 Euandrum
539 1201 816 1256 Euandrique
854 1202 1005 1243 domos
1041 1206 1085 1244 et
1120 1203 1291 1245 moenia
1326 1200 1475 1255 replet,

1816 1198 1896 1237 140

256 1261 373 1311 Quae
410 1259 537 1301 modo
580 1260 783 1301 victorem
817 1260 942 1302 Latio
973 1260 1172 1303 Pallanta
1211 1259 1390 1302 ferebat.

305 1434 376 1464 123.
404 1443 462 1464 ore
492 1443 571 1464 orsa
605 1434 729 1473 refert:

257 1485 288 1510 S.
313 1482 351 1511 cf.
378 1479 409 1518 7,
437 1478 513 1509 435.

304 1537 377 1567 124.
405 1540 429 1567 0
452 1538 507 1573 qui
529 1537 649 1566 famam
667 1537 865 1566 fortitudinis
890 1542 963 1567 tuae
977 1538 1052 1567 vin-

255 1585 303 1614 cis
329 1584 523 1613 fortitudine.

306 1640 377 1669 125.
406 1640 452 1669 Cf.
483 1638 517 1677 1,
544 1638 619 1669 287.

305 1697 376 1726 126.
403 1694 542 1726 iustitia
553 1698 616 1725 MR
634 1693 793 1726 iustitiae
810 1698 906 1735 Pybc.
931 1712 967 1716 -
986 1694 1050 1725 mi-

255 1741 328 1772 rari
340 1753 365 1773 c.
381 1752 451 1778 gen.
469 1735 672 1780 θαυμάζειν
693 1735 799 1777 τινός,
827 1747 860 1771 ut
877 1744 951 1771 Hor.
970 1743 1004 1771 C.
1018 1741 1047 1779 3,

254 1787 315 1821 27,
342 1788 383 1817 69
406 1785 578 1816 abstineto
611 1786 753 1816 irarum.
781 1786 815 1822 3,
845 1786 903 1823 30,
932 1785 967 1816 11
997 1796 1050 1816 re-

253 1843 368 1876 gnare
393 1830 614 1873 populorum.
650 1831 685 1868 2.
714 1831 765 1869 11,
791 1833 810 1860 5
830 1841 874 1862 ne
899 1830 1051 1872 trepides

254 1878 341 1909 aeui.
379 1878 408 1916 2,
436 1877 486 1913 13,
515 1877 555 1906 38
579 1876 734 1907 laborum
765 1876 889 1919 decipi.
929 1881 993 1908 Sat.
1019 1877 1049 1915 2,

254 1925 290 1957 6,
321 1923 364 1954 84
399 1922 527 1954 invidit
560 1922 688 1953 ciceris.
736 1926 825 1954 Haec
862 1927 963 1954 verba
1005 1925 1051 1953 ita

254 1976 439 2002 constructa
472 1972 573 1999 semel
598 1975 720 1999 tantum
751 1972 903 1999 videntur
933 1971 997 2007 legi
1020 1975 1051 1999 et

770 1440 904 1473 „coepta
930 1435 1052 1465 verba“

252 2026 273 2047 a
297 2018 399 2053 poetis
423 2018 463 2045 ad
494 2018 649 2045 Graecam
674 2015 757 2045 flexa
788 2021 862 2045 sunt
894 2016 1050 2045 similitu-

252 2065 370 2097 dinem,
394 2063 476 2098 quod
501 2070 537 2090 eo
554 2062 734 2090 fidentiores
752 2065 927 2096 novabant,
952 2071 1049 2097 quum

253 2110 443 2139 Latinorum
466 2116 529 2136 non
555 2109 707 2137 diversae
734 2112 817 2137 certe
839 2108 1050 2144 significatio-

252 2157 305 2185 nis
341 2158 440 2183 verba
470 2156 554 2183 hunc
584 2162 696 2183 casum
723 2158 877 2190 regerent.
913 2153 962 2183 Cf.
994 2155 1046 2182 Gr.

252 2199 387 2275 8’12258εῗ
410 2242 510 2274 siam
534 2242 629 2274 dedit
649 2243 797 2282 fortuna
825 2245 864 2274 cf.
887 2241 940 2283 10,
969 2241 1045 2273 864.

298 2301 374 2332 129.
403 2304 543 2337 Quaerat
568 2302 632 2330 sibi
658 2302 745 2331 alios
769 2302 886 2332 socios.

298 2359 374 2388 130.
399 2361 499 2389 Immo
522 2359 585 2394 ipsi
609 2367 667 2387 nos
691 2359 853 2388 auxilium
883 2363 1047 2393 praestare

251 2409 404 2436 debemus
429 2406 579 2434 Troianis
601 2405 633 2433 in
655 2407 731 2433 urbe
758 2406 932 2434 condenda.
959 2405 1046 2439 Quod

250 2461 389 2488 aequum
414 2455 522 2480 censet
545 2451 637 2485 ipsos
661 2451 796 2479 Latinos
821 2451 892 2479 suis
904 2451 1048 2478 humeris

251 2499 362 2528 afferre
386 2497 512 2532 lapides
539 2498 578 2525 ad
599 2499 710 2525 urbem
732 2496 883 2524 Troianis
908 2497 1047 2525 conden-

250 2546 335 2574 dam.
362 2549 390 2572 et
412 2544 544 2571 Aeneae
571 2542 672 2570 nostis
695 2542 845 2571 virtutem
870 2546 1047 2578 exaggerat

251 2590 414 2624 Turnique
437 2594 530 2625 auget
559 2588 734 2623 invidiam,
772 2588 825 2622 qui
850 2589 941 2616 solus
970 2587 1046 2616 belli

251 2642 298 2665 est
330 2642 467 2665 caussa,
506 2637 544 2663 ob
581 2642 674 2669 quem
704 2638 745 2662 tot
777 2634 923 2662 homines
956 2633 1044 2662 caesi

252 2687 343 2716 sunt„
375 2689 472 2716 quum
500 2681 569 2716 ipse
591 2680 770 2716 aufugeret.
826 2676 875 2707 ΡΙ.
903 2680 985 2707 delet
1012 2687 1042 2707 v.

254 2725 317 2755 1:30
342 2731 371 2756 et
401 2724 453 2755 31.

301 2781 372 2812 132.
399 2780 518 2811 eadem
542 2779 751 2819 fremebant,
775 2781 904 2811 fremitu
919 2782 1043 2811 iudica-

251 2833 326 2857 bant
349 2829 388 2857 cf.
415 2837 447 2857 v.
475 2826 550 2856 453.

300 2872 371 2902 134.
398 2872 556 2912 impune.-
594 2874 665 2901 sine
692 2874 806 2901 damno
835 2877 865 2901 et
888 2873 1040 2908 periculo.

253 2921 360 2948 Fidem
387 2924 493 2948 autem
533 2920 623 2947 deam
664 2920 811 2947 colebant
840 2919 977 2947 Romani
1011 2922 1042 2947 et

1099 1435 1134 1475 2,
1168 1434 1220 1465 75.
1270 1438 1354 1464 Plut.
1382 1436 1474 1463 Num.
1503 1430 1555 1461 16.
1603 1432 1723 1467 „Apud
1755 1430 1896 1459 maiores

1098 1483 1184 1512 enim
1208 1489 1328 1518 magna
1351 1485 1419 1510 erat
1441 1486 1521 1509 cura
1551 1477 1640 1515 fidei,
1673 1478 1752 1506 adeo
1780 1480 1815 1505 ut
1843 1476 1895 1505 in—

1099 1531 1145 1557 ter
1173 1529 1374 1556 Porsennam
1409 1529 1439 1554 et
1469 1526 1634 1552 Romanos
1671 1523 1767 1552 factis
1798 1522 1894 1550 indu—

1098 1574 1178 1610 ciis,
1212 1581 1309 1608 quum
1344 1572 1413 1600 ludi
1439 1570 1609 1599 Circenses
1640 1569 1674 1597 in
1706 1571 1785 1597 urbe
1807 1569 1893 1597 cele-

1098 1622 1283 1655 brarentur,
1323 1616 1464 1654 ingressi
1494 1615 1635 1644 hostium
1664 1615 1762 1644 duces
1786 1614 1893 1643 curuli

1098 1665 1273 1694 certamine
1310 1664 1537 1693 contenderent
1575 1664 1606 1689 et
1634 1660 1773 1690 victores
1802 1668 1892 1689 coro-

1097 1708 1285 1740 narentur.“
1312 1712 1343 1737 S.
1375 1708 1422 1738 Cf.
1444 1709 1522 1736 Luc.
1552 1703 1583 1743 4,
1614 1703 1675 1734 196
1708 1702 1782 1734 Pax
1807 1707 1893 1741 erat,

1097 1758 1128 1785 et
1152 1753 1277 1785 castris
1304 1752 1402 1783 miles
1427 1749 1622 1793 permixtus
1653 1748 1811 1790 utrisque
1841 1759 1894 1779 er-

1096 1799 1209 1830 rabat.

1144 1856 1219 1887 135.
1247 1858 1294 1887 Cf.
1319 1857 1459 1886 similem
1489 1857 1594 1884 locum
1618 1853 1712 1884 Statii
1736 1855 1834 1883 Theb.
1859 1853 1892 1891 6,

1096 1902 1139 1932 88
1163 1912 1212 1939 sq.
1237 1908 1270 1933 ut
1295 1903 1430 1940 Virgilii
1449 1902 1588 1931 virtutes
1620 1905 1651 1930 et.
1679 1900 1893 1936 posteriorum

1096 1955 1261 1985 poetarum
1288 1957 1407 1979 morem
1441 1948 1617 1982 intelligas,
1649 1962 1686 1966 —
1716 1944 1812 1982 ferro
1840 1954 1892 1974 so-

1095 1997 1158 2025 nat
1191 1993 1266 2025 alta
1290 1997 1354 2024 MR
1377 1996 1420 2024 al.
1448 2002 1510 2023 rec.
1541 1990 1591 2022 ΠΙ)
1627 1992 1682 2028 qui
1700 1993 1803 2029 „acta
1830 1992 1893 2020 ali-

1096 2046 1172 2077 quot
1215 2042 1334 2078 Pierii⁷
1373 2038 1443 2069 icta
1471 2039 1718 2073 antiquissimus
1756 2036 1891 2076 Pieri·1“‚

1097 2092 1199 2116 ortum
1227 2097 1269 2116 ex
1306 2091 1489 2117 correctura
1520 2085 1652 2114 minime
1683 2084 1890 2117 necessaria:

1095 2140 1169 2162 nain
1196 2132 1295 2171 ferro
1315 2136 1415 2162 sonat
1442 2135 1526 2160 recte
1552 2131 1682 2166 dicitur3
1710 2130 1748 2159 cf.
1766 2130 1797 2166 5,
1823 2128 1889 2158 866

1094 2176 1238 2207 assiduo
1262 2194 1307 2199 —
1335 2175 1409 2207 sale
1433 2185 1520 2206 saxa
1539 2173 1719 2204 sonabant.
1746 2178 1804 2204 ΟΥ.
1815 2176 1890 2205 Her.

1094 2221 1147 2259 10,
1175 2223 1214 2252 15
1242 2221 1405 2253 adductis
1431 2223 1619 2251 sonuerunt
1642 2223 1786 2261 pectora
1811 2219 1890 2260 pal-

1093 2278 1216 2343 πυῗξόὃ.
1241 2311 1348 2354 pinus
1393 2313 1511 2352 PRybc
1553 2312 1656 2341 Prisc.
1692 2310 1723 2347 6,
1748 2296 1808 2348 ²16,
1845 2311 1888 2341 83

1094 2369 1156 2390 rec.
1188 2357 1249 2389 Hb.
1278 2357 1380 2399 pinos
1403 2361 1444 2386 M.
1471 2359 1588 2392 ubique
1612 2359 1696 2392 apud
1714 2358 1890 2395 Virgilium

1094 2411 1219 2442 praeter
1241 2403 1278 2441 9,
1310 2402 1372 2432 116
1400 2413 1461 2433 rec.
1502 2401 1586 2444 Wg.
1643 2405 1752 2439 Neque
1782 2408 1889 2434 tamen

1094 2453 1151 2481 tali
1180 2453 1211 2479 in
1242 2460 1276 2480 re
1302 2450 1443 2486 singulis
1475 2450 1507 2478 in
1536 2449 1619 2479 locis
1654 2450 1737 2478 satis
1767 2454 1889 2480 certum

1093 2503 1142 2527 est
1164 2497 1327 2526 iudicium.

1144 2552 1214 2582 137.
1242 2551 1386 2582 olentem
1414 2549 1550 2581 cedrum
1572 2552 1610 2582 cf.
1627 2549 1657 2582 7.
1677 2549 1725 2580 13.
1755 2553 1889 2588 Propter

1092 2602 1218 2629 odorem
1243 2600 1340 2636 igitur
1366 2599 1398 2627 in
1423 2600 1509 2635 rogis
1540 2598 1762 2627 adhibebatur.

1139 2644 1212 2674 139.
1239 2642 1476 2685 gementibus:
1503 2647 1584 2681 „sub
1610 2645 1748 2679 pondere
1769 2651 1888 2673 sonan-

1091 2690 1211 2721 tibus.“
1239 2693 1269 2719 S.
1320 2690 1367 2720 Cf.
1401 2689 1431 2727 6,
1458 2687 1533 2718 413.

1094 2780 1297 2814 139—181.
1345 2776 1494 2810 Evandri
1550 2776 1593 2808 de
1641 2776 1771 2808 amisso
1812 2774 1886 2808 filio

1336 2846 1434 2879 dolor
1457 2850 1490 2878 et
1516 2845 1634 2878 oratio.

1136 2916 1209 2945 140.
1242 2915 1353 2955 replet
1372 2914 1486 2946 mlPR
1514 2917 1552 2946 cf.
1578 2912 1699 2950 4,189.
1730 2928 1766 2932 -
1794 2921 1884 2941 com-

251 2966 354 2994 sacris
386 2965 424 2994 cf.
453 2963 488 2995 1,
524 2962 607 3001 292,
642 2968 670 2993 et
703 2964 845 2992 maxime
875 2973 924 3000 re,
957 2965 1039 2999 quod
1084 2961 1156 3003 plet
1183 2962 1236 2992 Μ2
1263 2965 1345 2998 quod
1375 2964 1411 2992 τέ
1451 2964 1580 2999 longum
1605 2959 1797 2995 offendebat3
1842 2960 1880 2988 cf.
1931 3000 1936 3005 ¹

250 3011 346 3039 etiam
380 3011 493 3039 Graeci
523 3010 646 3039 firmant
674 3010 848 3045 scriptores
879 3010 917 3039 cf.
944 3010 1037 3038 Dion.
1085 3012 1136 3038 Gr.
1161 3009 1192 3044 ς.
1222 3009 1263 3037 45
1288 3010 1350 3038 Αη.
1376 3008 1405 3037 4.
