2023 3350
278 122 357 161 164

837 120 870 151 P.
906 119 1100 154 VIRGILII
1134 122 1342 157 MARONIS

275 232 361 273 Nec
393 232 505 284 potis
541 232 685 273 Ionios
717 231 870 273 fluctus
906 246 1090 287 aequare
1130 236 1360 288 sequendo,

276 289 514 330 Clamorem
550 289 799 330 immensum
830 288 964 341 tollit,
1004 303 1089 343 quo
1127 296 1286 345 pontus
1324 297 1366 335 et
1406 308 1550 337 omncs

276 346 577 386 Contremuere
612 345 751 387 undae
784 346 1040 400 penitusque
1076 350 1282 391 exterrita
1312 351 1441 394 tellus

276 402 427 443 Italiae
459 403 680 455 curvisque
718 402 931 456 immugiit
962 405 1101 445 Aetna
1140 407 1342 448 cavernis.

275 460 331 500 At
369 473 500 511 genus
531 473 552 500 e
589 459 704 501 silvis
746 460 975 515 Cyclopum
1011 465 1054 503 et
1092 462 1306 504 montibus
1346 464 1447 506 altis

1821 466 1902 504 (375

276 517 475 557 Excitum
512 516 599 557 ruit
636 516 693 558 ad
725 521 875 571 portus
914 522 957 560 et
992 519 1122 560 litora
1158 520 1384 573 complent.

277 574 494 615 Cernimus
531 572 752 616 adstantes
789 576 1079 630 nequidquam
1116 575 1273 617 lumine
1308 581 1430 621 torvo

275 631 488 672 Aetnaeos
524 631 698 683 fratres,
744 633 860 674 caelo
903 634 1047 687 capita
1081 634 1171 675 alta
1211 634 1407 686 ferentes,

276 688 511 730 Concilium
550 689 829 742 horrendum,
875 692 1023 744 quales
1059 705 1188 745 quum
1222 692 1380 733 vertice
1413 692 1525 734 celso

274 746 427 787 Aer-iae
462 760 664 799 quercus,
704 751 780 789 aut
818 749 1032 791 coniferae
1072 748 1279 802 cyparissi

1819 751 1902 791 680

277 803 586 855 Constiterunt,
634 804 741 846 silva
774 805 865 847 alta
904 807 1015 848 Iovis
1047 806 1220 848 lucusve
1260 805 1434 847 Dianae.

274 861 536 914 Praecipites
570 865 706 903 metus
743 875 841 905 acer
881 865 972 918 agit
1008 877 1260 918 quocunque
1298 862 1498 905 rudentes

274 918 486 960 Excutere
523 921 565 960 et
600 919 736 961 ventis
775 920 995 963 intendere
1029 921 1124 963 vela
1158 920 1365 962 secundis.

276 975 433 1018 Contra
467 976 583 1018 iussa
617 981 788 1019 monent
826 978 978 1021 Heleni
1013 978 1198 1032 Scyllam
1233 982 1362 1032 atque
1401 975 1680 1031 Charybdim3

273 1034 390 1074 Inter
421 1036 650 1087 utramque
687 1034 798 1077 viam
832 1036 907 1078 leti
948 1036 1191 1079 discrimine
1228 1049 1360 1090 parvo

1819 1036 1900 1076 685

275 1091 330 1132 Ni
360 1095 534 1133 teneant
572 1106 742 1144 cursus,
788 1098 951 1136 certum
987 1098 1052 1137 est
1087 1094 1190 1136 dare
1224 1094 1356 1135 lintea
1391 1095 1518 1134 retro.

275 1256 430 1293 potestas
451 1259 549 1290 potest
569 1256 642 1291 dici,
655 1257 781 1286 etiamsi
801 1261 885 1286 caret
906 1260 1064 1296 exemplo,

277 1304 309 1328 ut
336 1305 418 1329 recte
442 1305 544 1329 monet
573 1303 716 1330 Servius.
770 1300 822 1331 Pl.
857 1304 938 1332 coni.
964 1301 1065 1333 nulla

277 1343 369 1374 vium
397 1344 503 1375 datur
522 1343 699 1385 affectare.

324 1388 398 1419 671.
424 1399 484 1420 nec
509 1389 600 1430 potis
623 1393 666 1429 „i.
691 1402 716 1421 e.
744 1401 801 1421 nec
820 1393 902 1427 potis
922 1397 979 1422 est.
1002 1393 1063 1428 (cf.

278 1436 310 1473 5,
335 1434 420 1472 382]
445 1433 537 1466 Potis
560 1442 666 1466 autem
688 1446 801 1466 nornen
827 1440 907 1467 esth*
934 1441 965 1467 S.

324 1479 398 1510 672.
424 1483 507 1511 Ionii
536 1482 649 1512 fluctus
677 1488 750 1512 sunt
782 1484 836 1518 qui
863 1485 997 1513 veniunt
1021 1493 1063 1513 ex

277 1528 359 1556 mari
381 1528 487 1563 Ionio,
521 1528 628 1563 itaque
655 1534 768 1558 ventus
799 1537 853 1557 eos
886 1530 919 1557 in
950 1530 1065 1558 fretum

278 1574 422 1602 Siculum
450 1575 616 1611 propellit,
648 1575 681 1603 in
703 1583 763 1609 quo
788 1576 901 1610 Scylla
925 1580 955 1604 et.
980 1576 1063 1604 Cha-

278 1619 389 1654 rybdis
427 1620 589 1648 minantur
626 1620 788 1649 interitum
826 1620 865 1650 cf.
908 1618 982 1649 684.
1021 1637 1065 1641 —

277 1666 324 1693 De
358 1667 455 1693 verbo
494 1673 645 1704 aequare
680 1666 719 1695 cf.
758 1663 815 1701 10,
849 1663 913 1694 248
949 1669 1066 1696 ventos

278 1712 450 1749 aequante
474 1708 621 1750 sagitta.
670 1713 739 1740 Non
769 1715 870 1746 potest
894 1716 959 1741 tam
983 1714 1066 1741 cele—

278 1756 352 1784 riter
377 1755 478 1792 sequi,
498 1763 592 1790 quam
615 1756 759 1786 fluctibus
784 1757 926 1786 feruntur
948 1765 1061 1787 naves.

278 1802 323 1829 De
347 1802 498 1834 gerundio
524 1802 563 1830 cf.
592 1799 621 1838 2,
647 1800 676 1830 6.

323 1845 396 1874 673.
424 1849 657 1876 contremuere
699 1850 741 1876 M.
790 1848 917 1885 fortius,
967 1856 1062 1883 quam

277 1888 501 1928 intremuere,
537 1894 618 1927 quod
644 1898 693 1921 est
720 1894 753 1922 in
777 1895 837 1922 FP.
868 1898 896 1922 et
930 1902 960 1922 v.
987 1891 1062 1923 581.

276 1939 331 1965 Est
363 1938 448 1966 enim
481 1943 613 1966 tremere
647 1943 707 1967 toto
745 1940 838 1973 ‹luasi
875 1948 1003 1973 corpore
1034 1944 1063 1968 et

277 1991 331 2017 per
362 1987 467 2017 partes
499 1992 617 2012 omnes.
668 1985 735 2013 Cat.
763 1985 865 2019 Epith.
900 1984 963 2013 205
1000 1994 1066 2024 quo

276 2030 358 2057 tunc
381 2031 413 2057 et
438 2025 541 2058 tellus
563 2031 667 2068 alque
688 2027 832 2058 horrida
858 2032 1067 2060 contremue-

275 2075 356 2102 runt
381 2081 546 2113 aequora,
572 2073 809 2114 concussitque
831 2073 999 2105 micantia
1023 2074 1068 2105 si-

277 2115 361 2147 dera
381 2116 540 2148 mundus.
564 2135 608 2139 κ-
636 2118 799 2150 exterrita
819 2130 864 2150 sc.
890 2126 946 2149 est.

323 2161 397 2192 674.
424 2166 470 2193 De
494 2165 594 2194 forma
624 2163 802 2206 immugiit
830 2167 868 2196 cf.
896 2165 970 2195 603.
1019 2169 1065 2197 De

278 2212 374 2238 verbo
401 2208 453 2238 92.

322 2252 396 2283 676.
421 2263 535 2295 genus
555 2254 739 2297 Cyclopum
756 2254 1066 2298 ruit—complent

276 2300 314 2329 cf.
346 2297 371 2335 l,
395 2298 470 2329 212.

323 2343 396 2374 677.
422 2343 668 2386 nequidquam.
736 2348 824 2376 Nihil
866 2348 951 2377 enim
992 2357 1064 2383 pro-

276 2392 382 2420 ficiunt
415 2392 482 2424 ira,
522 2400 617 2426 quam
648 2393 749 2422 torvis
781 2394 922 2422 indicant
948 2395 1062 2431 oeulis,

276 2446 373 2472 (μιιιιιι
399 2446 456 2465 nos
482 2446 544 2465 non
568 2439 690 2473 possint
716 2439 879 2474 attingere.

322 2480 397 2510 fist.
423 2480 665 2512 constiterunt.-
701 2484 871 2518 perfectuni
906 2485 939 2512 in
977 2494 1063 2514 coni-

276 2528 442 2562 paratione
481 2528 519 2557 cf.
546 2526 581 2564 2,
609 2526 682 2557 380.
726 2545 763 2549 —
806 2530 876 2558 Iovi
915 2538 1061 2567 quercus,

279 2574 400 2602 Dianae
424 2574 496 2602 sive
516 2574 655 2603 Hecatae
677 2582 790 2604 sacrae
815 2580 887 2603 sunt
917 2577 1062 2610 cupressi

277 2619 314 2646 ef.
343 2617 395 2647 64.
442 2620 535 2647 Silva
560 2622 628 2648 alta
652 2624 716 2657 est,
755 2622 836 2655 quod
866 2629 980 2650 sacrae
1009 2629 1061 2650 ar-

278 2666 368 2692 bores
392 2673 454 2693 non
478 2666 699 2694 caedebantur.
748 2667 794 2695 Cf.
823 2664 871 2703 12,
898 2664 973 2695 779.
1001 2670 1058 2696 ov.

278 2710 311 2736 F.
339 2707 368 2743 4,
388 2708 463 2738 649.
498 2712 541 2739 M.
566 2709 596 2748 2,
621 2709 695 2740 418.

322 2752 395 2783 fise.
426 2752 510 2794 Agit
549 2766 575 2786 c.
608 2757 663 2786 inf.
703 2765 754 2792 ap.
789 2758 865 2785 Stat.
901 2758 996 2786 Theb.
1031 2756 1060 2795 3,

279 2797 352 2826 1525.
375 2798 406 2833 ὃ,
431 2799 506 2829 262.

322 2842 398 2872 653.
429 2843 547 2874 lentis
568 2843 727 2875 secundis
753 2854 781 2875 υ.
809 2844 854 2884 ί.,
882 2848 902 2876 i.
931 2857 956 2877 e.
984 2857 1061 2884 quo-

277 2898 400 2924 ctuiqne
426 2890 530 2918 ferunt
557 2892 663 2925 venti,
702 2893 777 2920 vela
805 2893 986 2931 intendunt,
1028 2899 1060 2923 ut

277 2931 425 2963 secundo
441 2933 590 2973 flumine
613 2934 788 2977 navigate
811 2939 972 2976 dicuntur,
1007 2941 1061 2974 qui

277 2981 449 3008 secundum
473 2980 586 3009 ssuinen
607 2983 773 3016 navigant.

322 3024 520 3053 usi-686.
549 3027 588 3054 lli
624 3036 738 3056 versus
768 3028 859 3057 varie
894 3029 1058 3065 explicati,

1112 1258 1300 1287 multifariis
1319 1257 1510 1287 coniecturis
1536 1256 1662 1292 tentati,
1694 1263 1715 1284 a
1733 1256 1900 1284 nonnullis

1111 1304 1336 1338 interpretibus
1379 1307 1435 1332 aut
1481 1310 1590 1332 omnes
1631 1306 1688 1331 aut
1727 1310 1768 1330 ex
1813 1305 1902 1336 parte

1111 1350 1204 1379 eiecti
1241 1353 1324 1378 sunt.
1385 1348 1516 1377 Troiani
1556 1348 1589 1376 in
1633 1349 1734 1376 altum
1771 1347 1904 1382 cupiunt

1112 1397 1258 1432 evolare,
1306 1399 1340 1424 ut
1380 1394 1532 1430 effugiant
1574 1394 1748 1429 Cyclopem
1802 1400 1902 1428 quare

1112 1446 1206 1469 vento
1238 1449 1273 1469 se
1305 1442 1380 1469 dant
1410 1440 1533 1477 cuivis,
1572 1447 1633 1474 quo
1661 1446 1682 1468 a
1704 1439 1796 1467 litore
1821 1446 1900 1467 ave-

1112 1488 1238 1515 huntnr.
1288 1487 1349 1515 Sed
1371 1486 1401 1515 is
1432 1489 1546 1514 ventus
1570 1485 1602 1513 in
1622 1485 1738 1514 fretum
1759 1485 1903 1513 Siculum

1112 1531 1216 1568 infert,
1240 1532 1272 1560 in
1296 1540 1356 1566 quo
1382 1535 1455 1559 sunt
1480 1532 1594 1567 Scylla
1619 1535 1648 1559 et
1675 1531 1730 1559 Ch.
1758 1531 1902 1559 Helenus

1111 1582 1218 1606 autem
1239 1585 1337 1612 supra
1355 1581 1530 1613 monuerat,
1557 1580 1592 1605 ut>
1614 1577 1672 1604 iter
1692 1576 1797 1606 facere
1819 1577 1902 1604 mal-

1110 1624 1175 1651 lent
1206 1623 1327 1651 circuni
1353 1622 1498 1651 Siciliam
1528 1629 1624 1656 quam
1648 1622 1729 1650 inter
1755 1623 1901 1657 Scyllam

1111 1673 1140 1697 et
1182 1668 1375 1704 Charybdim
1415 1668 1599 1703 navigando
1635 1667 1742 1696 subire
1789 1667 1902 1696 morus

1109 1714 1262 1749 pericula.
1312 1715 1398 1742 Haec
1423 1711 1517 1741 iussa
1544 1721 1627 1742 nunc
1652 1714 1789 1742 monent
1811 1710 1902 1742 erin-

1108 1767 1193 1787 nern
1227 1768 1272 1788 an
1300 1757 1417 1797 Scylla
1441 1767 1474 1787 u.
1505 1755 1552 1788 Ch
1613 1758 1667 1788 sic
1691 1766 1810 1787 moneo
1836 1755 1902 1786 712

1108 1809 1137 1833 et
1166 1812 1217 1840 ap.
1254 1806 1388 1833 Phaedr.
1418 1806 1495 1839 prol.
1529 1801 1666 1843 Duplex·
1699 1801 1809 1833 libelli
1838 1801 1900 1832 dos

1109 1852 1177 1886 est,
1216 1847 1307 1890 quod
1334 1848 1439 1878 risum
1466 1851 1596 1886 movet,
1628 1846 1676 1878 Et
1702 1847 1793 1889 quod
1816 1857 1902 1888 pru-

1109 1892 1205 1924 denti
1231 1893 1336 1924 vitam
1364 1892 1510 1924 consilio
1540 1896 1661 1923 monet.
1710 1895 1752 1923 Ut
1782 1892 1903 1923 admo-

1111 1949 1192 1969 nere
1222 1942 1302 1969 Sall.
1334 1942 1402 1975 Ing.
1434 1938 1475 1968 79
1507 1948 1580 1968 eam
1614 1947 1683 1968 rem
1713 1947 1776 1969 nos
1808 1936 1903 1969 locus

1113 1984 1305 2015 admonuit.
1352 1987 1420 2014 Tib.
1444 1983 1473 2023 4,
1496 1983 1524 2023 1,
1551 1982 1613 2013 189
1642 1994 1746 2025 quum
1776 1993 1903 2014 memor

1115 2034 1196 2061 ante
1230 2034 1326 2061 actos
1355 2040 1486 2071 semper
1517 2029 1616 2059 dolor
1647 2029 1809 2060 admonet
1839 2039 1902 2059 αη-

1114 2086 1188 2108 uos,
1229 2093 1267 2097 —-
1299 2077 1379 2112 Quid
1403 2077 1500 2113 igitur
1523 2077 1703 2105 faciendum
1725 2078 1817 2105 erat?
1864 2078 1899 2106 Id

1114 2123 1294 2157 explicatur
1317 2123 1467 2151 versibus
1490 2123 1704 2157 sequentibus.
1736 2122 1778 2150 Ut
1799 2124 1900 2151 verba

1111 2169 1216 2204 posita
1245 2173 1335 2205 sunt,
1367 2169 1509 2204 iungitur
1541 2165 1600 2196 via
1632 2164 1708 2202 leti,
1739 2174 1821 2202 (ulae
1851 2171 1899 2197 est

1111 2215 1186 2251 via,
1217 2222 1299 2249 quae
1321 2215 1362 2242 ad
1386 2218 1516 2242 mortem
1541 2213 1642 2249 ducit;
1681 2213 1729 2242 sic
1754 2210 1816 2242 leti
1837 2212 1898 2242 via

1112 2261 1170 2288 ov.
1188 2262 1230 2288 M.
1261 2257 1309 2297 11,
1332 2257 1408 2288 792.
1432 2260 1508 2288 Luc.
1534 2255 1564 2295 4,
1584 2256 1659 2286 267.
1682 2260 1754 2287 Seu.
1781 2260 1898 2287 Phoen.

1113 2302 1186 2333 304.
1219 2302 1280 2334 leti
1304 2302 1398 2333 mille
1421 2302 1498 2334 uiue
1520 2304 1588 2332 Tib.
1618 2301 1644 2341 1,
1669 2302 1698 2340 3,
1725 2301 1778 2333 49.
1811 2312 1900 2333 mor-

1110 2347 1155 2379 tis
1187 2351 1309 2390 aperta
1343 2348 1401 2378 via
1441 2351 1490 2379 est
1521 2350 1590 2378 Tib.
1622 2347 1649 2387 1,
1681 2347 1730 2387 10,
1755 2348 1784 2378 4.
1833 2347 1898 2379 iter

1109 2392 1198 2424 caeli
1233 2396 1306 2424 Val.
1338 2396 1383 2423 ΕΙ.
1416 2393 1447 2432 l,
1472 2394 1547 2423 565.
1597 2392 1688 2424 sedis
1719 2392 1784 2424 iter
1822 2393 1896 2424 793.

1108 2438 1166 2469 via
1189 2438 1312 2469 salutis
1335 2441 1417 2469 Aen.
1440 2440 1470 2478 6,
1492 2438 1544 2469 96.
1594 2438 1651 2469 via
1676 2444 1706 2469 et
1731 2438 1796 2469 iter
1818 2438 1897 2480 glo—

1107 2483 1182 2514 riae
1214 2486 1280 2515 Cic.
1313 2487 1395 2514 Phil.
1436 2484 1467 2523 1,
1493 2485 1542 2514 14.
1599 2486 1646 2515 Cf.
1678 2487 1729 2514 Gr.
1761 2486 1783 2521 g
1820 2484 1895 2515 255.

1107 2532 1170 2560 An.
1198 2529 1227 2559 2.
1258 2547 1295 2551 —
1330 2530 1473 2560 Cursum
1500 2534 1614 2561 tenere
1648 2529 1756 2561 Cours
1777 2528 1898 2560 hulten

1106 2581 1153 2605 est
1175 2584 1195 2605 a
1221 2581 1306 2606 recta
1332 2578 1390 2606 via
1416 2586 1478 2605 non
1502 2580 1650 2606 aberrare
1675 2577 1733 2612 (cf.
1763 2574 1837 2605 283.
1863 2576 1895 2615 5,

1109 2621 1158 2657 1.)
1208 2623 1273 2652 Cic.
1310 2625 1375 2651 Nl).
1410 2621 1445 2660 3,
1479 2620 1538 2660 34,
1568 2621 1610 2650 83
1649 2619 1895 2651 secundissimo

1107 2670 1208 2697 vento
1237 2677 1372 2697 cursum
1401 2670 1541 2697 teneret.
1589 2669 1680 2697 Caes.
1713 2668 1776 2695 BG.
1810 2665 1848 2704 5,
1875 2666 1895 2695 8

1108 2721 1242 2742 cursum
1266 2722 1334 2742 non
1357 2711 1477 2743 tenuit.
1517 2714 1620 2748 Quare
1640 2721 1711 2742 cum
1731 2715 1789 2741 hoc
1813 2717 1896 2741 recte

1107 2759 1250 2793 iungitur
1271 2756 1469 2787 discrimine
1487 2767 1609 2798 parvo.
1649 2758 1771 2786 Cursus
1796 2757 1895 2786 teneri

1106 2805 1233 2838 quidem
1265 2808 1365 2839 potest
1396 2805 1476 2833 inter
1500 2806 1643 2840 Scyllam
1672 2806 1702 2831 et
1727 2804 1800 2839 Ch.,
1837 2804 1894 2832 sed

1106 2847 1203 2879 tenui
1241 2847 1458 2886 discriminc,·
1505 2853 1604 2884 potest
1657 2848 1730 2882 quis
1778 2850 1896 2879 salvus

1105 2897 1294 2931 pervadere,
1323 2896 1378 2923 sed
1407 2903 1457 2923 res
1485 2899 1532 2923 est
1557 2894 1707 2923 difficilis.
1756 2895 1894 2923 Attende

1104 2942 1184 2975 quod
1229 2941 1437 2976 Argonautae
1481 2940 1561 2968 inter
1607 2947 1701 2974 rupes
1741 2940 1893 2975 Cyaneas

1104 2987 1201 3014 vecti:
1227 2994 1335 3014 omnes
1358 2985 1478 3014 validis
1503 2982 1599 3013 tenui
1622 2982 1820 3014 discrimine
1845 2993 1893 3013 re-

1102 3031 1164 3059 mis
1203 3039 1331 3067 pergere
1373 3029 1438 3060 iter
1471 3031 1652 3065 mediosque
1683 3034 1783 3059 ratem
1820 3038 1890 3065 per—
