2044 3329
848 124 1116 159 PRAEFATlo.
1749 123 1794 148 1³<

173 238 251 280 illa
281 236 456 279 oracula
487 236 540 278 de
569 235 717 279 futura
745 239 1036 280 Romanorum
1071 238 1286 293 potentia,
1340 237 1439 279 hinc
1473 237 1548 278 illa
1576 236 1699 290 clipei
1725 235 1796 277 de-

174 306 375 361 scriptio,
424 305 523 347 hinc
558 305 631 347 ille
673 306 729 347 ad
765 307 924 348 inferos
962 307 1208 358 descensus,
1249 306 1292 347 in
1328 320 1414 359 quo
1457 304 1735 346 describendo
1761 305 1797 345 si

173 375 409 416 Homerum
436 374 584 427 aliqua
617 388 668 415 ex
697 379 821 428 parte
861 379 1031 418 secutus
1071 379 1155 427 est,
1203 389 1287 416 non
1320 374 1423 416 fecit
1461 379 1510 415 ut
1544 374 1797 425 imitaretur,

173 444 250 485 sed
279 447 328 485 ut
356 442 471 497 quod
496 442 669 484 volebat
698 444 982 497 contingerem
1039 447 1082 485 et
1124 443 1286 497 recepit
1326 442 1508 484 formam
1537 443 1797 484 narrationis

172 513 258 554 iam
294 511 536 566 probatam.
597 511 676 565 (Cf.
708 512 808 554 Exc.
841 512 896 554 ad
933 512 1076 566 LVI.)
1136 513 1201 554 Ex
1239 512 1386 554 eodem
1426 512 1603 553 consilio
1634 511 1797 552 factum

174 585 250 633 est,
280 585 329 622 ut
358 581 571 622 Romanos
597 579 756 633 ubique
786 595 926 623 mores
959 585 1206 623 assumeret.
1266 581 1359 631 Qua
1382 581 1425 621 in
1445 594 1491 621 re
1518 581 1579 622 ita
1601 584 1798 622 versatus

172 653 257 701 est,
300 652 349 690 ut
376 663 518 690 rerum
547 652 810 702 perverteret
839 650 1085 701 veritatem3
1118 664 1217 690 nam
1245 650 1412 690 Aeneae
1438 653 1631 703 tempore
1662 662 1799 702 neque

170 718 448 771 auguriorum
475 716 721 770 disciplina,
750 732 828 759 nec
860 733 1080 760 sacrorum
1107 718 1232 769 ordo,
1270 732 1348 759 nec
1378 717 1480 759 belli
1509 722 1551 759 et
1581 732 1798 758 armorum

170 786 206 828 is
236 800 336 828 usus
366 789 471 836 erat,
501 785 573 838 qui
603 786 647 827 in
677 786 863 828 Aeneide
895 787 1241 840 deprehenditur.
1302 786 1362 828 Cf.
1398 790 1431 838 1,
1466 790 1543 827 169
1571 787 1624 828 al.
1676 785 1799 844 Quod

170 859 325 909 poetae
353 854 562 904 studium,
619 869 704 908 quo
735 856 949 897 Romanos
976 869 1116 896 mores
1148 859 1190 896 et
1214 856 1323 897 ritus
1355 855 1410 896 ad
1435 855 1621 896 Aeneam
1653 859 1798 896 aucto-

169 938 262 966 rem
291 922 516 973 referebat,
555 927 603 964 ut
635 924 708 976 qui
737 924 824 965 iam
853 923 1190 977 negligebantur,
1222 937 1273 964 ex
1301 923 1560 976 antiquitate
1588 937 1799 965 commen-

169 993 399 1044 darentur,
435 1005 565 1045 quum
596 1006 731 1046 paene
756 992 800 1033 in
831 993 981 1046 quovis
1011 1006 1136 1032 versu
1172 991 1452 1033 obtrudatur:
1511 1006 1613 1033 sane
1643 992 1798 1032 mirum

171 1066 255 1113 est,
305 1061 378 1115 qui
412 1060 573 1102 factum
614 1061 688 1112 sit,
735 1064 784 1101 ut
819 1075 949 1101 unum
976 1060 1211 1101 Homerum
1240 1059 1446 1112 Virgilius
1486 1059 1680 1101 imitatus
1707 1074 1799 1101 esse

171 1130 396 1171 diceretur.
456 1128 741 1170 Nihilominus
768 1132 913 1170 tamen
944 1142 994 1170 ea
1025 1129 1248 1179 sententia,
1278 1128 1346 1169 cui
1374 1128 1503 1169 etiam
1529 1128 1699 1170 Servius
1724 1142 1800 1182 per

170 1202 313 1240 totum
341 1212 463 1239 suum
490 1197 649 1238 librum
672 1197 945 1248 adversatur,
995 1197 1168 1238 vixdum
1205 1197 1434 1239 novissimo
1464 1201 1657 1251 tempore
1685 1197 1801 1238 vide-

170 1272 242 1309 tur
275 1281 366 1309 esse
397 1266 574 1321 explosa
588 1267 642 1320 6).
701 1266 857 1307 Totum
899 1279 998 1308 vero
1038 1280 1209 1308 carmen
1248 1280 1379 1319 quum
1412 1266 1474 1308 ita
1518 1266 1801 1319 compositum

171 1337 246 1389 sit,
285 1340 335 1378 ut
359 1336 502 1378 omnia
529 1334 583 1376 ad
614 1334 734 1376 illam
762 1334 1054 1376 laudationem
1084 1338 1297 1388 spectent,
1333 1349 1462 1389 quum
1498 1335 1691 1376 narratio
1716 1349 1801 1376 non

170 1410 347 1461 propter
375 1419 419 1446 se
442 1405 580 1458 ipsam
610 1404 684 1445 sed
713 1408 891 1457 propter
922 1404 1040 1445 aliud
1066 1404 1183 1445 facta
1212 1418 1304 1445 esse
1330 1403 1545 1455 videatur,
1586 1418 1672 1444 non
1701 1403 1802 1444 licet

170 1474 447 1529 reprehendi,
486 1473 560 1515 sed
590 1472 814 1527 quaeritur
838 1473 985 1525 modo,
1026 1473 1167 1515 sintne
1197 1472 1341 1514 omnia
1377 1473 1440 1513 ita
1465 1476 1585 1526 apta,
1624 1477 1674 1514 ut
1702 1487 1801 1514 nus-

170 1559 299 1599 quam
327 1557 404 1585 nec
433 1541 547 1597 quod
576 1555 723 1582 verum
752 1555 836 1583 non
869 1555 960 1583 esse
989 1542 1185 1584 videatur
1214 1545 1441 1596 appareat,
1484 1556 1562 1583 nec
1595 1542 1709 1596 quod
1738 1542 1802 1583 illi

171 1613 347 1655 consilio
376 1612 637 1654 adversetur.
697 1610 781 1653 Sed
808 1614 952 1652 utrum
977 1611 1183 1664 Virgilius
1212 1611 1502 1652 narrationem
1531 1611 1697 1652 dederit
1725 1625 1803 1664 per

171 1696 314 1723 omnes
350 1684 496 1735 partes
542 1679 831 1733 probabilem,
885 1694 941 1722 an
979 1680 1023 1721 in
1062 1694 1112 1722 ea
1151 1680 1386 1734 quidquam
1424 1679 1687 1734 peccaverit,
1724 1693 1802 1720 nec

172 1765 319 1793 coram
353 1750 425 1802 iis,
464 1748 537 1803 qui
570 1748 766 1802 legerunt
801 1762 971 1790 carmen
1008 1763 1086 1790 nec
1115 1749 1189 1802 qui
1222 1763 1305 1790 non
1335 1748 1552 1802 legerunt,
1589 1762 1803 1802 exponere

172 1819 406 1874 quidquam
432 1817 630 1873 prodest:
690 1817 755 1859 illi
786 1818 871 1860 iam
905 1832 981 1860 suo
1021 1817 1182 1859 iudicio
1222 1820 1413 1869 utentur,
1466 1816 1510 1858 hi
1549 1821 1804 1871 argumenta

171 1903 257 1931 non
282 1891 486 1942 poterunt
515 1886 764 1940 expendere.

285 1959 342 1998 At
368 1969 469 1998 vero
497 1955 704 2008 Virgilius
735 1968 842 2009 opus
886 1969 1009 1996 suum
1042 1953 1214 1996 incendi
1248 1954 1394 2006 iussit,
1443 1957 1492 1995 ut
1528 1954 1621 2009 ipse
1644 1955 1804 2009 impro-

170 2027 298 2069 basse
329 2025 537 2066 videatur.
598 2023 728 2065 Cuius
776 2023 839 2065 rei
871 2038 1049 2066 caussae
1078 2038 1208 2078 quum
1245 2024 1418 2078 saepius
1453 2024 1674 2077 quaesitae
1708 2024 1804 2076 sint,

169 2096 317 2137 variae
346 2093 541 2148 prolatae
573 2095 672 2133 sunt
703 2091 935 2145 opiniones,
963 2107 1069 2146 quas
1098 2107 1243 2135 omnes
1273 2105 1494 2134 recensere
1518 2091 1572 2133 ab
1602 2092 1803 2134 hocloco

171 2165 359 2207 alienum
387 2166 464 2204 est.
523 2161 663 2203 Unam
694 2164 865 2202 tantum
893 2160 1047 2203 afferre
1077 2165 1227 2215 aptum
1254 2165 1336 2212 est,
1380 2161 1454 2203 ubi
1500 2175 1550 2203 ea
1583 2175 1804 2203 enumera-

171 2247 285 2285 mus,
331 2245 442 2285 quae
472 2229 733 2284 reprehensa
764 2232 864 2271 sunt
894 2229 937 2271 in
965 2229 1164 2272 Aeneide.
1225 2229 1499 2271 Bartenstein
1523 2244 1591 2284 ap.
1622 2230 1738 2283 Virg.
1763 2233 1806 2271 et

172 2303 292 2356 Wgr.
321 2302 352 2352 Ι,
382 2314 422 2354 p.
457 2303 531 2341 131
567 2298 806 2341 contendit:
860 2299 1152 2352 „poenitentia
1178 2298 1353 2340 laudum
1392 2298 1437 2339 in
1466 2299 1707 2351 Augustum
1734 2312 1804 2338 cu-

172 2371 433 2413 mulatarum
463 2372 505 2410 et
530 2367 806 2409 inductorum.
833 2367 1037 2409 adversus
1057 2368 1313 2421 Epicuream
1342 2367 1611 2421 disciplinam
1628 2367 1805 2408 deorum

174 2453 223 2481 eo
248 2438 482 2480 adductum
519 2450 611 2479 esse
643 2439 837 2489 poetam,
886 2439 935 2477 ut
972 2439 1232 2478 testamento
1273 2450 1348 2478 suo
1389 2449 1560 2477 carmen
1594 2434 1803 2476 abolitum

174 2522 265 2550 esse
308 2507 471 2549 vellet.“
532 2507 642 2548 Sane
688 2504 792 2546 mihi
843 2518 1013 2558 quoque
1054 2506 1288 2557 rationem,
1337 2519 1422 2560 qua
1459 2503 1563 2545 deos
1598 2504 1806 2558 Virgilius

174 2575 354 2618 carmini
383 2590 458 2617 suo
487 2574 739 2625 immiscuit,
792 2587 920 2627 saepe
946 2573 1215 2628 displicuisse
1262 2574 1487 2625 confiteor,
1533 2573 1636 2627 quin
1674 2574 1806 2614 etiam

174 2659 286 2687 nunc
315 2648 414 2685 sunt
439 2644 525 2685 loci
556 2644 745 2697 aliquot,
792 2657 898 2696 quos
927 2642 1136 2696 improbo.
1195 2643 1482 2684 Nihilominus
1512 2647 1656 2685 tamen
1685 2657 1735 2684 ea
1762 2643 1807 2684 in

174 2728 221 2755 re
249 2712 455 2767 Virgilius
481 2713 650 2767 saepius
674 2713 943 2766 vituperatus
972 2715 1053 2765 est,
1086 2726 1214 2766 quam
1245 2713 1518 2764 aestimatus,
1548 2725 1686 2765 neque
1715 2712 1806 2753 eius

177 2796 287 2836 quae
317 2781 447 2823 fuerit
474 2781 669 2823 condicio
701 2781 910 2835 cogitant,
946 2781 1020 2823 sed
1050 2781 1167 2836 quod
1196 2781 1279 2836 ipsi
1309 2781 1516 2834 sentiunt,
1554 2795 1648 2823 eam
1676 2793 1806 2822 unam

290 2968 328 3005 ⁶)
354 2966 428 2998 Hac
469 2965 512 2998 de
549 2974 585 2997 re
624 2966 770 2998 maxime
809 2965 957 2998 meritus
999 2969 1053 2997 est
1076 2964 1205 2998 Lersch
1238 2964 1378 2998 duobus
1410 2964 1509 2998 libris
1544 2974 1632 3006 quos
1668 2963 1809 3006 scripsit

179 3025 207 3057 1.
231 3024 283 3056 De
307 3034 448 3056 morum
472 3025 508 3055 in
537 3022 698 3065 Vergilii
720 3023 874 3055 Aeneide
900 3023 1039 3057 habitet.
1088 3025 1118 3056 2.
1143 3023 1398 3065 Antiquitates
1425 3022 1669 3064 Vergilianae.
