2023 3350
255 149 334 188 :302

828 148 863 179 P.
889 146 1084 179 VIRGILII
1112 147 1323 181 MARONIS

366 260 423 299 At
460 261 584 311 parte
627 272 678 298 ex
713 258 819 310 alia,
857 273 944 313 qua
975 273 1080 301 saxa
1113 261 1306 302 rotantia
1340 261 1428 303 late

251 316 485 369 Impulerat
516 319 684 356 torrens
718 316 983 370 arbustaque
1021 318 1168 358 diruta
1201 319 1338 372 ripis,

250 373 442 415 Arcadas
479 373 669 414 insuetos
706 374 818 417 acies
856 375 1015 417 inferre
1053 375 1276 429 pedestres

250 431 308 472 Ut
339 430 447 471 vidit
490 430 630 472 Pallas
671 431 796 473 Latio
837 432 940 475 (lare
977 436 1102 486 terga
1134 433 1327 487 sequaci,

1815 434 1897 474 365

252 490 416 542 Aspera
457 489 552 541 quis
588 491 746 530 natura
779 490 864 532 loci
904 490 1123 532 dimittere
1164 491 1335 545 quando

251 546 397 587 Suasit
434 559 584 599 equos,
612 572 669 577 —
701 561 833 589 unum
874 548 988 602 quod
1028 548 1159 590 rebus
1195 552 1332 590 restat
1379 548 1545 601 egenis,

252 604 374 645 Nunc
416 618 558 658 prece,
593 618 704 646 nunc
741 605 868 648 dictis
905 606 1108 648 virtutem
1150 606 1349 648 accendit
1388 607 1574 648 amaris:

252 661 344 712 Quo
380 661 545 715 fugitis,
579 663 713 703 socii?
752 678 828 717 per
859 678 934 706 vos
969 668 1012 705 et
1045 664 1180 705 fortia
1217 663 1351 715 facta,

251 719 331 760 Per
369 719 488 760 ducis
526 719 716 761 Euandri
752 736 925 774 nomen,
965 722 1218 776 devictaque
1255 721 1387 772 bella,

1815 721 1898 761 370

253 778 466 830 Spemque
506 792 663 829 meam,
698 780 867 832 patriae
907 793 1017 834 quae
1054 794 1166 821 nunc
1206 779 1321 821 subit
1357 776 1528 820 aemula
1560 775 1703 828 laudi,

250 834 390 876 Fidite
426 849 478 876 ne
514 835 706 889 pedibus.
768 838 900 879 Ferro
931 837 1173 891 rumpenda
1212 851 1288 891 per
1326 837 1474 878 hostes

251 893 330 934 Est
367 893 455 941 via.
489 907 574 947 qua
614 894 764 947 globus
805 896 878 937 ille
915 896 1055 937 virum
1091 895 1368 937 densissimus
1406 894 1575 945 urguet.

252 950 344 992 Hac
384 964 458 992 vos
497 954 540 992 et
584 952 783 994 Pallanta
823 954 975 995 ducem
1013 954 1160 1008 patria
1197 954 1288 995 alta
1330 950 1530 1006 reposcit.

250 1008 438 1050 Numina
472 1009 593 1051 nulla
627 1015 845 1064 premunt3
884 1011 1060 1053 mortali
1091 1025 1324 1065 urguemur
1367 1009 1421 1050 ab
1456 1007 1582 1050 hoste

1816 1009 1898 1049 375

250 1067 475 1118 Mortales3
511 1067 692 1109 totidem
727 1069 851 1111 nobis
893 1070 1149 1123 animaeque
1189 1080 1440 1121 manusque.

251 1125 381 1176 Ecce,
421 1125 553 1167 maris
593 1140 751 1180 magna
792 1127 956 1169 claudit
992 1141 1071 1169 nos
1111 1126 1232 1169 obice
1268 1129 1452 1180 pontus3

251 1182 383 1224 Deest
418 1183 505 1224 iam
543 1187 661 1225 terra
702 1184 853 1237 fugae:
891 1186 1070 1240 pelagus
1108 1185 1335 1227 Troiamne
1375 1179 1596 1238 petemus?

252 1309 465 1342 3t32—43s.
517 1310 630 1343 Pallas
662 1311 867 1344 fortitudine
904 1312 1050 1345 excellit.

299 1368 374 1398 362.
400 1371 452 1399 Ab
488 1371 552 1399 alia
593 1376 685 1406 parte
727 1372 856 1406 equites
898 1373 1050 1401 Arcades

253 1420 406 1450 pugnant.
454 1417 564 1445 verna
594 1418 642 1445 sic
677 1418 840 1452 tnteiiige:
893 1419 932 1446 Ut
972 1418 1049 1446 vidit

252 1463 366 1490 Panas
388 1463 537 1491 Arcades
565 1468 657 1497 terga
684 1465 779 1499 dare,
812 1464 963 1492 virtutem
992 1471 1051 1492 ac-

252 1508 369 1536 cendit.
420 1509 558 1536 Additur
587 1511 684 1537 locus
716 1510 747 1537 in
774 1517 857 1545 quo,
900 1514 932 1538 et
967 1510 1049 1538 ratio

252 1561 317 1587 qua
349 1554 379 1581 id
410 1554 472 1583 fiat.
522 1555 665 1583 Torrens
700 1556 819 1590 aliquis
852 1556 884 1583 in
911 1556 1050 1584 Tiberim

251 1599 399 1627 defluens
424 1607 512 1628 saxa
535 1605 563 1628 et
593 1603 731 1629 arbusta
756 1609 869 1629 secum
897 1602 995 1630 ducta
1019 1602 1052 1629 in

251 1647 348 1673 alveo
375 1646 568 1680 reliqueram
598 1654 660 1681 qua
685 1647 748 1674 loci
774 1647 805 1675 in
837 1655 900 1680 quo
925 1654 1052 1682 pugna-

252 1696 366 1719 verant
411 1691 580 1725 iniquitate
629 1693 735 1720 coacti
779 1693 906 1727 equites
945 1701 1049 1727 equos

252 1737 443 1765 dimiserunt
464 1738 632 1772 etpedites
647 1743 890 1772 pugnaverunt:
921 1739 972 1766 cui
989 1746 1052 1773 pu-

251 1790 336 1816 gnae
349 1783 461 1814 generi
481 1792 544 1811 non
559 1784 689 1812 adsueti
704 1786 869 1818 pelluntur
888 1791 905 1812 a
918 1785 1052 1813 Latinis.

252 1843 294 1847 —
322 1825 477 1857 rotantia
504 1829 708 1864 participium
741 1830 986 1859 intransitivum
1012 1830 1052 1858 cf.

254 1872 283 1911 1,
306 1873 385 1903 233.

297 1918 372 1948 363.
403 1916 504 1948 Latio
528 1920 652 1948 Latinis
669 1919 710 1948 cf.
728 1918 761 1958 2,
786 1919 857 1950 193.
878 1919 1054 1960 Sequaces

252 1969 326 1994 sunt
353 1966 405 2000 qui
432 1965 543 2000 cupidi
568 1972 757 1999 sequuntur.

297 2010 374 2040 366.
410 2008 577 2049 Quando,
609 2012 781 2046 siquidem.
836 2014 873 2040 Et
903 2018 950 2041 est
984 2014 1052 2041 Ro-

251 2064 368 2085 manae
400 2058 544 2085 miiitiae.
594 2060 674 2086 Nam
705 2059 736 2086 in
770 2058 854 2087 locis
885 2058 1051 2094 impeditis

251 2111 355 2137 equuus
381 2103 554 2132 comitibus
581 2104 697 2132 dabant
724 2109 753 2132 et
780 2105 925 2139 pedestri
945 2109 1052 2133 certa—

251 2149 336 2177 mine
380 2148 630 2184 confliget›ant.“
676 2151 708 2178 S.
764 2151 906 2185 ..Verum
958 2155 1051 2185 nuto:

251 2192 412 2223 Arcadas
428 2193 603 2233 pedestres
619 2192 778 2235 (Aspera
804 2204 908 2236 equos·
922 2198 1053 2225 natura

251 2238 318 2268 Ioci
339 2237 514 2269 dimittere
532 2239 676 2277 suasit.)
727 2239 769 2271 Lft
796 2240 885 2271 vidit
910 2263 917 2270 .
934 2264 941 2271 .
964 2263 971 2270 .
1000 2250 1051 2270 se-

251 2284 366 2324 quaci,
397 2283 496 2315 Nunc
520 2286 645 2325 pree&
673 2289 721 2316 Pl.
748 2292 776 2315 et
795 2288 884 2317 eiicit
909 2285 1051 2328 quando

250 2336 278 2359 et
296 2340 400 2360 unum
417 2348 455 2352 —
473 2330 605 2371 egenis,
621 2337 649 2361 et
667 2341 771 2372 equos
787 2334 818 2362 in
838 2336 943 2363 locum
957 2334 1051 2363 vocis

251 2375 328 2417 quis
346 2378 450 2406 infert.
474 2375 542 2406 Μυ.
570 2379 651 2408 coni.
680 2377 813 2418 Aspera
840 2378 943 2420 aquis
963 2382 1052 2415 „Na-

251 2429 324 2452 tura
346 2424 410 2452 loci
442 2424 538 2459 aquis
579 2425 748 2458 torrentiS.
792 2427 886 2455 saxis
924 2426 1049 2461 passim

252 2470 347 2499 iactis
376 2477 495 2504 aspera
521 2470 607 2499 facta
633 2470 736 2499 erat.‘'·

297 2513 373 2544 367.
397 2517 465 2545 Hoc
499 2524 598 2545 unum
633 2519 777 2545 restabat
817 2517 909 2553 duci,
951 2522 982 2546 ut
1021 2521 1053 2546 et

251 2563 407 2590 benevole
436 2567 465 2591 et
491 2569 601 2591 amare
626 2563 721 2591 dictis
749 2571 827 2591 suos
853 2565 1049 2592 accenderet.

250 2608 324 2636 Ans
349 2608 461 2636 diesen
482 2609 618 2637 &Vorten
642 2611 729 2637 kann
754 2616 828 2637 man
855 2610 1050 2645 schliessem

252 2654 328 2682 dass
352 2655 466 2683 Pallas
494 2659 560 2683 erst
591 2655 623 2682 in
657 2656 727 2684 dem
753 2655 980 2692 Augenblicke
1005 2663 1048 2684 zu

251 2700 310 2727 den
335 2700 503 2729 Arcadern
529 2701 670 2737 gelangt,
696 2709 750 2729 wo
768 2701 856 2730 diese
873 2710 915 2730 zu
933 2701 1049 2730 ssiehen

250 2744 419 2781 heginnen.
472 2742 536 2774 Ld.
566 2746 605 2775 cf.
631 2744 707 2775 378.

296 2788 372 2819 369.
407 2788 455 2819 ΡΙ.
483 2791 565 2820 coni.
594 2800 657 2832 per
684 2800 743 2820 vos
773 2800 841 2832 ego
874 2789 989 2829 sortia
1020 2796 1051 2821 et

252 2841 362 2870 postea
383 2845 446 2876 per
473 2835 575 2866 decus
608 2835 772 2866 Euandri
795 2840 826 2868 et
855 2846 979 2867 nomen
1005 2853 1049 2858 ——

253 2882 298 2909 De
322 2890 451 2922 perque
475 2899 519 2903 —
545 2891 607 2922 per
630 2883 668 2912 cf.
697 2881 772 2911 313.

296 2925 371 2956 370.
399 2925 535 2957 devicta
557 2926 874 2965 !›ella,..exhaus1a,
889 2927 1043 2958 finita“S.

251 2973 312 3000 Sed
361 2971 495 3002 vincere
530 2982 598 3003 rem
635 2976 757 3010 aliquis
790 2976 907 3004 dicitnr
937 2976 1046 3011 eliam,

251 3017 283 3045 in
311 3026 374 3052 qua
397 3019 510 3048 vincit.
555 3021 607 3049 Sic
631 3019 767 3050 vincere
792 3018 959 3050 iudicium
979 3021 1045 3051 Cic.

250 3063 341 3091 Verr.
373 3063 406 3099 Ι,
433 3062 468 3099 1.Ι
491 3063 551 3101 53,
583 3064 654 3095 139.
701 3063 919 3106 sponsionem
950 3068 1045 3097 Caec.

1097 1313 1150 1344 31.
1178 1312 1231 1343 91.
1260 1323 1315 1350 pro
1343 1310 1477 1342 vincere
1501 1306 1634 1340 iudicio
1660 1310 1728 1340 Rc.
1757 1308 1815 1349 18,
1842 1309 1897 1341 53.

1097 1358 1282 1401 sponsione
1308 1360 1413 1394 Quint.
1445 1355 1508 1394 27,
1541 1354 1594 1384 84.
1640 1357 1696 1385 Sic
1737 1365 1897 1386 caussam

1097 1405 1235 1435 vincere
1258 1410 1307 1435 est
1335 1407 1394 1434 Ov.
1412 1405 1485 1433 Her.
1515 1399 1571 1438 16,
1597 1399 1651 1430 76.
1675 1399 1786 1432 victor
1816 1400 1901 1432 belli

1097 1453 1183 1481 Veli.
1210 1452 1241 1488 2Ἶ
1271 1451 1325 1480 55.
1353 1451 1400 1480 Cf.
1424 1451 1476 1478 Gr.
1503 1449 1534 1483 ς.
1563 1445 1639 1483 294,
1661 1446 1690 1477 2.
1739 1450 1817 1478 orta
1850 1454 1900 1480 est

1097 1501 1178 1527 haec
1201 1498 1339 1527 formula
1364 1505 1405 1526 ex
1430 1496 1491 1523 illa
1516 1491 1653 1523 vincere
1682 1491 1876 1525 victoriam.

1145 1541 1220 1572 371.
1249 1541 1360 1577 subit,
1387 1541 1546 1575 succedit,
1577 1547 1642 1575 qua
1671 1541 1762 1569 laudi
1796 1541 1900 1576 patris

1098 1598 1208 1626 parem
1229 1590 1293 1619 sibi
1319 1593 1492 1624 paraturus
1517 1590 1576 1615 est.

1143 1634 1220 1664 374.
1250 1632 1385 1671 Patria,
1410 1634 1520 1669 (locus
1545 1632 1578 1660 in
1603 1640 1665 1666 quo
1694 1636 1808 1667 postea
1831 1634 1900 1662 Ro-

1097 1682 1171 1718 ma)
1197 1681 1301 1716 poscit
1328 1685 1357 1709 et
1384 1688 1435 1709 me
1457 1683 1488 1708 et
1510 1686 1571 1708 vos
1597 1685 1637 1707 ea
1654 1677 1712 1707 via
1737 1679 1897 1717 grassari,

1098 1728 1153 1756 uhi
1179 1730 1287 1755 hostes
1313 1725 1503 1755 densissimi
1527 1728 1620 1760 sunt,
1652 1729 1749 1759 atque
1773 1725 1822 1754 sic
1846 1733 1898 1754 re-

1098 1773 1193 1802 verti.
1246 1788 1282 1792 —-
1331 1769 1452 1810 patria
1474 1768 1569 1805 alta,
1610 1770 1731 1799 nobilis
1756 1775 1786 1799 et
1807 1773 1901 1801 clara

1098 1819 1303 1854 antiquorum
1335 1820 1432 1846 rebus
1469 1816 1571 1853 gestis
1603 1816 1643 1845 cf.
1672 1814 1708 1853 4,
1738 1814 1791 1845 97.
1824 1814 1898 1846 PL:

1099 1865 1292 1900 „Epitheton
1306 1861 1381 1892 alta
1401 1867 1448 1892 est
1463 1860 1676 1903 languidum“
1700 1884 1708 1891 .
1728 1884 1735 1891 .
1757 1885 1764 1892 .
1790 1863 1898 1901 „Dum

1099 1911 1158 1940 alii
1175 1911 1339 1939 meliorem
1355 1909 1570 1939 coniecturam
1591 1912 1782 1945 proponunt,
1800 1909 1898 1939 affero

1098 1960 1197 1986 hanc:
1252 1953 1338 1985 Hac.
1371 1964 1402 1984 v.
1440 1963 1467 1984 e.
1501 1951 1535 1983 Ρ.
1577 1954 1609 1983 tl.
1644 1951 1748 1983 Troia
1783 1953 1900 1986 altera

1100 2003 1235 2038 (Nonne
1257 2005 1316 2031 hoc
1339 2000 1572 2038 languidius'?)
1592 1997 1716 2041 poscit.

1146 2046 1221 2077 375.
1247 2045 1392 2076 mortali
1417 2054 1612 2086 urguemur
1637 2043 1680 2074 ob
1704 2042 1811 2075 hoste.
1844 2048 1900 2078 Sic

1099 2097 1229 2130 Gestar,
1264 2095 1409 2128 Poenus,
1458 2094 1580 2121 bellum
1627 2100 1700 2121 cum
1738 2093 1898 2123 Romanis

1099 2143 1241 2169 suadens
1276 2140 1352 2169 dicit
1385 2146 1437 2174 ap.
1463 2139 1522 2167 Sil.
1548 2137 1586 2174 2,
1615 2135 1682 2165 338
1714 2136 1898 2168 mortalem

1098 2185 1269 2215 sumimus
1294 2183 1437 2214 hostem.

1145 2230 1220 2261 377.
1249 2239 1382 2271 magna
1407 2227 1521 2259 obice.-
1559 2230 1674 2266 „Modo
1698 2237 1782 2258 usus
1804 2232 1900 2260 habet

1098 2282 1132 2307 ut
1158 2275 1212 2307 hic
1236 2275 1318 2306 obex
1339 2277 1502 2311 dicamu83
1554 2276 1638 2303 unde
1664 2275 1796 2310 quidam
1821 2284 1900 2305 ma-

1098 2332 1171 2364 gno
1205 2320 1298 2352 obice
1340 2324 1460 2358 legunt.
1509 2321 1647 2356 Antiqui
1676 2321 1776 2350 etiam
1811 2318 1899 2352 haec

1098 2368 1181 2399 obex
1206 2367 1386 2398 dicebant.“
1419 2370 1450 2396 S.
1500 2367 1547 2396 Cf.
1572 2365 1610 2403 4,
1637 2365 1713 2396 462.

1145 2423 1221 2454 378.
1248 2427 1316 2454 Iam
1349 2433 1412 2453 non
1437 2428 1534 2452 restat
1557 2428 1660 2460 terra,
1703 2432 1764 2459 quo
1787 2424 1897 2460 fugia-

1098 2479 1186 2507 mus3
1235 2470 1480 2500 imercludimur
1518 2470 1610 2499 mari.
1668 2470 1750 2505 Quid
1787 2475 1897 2500 autem

1096 2518 1176 2546 estis
1210 2517 1354 2552 petituri.
1394 2523 1483 2545 mare
1512 2524 1555 2544 an
1582 2516 1724 2545 Troiam.
1784 2518 1896 2546 Nonne

1097 2564 1228 2593 Troiam
1253 2563 1442 2592 contendere
1473 2562 1654 2591 voluistis?
1700 2564 1814 2598 Itaque
1838 2571 1896 2598 per

1098 2610 1220 2639 medios
1247 2611 1356 2638 hostes
1388 2616 1424 2636 eo
1451 2608 1704 2643 perveniendum
1727 2612 1791 2646 est,
1831 2617 1896 2638 non

1099 2657 1139 2685 ad
1182 2662 1271 2684 mare
1304 2654 1548 2690 aufugiendum.
1602 2656 1652 2683 Ex
1676 2662 1777 2683 versu
1808 2655 1897 2684 enim

1095 2699 1160 2729 239
1194 2705 1327 2736 apparet
1352 2700 1499 2729 Arcades
1532 2697 1660 2729 castret«
1681 2700 1896 2730 Troianorum

1095 2748 1161 2776 iam
1193 2747 1300 2782 priore
1329 2746 1381 2775 die
1410 2755 1445 2775 se
1477 2746 1611 2782 iungere
1634 2746 1801 2783 voluisse,
1838 2748 1896 2776 sed

1095 2793 1265 2828 impeditos
1287 2800 1361 2821 esse
1383 2799 1403 2820 a
1419 2793 1546 2827 Turno3
1572 2791 1626 2827 (in
1652 2800 1714 2827 quo
1727 2792 1895 2829 miramur,

1094 2840 1176 2874 quod
1201 2839 1329 2867 Turnus
1353 2845 1418 2866 non
1443 2839 1526 2866 ultro
1551 2838 1700 2867 Arcades
1727 2838 1890 2874 abegerit)

1094 2887 1159 2913 iam
1191 2885 1305 2913 Aenea
1326 2885 1523 2912 adventante
1557 2884 1710 2918 impetum
1735 2883 1767 2912 in
1790 2884 1895 2912 Rutu-

1092 2932 1143 2959 los
1171 2930 1290 2959 fecisse
1321 2930 1378 2958 sed
1417 2931 1567 2964 repulsos
1608 2936 1683 2957 esse
1715 2929 1749 2957 in
1786 2931 1893 2959 locum

1092 2976 1254 3011 equitibus
1282 2976 1441 3010 iniquum.
1479 2977 1587 3009 Neque
1610 2975 1795 3004 absolutum
1818 2976 1893 3012 Vgl.

1092 3025 1122 3051 h.
1156 3024 1263 3052 locum
1293 3021 1438 3057 reliqum
1489 3020 1597 3049 omisit
1633 3020 1718 3049 enim
1752 3029 1894 3058 monere,

1090 3069 1246 3104 quomodo
1272 3068 1403 3104 Pallas,
1434 3066 1489 3101 qui
1515 3066 1548 3094 in
1574 3066 1708 3095 Aeneae
1730 3067 1810 3096 navi
1835 3068 1892 3097 ad-
