2023 3350
126 217 232 259 Tros
271 215 510 258 Rutulusne
547 211 643 253 fuat
682 211 803 253 nullo
841 211 1089 254 discrimine
1123 211 1311 265 habebo;

127 277 213 318 Seu
254 273 358 317 fatis
398 271 557 315 Italum
596 272 744 311 castra
782 269 1008 312 obsidione
1047 274 1261 322 tenentur,

131 333 228 376 Sive
266 345 411 375 errore
449 328 563 371 malo
601 327 757 370 Troiae
792 329 1057 382 monitisque
1093 329 1291 370 sinistris.

128 392 217 434 Nec
251 389 433 432 Rutulos
470 386 601 428 solvo.

130 450 450 500 Fortunamque
486 444 638 486 ferent.

127 508 237 549 Fata
271 505 383 546 viam
417 503 644 545 invenient.

126 565 208 607 Per
237 563 332 617 pice
368 564 586 603 torrentes
625 564 809 615 atraque
850 561 1056 615 voragine
1091 561 1210 616 ripas

750 97 990 130 AENEmos
1017 99 1104 131 Lm.
1130 99 1171 130 x.
1701 97 1784 136 485

1705 327 1786 366 110

663 386 751 429 Sua
792 387 948 441 cuique
982 401 1137 429 exorsa
1174 386 1369 428 laborem

699 445 793 486 Rex
835 445 1032 500 Iuppiter
1066 444 1263 487 omnibus
1299 444 1425 486 idem.

706 503 845 557 Stygii
882 517 959 557 per
996 502 1175 544 flumina
1215 502 1377 554 frat-ris,

1704 616 1782 655 115

125 620 308 672 Adnuit,
344 623 387 661 et
423 622 564 661 totum
607 622 714 660 nutu
757 619 1002 661 tremefecit
1040 619 1280 673 Olympum.

576 677 692 720 Solio
732 680 825 719 tum
861 678 1058 731 Iuppiter
1099 691 1230 719 aureo

125 678 208 721 Hic
244 677 341 720 finis
381 677 514 719 fandi.

127 736 296 790 Surgit,
333 736 564 778 caelicolae
599 735 789 778 medium
829 750 956 790 quem
1000 735 1057 778 ad
1093 735 1244 777 limina
1285 733 1459 774 ducunt.

238 795 412 836 Interea
448 794 598 836 Rutuli
637 794 776 848 portis
816 795 977 835 circum
1017 793 1214 835 omnibus
1251 791 1417 833 instant

123 851 324 895 Sternere
362 852 495 894 caede
523 852 664 905 viros,
707 855 749 894 et
786 852 958 894 moenia
998 852 1168 906 cingere
1205 849 1402 893 fiammis.

121 995 261 1031 plicetur
270 995 448 1024 secundum
461 994 588 1023 Horatii
598 996 720 1024 locum:
736 992 927 1024 ridiculum

122 1039 197 1070 acri
216 1039 351 1079 fortius
368 1043 400 1070 ct
414 1038 540 1069 metius
554 1049 709 1081 magnas
724 1039 930 1081 plerumque

123 1090 220 1116 secat
263 1095 318 1116 res
358 1095 402 1116 sc.
438 1087 480 1115 ad
511 1086 603 1116 finem
638 1089 821 1122 perducere.
868 1089 930 1116 Sed

122 1140 175 1169 ap.
203 1133 374 1162 Horatium
400 1132 523 1167 (Serm.
562 1131 591 1170 t,
622 1130 682 1170 10,
714 1131 774 1170 15)
801 1138 849 1163 est
875 1140 929 1162 se—

121 1187 196 1209 care
223 1181 339 1208 nodum
364 1187 473 1208 rerum
498 1178 692 1208 difficilium.
742 1181 803 1209 seu
831 1181 929 1209 etiam

121 1233 240 1256 secare
273 1234 348 1255 esse
378 1222 476 1264 sequi
505 1226 593 1255 docet
625 1226 749 1254 Nonius
776 1224 852 1254 40⁴.
885 1228 927 1254 M.

121 1268 294 1311 „Secum
340 1271 451 1306 sequi,
486 1273 571 1300 unde
607 1276 635 1300 et
665 1276 840 1302 sectatores
873 1274 929 1301 bo-

120 1326 238 1348 norum
275 1322 418 1347 sectores
459 1317 534 1347 dicti
569 1322 654 1346 sunt.
717 1319 790 1355 Vgl.
832 1320 853 1346 l.
888 1319 926 1346 X.

125 1361 225 1403 Quae
250 1360 376 1403 cuique
401 1361 484 1393 εἰς.ιι
510 1364 565 1393 Sic
588 1365 779 1393 Fest.Paul.
802 1372 830 1399 p.
851 1361 928 1392 3:37.

120 1412 165 1439 Μ.
213 1408 343 1447 „sectio
368 1410 549 1446 persecutio
580 1410 664 1439 iuris
701 1426 738 1430 —
773 1409 932 1439 Seciorcs

121 1461 153 1486 et
174 1457 230 1492 qui
253 1460 367 1486 secant
391 1457 559 1493 dicuntur,
593 1460 622 1484 et
655 1457 711 1491 qui
739 1461 847 1491 empta
869 1463 932 1485 sua

120 1501 392 1539 persequunturf·
442 1503 554 1532 Cicero
585 1507 741 1532 sectorem
773 1503 849 1532 dicit
874 1505 931 1531 bo-

119 1556 236 1579 norum
259 1553 433 1584 emptorem
459 1557 505 1583 pr.
533 1549 606 1578 ΒΑ.
625 1546 679 1583 35,
723 1547 796 1577 103.
829 1550 873 1577 At
900 1549 929 1577 sl

120 1595 206 1625 idem
237 1596 358 1624 ibidem
382 1592 435 1631 29,
462 1593 506 1623 60
533 1597 698 1624 sectorem
731 1603 750 1624 a
778 1593 929 1624 secando

122 1642 260 1679 deducit,
285 1645 388 1678 potest
414 1641 444 1670 is
470 1649 545 1670 esse
568 1644 707 1670 acerbus
734 1643 848 1672 lusus:
879 1645 930 1670 at-

123 1693 230 1718 tamen
260 1688 290 1717 si
325 1689 437 1717 sector
470 1688 504 1716 in
536 1688 606 1717 iure
629 1688 776 1716 Romano
798 1695 836 1716 ea
860 1692 929 1716 erat

122 1735 377 1772 significatione,
424 1738 456 1762 ut
488 1742 560 1763 cum
591 1735 691 1762 verbo
722 1731 820 1773 sequi
852 1742 929 1762 con-

123 1782 263 1818 veniret,
287 1781 430 1808 nondum
455 1783 583 1808 constat
610 1781 692 1814 quod
716 1781 788 1808 vult
803 1779 929 1807 Nonius

124 1834 243 1856 secare
271 1834 328 1860 pro
363 1823 459 1864 sequi
492 1832 631 1859 usquam
662 1826 783 1854 dictum
814 1825 928 1854 fuisse.

124 1875 238 1907 Itaque
253 1872 306 1900 liis
322 1871 473 1900 omnibus
487 1872 570 1899 nihil
589 1872 781 1905 proficimus.
817 1871 933 1899 Missis

126 1919 226 1955 igitur
258 1919 343 1947 locis
373 1917 494 1946 alienis
533 1924 710 1952 sequamur
745 1918 932 1953 Virgilium.

127 1965 189 1994 Hic
219 1964 302 1993 dixit
338 1971 454 1991 secure
491 1960 580 1991 viam
609 1972 665 1998 pro
689 1963 736 1992 ire
762 1972 818 1998 per
842 1964 933 1992 viam

125 2011 165 2041 cf.
193 2010 224 2048 6,
255 2008 337 2046 90⁰3
380 2009 480 2045 igitur
522 2017 636 2038 secare
678 2018 769 2044 spem
802 2014 849 2038 est
884 2007 934 2038 ire

124 2065 187 2097 per
217 2064 331 2096 spem.
365 2056 447 2090 quod
481 2059 529 2083 est
557 2063 703 2095 sperare
729 2055 768 2085 cf.
794 2055 825 2089 5,
855 2053 933 2084 786.

128 2100 183 2133 Pl.
209 2103 355 2137 explicat
380 2109 497 2130 secare
516 2109 609 2138 spem
632 2102 842 2137 ..praecipere
869 2101 932 2129 sibi

124 2154 247 2186 partem
283 2148 354 2183 spei
389 2149 442 2177 vel
481 2148 636 2176 malorem
670 2150 728 2176 -vel
765 2149 930 2176 minolem.

127 2199 224 2231 Spem
244 2195 329 2224 enim
350 2202 421 2223 cum
439 2195 590 2223 hostibus
609 2195 704 2228 quasi
720 2192 931 2223 dividimusx‘

175 2239 249 2270 108.
274 2240 431 2276 Iuppiter,
446 2248 555 2276 quum,
572 2241 635 2269 etsi
646 2240 930 2277 vetuerat,iterum

127 2289 260 2326 dearum
283 2287 375 2316 rixae
400 2291 490 2315 ortae
515 2291 646 2322 essent,
678 2295 782 2322 neque
809 2294 930 2323 pacem,

127 2342 225 2370 quam
266 2337 494 2370 proposuerat,
534 2338 725 2368 accepturos
755 2342 790 2362 se
818 2340 931 2361 omnes

128 2381 176 2409 dii
200 2379 456 2416 significassent,
485 2387 621 2414 poenam
645 2379 810 2408 constituit
835 2382 929 2414 hanc,

126 2430 162 2456 ut
186 2427 269 2462 quod
293 2427 413 2454 bellum
438 2427 572 2461 vellent,
595 2426 705 2454 omnia
723 2427 822 2460 mala,
848 2433 931 2460 quae

127 2481 171 2502 ex
202 2473 260 2501 illo
289 2473 374 2500 bello
411 2471 476 2500 fato
503 2472 674 2509 orirentur,
701 2474 837 2507 populos
861 2480 933 2506 pre-

127 2522 268 2556 merent,
304 2522 332 2547 et
354 2518 396 2554 ii,
421 2517 539 2552 quibus
562 2518 596 2547 in
616 2527 653 2547 eo
678 2520 762 2547 bello
788 2518 878 2547 vinci
902 2522 930 2546 et

127 2565 232 2602 perire
250 2565 315 2593 fato
329 2564 540 2593 constitutum
551 2569 649 2599 esset,
668 2565 817 2599 perirent.
839 2565 932 2593 Hanc

127 2612 325 2643 sententiam
374 2610 564 2640 accuratius
606 2611 728 2640 indicat
774 2611 927 2640 versibus

126 2658 302 2695 proximis:
333 2656 413 2686 Sive
441 2656 517 2685 fatis
551 2661 700 2686 tenentur
719 2657 853 2685 Troiani
876 2659 932 2685 ob-

126 2705 255 2735 sidione
274 2705 430 2732 Italorum
462 2701 522 2737 (cf.
549 2700 625 2739 31),
663 2703 737 2732 sive
764 2711 824 2731 suo
845 2704 931 2732 malo

127 2755 159 2781 et
182 2750 296 2780 fraude
322 2752 384 2778 huc
410 2754 627 2783 pervenerunt
652 2752 686 2778 ut
709 2749 933 2778 obsiderentur

129 2796 191 2833 (cf.
228 2795 309 2833 68);
350 2803 454 2830 neque
490 2796 630 2824 Rutulos
674 2796 786 2832 solvo,
823 2796 852 2824 si
891 2795 934 2823 iis

129 2843 233 2873 fatum
256 2843 428 2878 impendet.
473 2842 595 2870 Rerum
618 2849 701 2876 quas
724 2846 937 2876 susceperunt

99 2899 102 2902 ’
131 2890 269 2925 quisque
294 2889 423 2918 felicem
447 2892 477 2916 et
495 2887 659 2917 infelicem
677 2888 800 2916 exitum
822 2887 934 2916 ferent.

130 2936 284 2971 Utrisque
307 2942 432 2969 aequus
456 2942 521 2963 ero.
548 2949 586 2953 —-
615 2930 714 2962 nullo
735 2930 939 2962 discrimine

130 2978 279 3011 habebo:
305 2983 352 3011 ita
377 2979 414 3017 2,
451 2978 515 3008 102
544 2988 612 3009 uno
645 2975 766 3009 ordine
800 2975 937 3008 habetis

136 3024 296 3058 Achivos.
336 3028 453 3057 Eodem
476 3028 569 3057 modo
588 3023 653 3068 agi
672 3025 791 3055 dicitur
813 3022 842 3064 1,
859 3022 937 3054 574.

970 991 1173 1024 Rutulusne
1212 994 1326 1022 MPRb
1372 999 1435 1020 rec.
1472 986 1536 1019 Rb.
1574 984 1639 1017 Ld.
1678 995 1720 1016 ve
1744 995 1783 1027 γε

967 1049 1031 1070 rec.
1068 1038 1154 1081 Wg.
1183 1041 1270 1069 Cedo
1296 1042 1462 1067 Mssorum
1490 1034 1690 1065 auctoritati.

1015 1095 1079 1125 109
1109 1102 1136 1125 et
1162 1094 1214 1126 10.
1241 1098 1322 1125 delet
1363 1092 1428 1124 Rb.
1472 1092 1486 1122 1
1522 1101 1551 1128 p.
1582 1089 1625 1119 84
1666 1090 1783 1127 „Iovis

967 1150 1109 1180 persona
1159 1151 1275 1178 parum
1336 1138 1456 1178 digna“
1504 1136 1559 1168 Pl.
1599 1138 1681 1166 delet
1722 1144 1782 1165 seu

961 1187 1056 1227 fatis
1084 1205 1121 1209 —
1150 1187 1311 1218 omnibus
1340 1185 1432 1216 idem
1466 1184 1599 1223 „Oratio
1629 1183 1722 1212 Iovis
1750 1182 1782 1210 si

966 1236 1079 1265 aliena
1107 1244 1231 1264 mecum
1249 1235 1379 1269 recidis,
1405 1237 1452 1262 est
1471 1232 1611 1266 brevior,
1636 1228 1782 1266 gravior,

975 1286 1002 1311 et
1033 1282 1193 1311 concinna
1226 1284 1372 1316 bonoque
1404 1283 1499 1315 poeta
1522 1274 1671 1314 dignior*
1702 1271 1757 1304 Pl.

1027 1336 1100 1368 111.
1127 1338 1338 1371 ..Praeclaris
1364 1345 1406 1365 cx
1423 1335 1566 1364 fontibus
1581 1333 1693 1363 hausit
1718 1333 1782 1360 No-

976 1385 1051 1414 nius
1077 1387 1269 1414 Marcellus.
1294 1383 1345 1413 cui
1372 1390 1473 1412 unam
1496 1382 1649 1410 debemus
1673 1386 1784 1408 emen-

976 1432 1137 1460 dationem
1168 1428 1318 1470 popnlos
1353 1438 1407 1464 pro
1441 1429 1580 1464 vulgata
1618 1422 1782 1461 Rutulos,

977 1486 1072 1513 quam
1104 1477 1326 1512 prudentiores
1349 1476 1540 1510 interpretes
1566 1472 1651 1502 satis
1675 1470 1784 1506 expli-

977 1525 1045 1553 cari
1077 1532 1140 1552 non
1172 1532 1268 1559 posse
1295 1522 1437 1552 confessi
1470 1518 1567 1550 sunt“
1597 1516 1659 1548 11⁶.
1697 1515 1711 1545 1
1751 1525 1781 1552 p.

977 1568 1054 1598 211.
1087 1573 1193 1605 Supra
1216 1570 1417 1604 explicatum
1441 1572 1500 1596 est.

1029 1615 1100 1645 113.
1132 1614 1223 1645 Fara
1252 1613 1345 1644 viam
1374 1611 1552 1643 invenient
1578 1611 1618 1640 cf.
1645 1608 1681 1646 3,
1706 1607 1782 1637 395.

976 1664 1104 1692 Versus
1133 1660 1289 1690 113—15
1315 1662 1378 1691 iam
1397 1660 1473 1689 lecti
1495 1662 1568 1688 sunt
1593 1656 1623 1692 9,
1651 1654 1716 1684 104
1734 1663 1780 1689 sq.

1025 1706 1099 1736 117.
1128 1716 1226 1747 quem
1269 1705 1423 1743 ducunt,
1466 1710 1498 1734 ut
1541 1705 1711 1734 consulem
1753 1705 1783 1729 et

977 1756 1206 1789 magistratum
1239 1758 1384 1782 senatus.
1435 1754 1515 1780 Sunt
1543 1751 1599 1785 qui
1625 1752 1685 1778 hoc
1707 1749 1797 1776 deo--

979 1810 1051 1830 rum
1091 1800 1266 1830 concilium
1298 1799 1546 1834 reprehendant.
1603 1796 1646 1824 At
1679 1802 1783 1829 neque

979 1848 1051 1876 sine
1090 1854 1210 1875 caussa
1248 1848 1400 1879 habetur;
1431 1851 1508 1872 nam
1539 1847 1650 1872 contra
1688 1841 1784 1869 iussa

979 1895 1059 1922 Iuno
1090 1893 1124 1921 in
1154 1894 1239 1921 hello
1270 1896 1405 1920 versata
1430 1894 1478 1919 est
1510 1893 1538 1918 et
1574 1896 1594 1917 a
1620 1889 1699 1916 Iove
1731 1895 1783 1915 re-

980 1943 1114 1968 vocata:
1158 1939 1267 1973 itaque
1300 1941 1384 1967 recte
1414 1936 1559 1971 Iuppiter
1591 1932 1782 1964 convocatis

981 1986 1044 2014 diis
1078 1993 1173 2014 suam
1204 1984 1307 2020 aperit
1339 1985 1552 2012 voluntatem.
1609 1982 1674 2009 Nec
1698 1978 1781 2007 nihil

980 2032 1009 2060 fit
1032 2032 1091 2060 illa
1116 2031 1276 2068 contione,
1299 2030 1338 2060 cf.
1365 2038 1397 2059 v.
1427 2026 1504 2057 108.
1544 2027 1650 2056 Maior
1673 2030 1783 2055 autem

980 2078 1128 2107 nascitur
1166 2078 1242 2105 ordo
1276 2085 1400 2112 rerum,
1441 2082 1525 2110 quae
1556 2074 1671 2102 Aenea
1702 2073 1783 2101 duce

978 2129 1142 2159 geruntur,
1169 2131 1267 2158 quum
1293 2124 1331 2151 de
1358 2123 1401 2150 iis
1427 2120 1603 2150 consilium
1624 2121 1783 2147 habeatur

977 2172 1119 2199 deorum.
1148 2170 1259 2198 Voluit
1287 2169 1373 2198 enim
1398 2167 1542 2202 Iuppiter
1566 2173 1586 2194 a
1617 2166 1703 2193 bello
1730 2172 1782 2193 re-

976 2217 1096 2250 tinere;
1129 2216 1211 2251 quod
1243 2219 1351 2244 autem
1379 2222 1444 2243 non
1477 2215 1697 2247 obtemperant-
1725 2210 1782 2246 dii,

976 2263 1048 2298 ipse
1079 2271 1121 2291 ex
1157 2262 1221 2290 fato
1257 2262 1277 2289 i.
1311 2269 1338 2289 e.
1374 2268 1415 2289 ex
1450 2266 1578 2288 summo
1611 2258 1681 2286 iure
1714 2264 1783 2285 rem

975 2309 1176 2343 exsequitur,
1201 2315 1299 2342 qutun
1323 2315 1366 2335 ex
1397 2313 1500 2340 aequo
1527 2307 1673 2338 bonoque
1698 2302 1783 2331 iudi-

976 2363 1051 2384 care
1076 2363 1139 2383 non
1164 2358 1250 2383 esset
1279 2360 1484 2383 concessum.
1530 2350 1606 2379 Nisi
1625 2349 1712 2378 enim
1737 2348 1782 2376 dii

977 2410 1043 2430 rem
1068 2403 1264 2437 turbassent,
1290 2402 1435 2435 poterant
1460 2397 1574 2426 Rutuli
1598 2399 1627 2424 et
1651 2396 1782 2424 Turnus

978 2456 1052 2477 esse
1078 2448 1268 2477 incolumes.
1303 2448 1373 2475 Iam
1397 2445 1457 2473 illa
1483 2443 1623 2472 victoria
1647 2442 1782 2471 Aeneae

977 2491 1134 2522 mai-ima
1162 2501 1216 2521 res
1241 2489 1365 2530 effecta
1387 2492 1438 2520 est
1466 2488 1541 2525 (11,
1568 2487 1643 2524 1⁴).
1666 2488 1700 2516 in
1728 2495 1783 2516 ur-

978 2543 1049 2569 bem
1076 2547 1171 2569 suam
1194 2538 1354 2572 compulsi
1378 2540 1453 2566 sunt
1468 2535 1594 2569 Rutuli,
1619 2534 1652 2562 iu
1670 2534 1782 2570 fugam

978 2595 1098 2615 versus
1131 2587 1279 2619 Turnus,
1315 2584 1444 2613 occisus
1481 2581 1677 2617 Mezentius,
1718 2587 1783 2615 qua

978 2633 1117 2662 victoria
1146 2632 1211 2660 iam
1248 2631 1442 2660 constitutus
1479 2632 1528 2657 est
1559 2627 1639 2657 belli
1661 2627 1781 2656 exitus

978 2681 1091 2707 Nonne
1121 2678 1219 2714 igitur
1259 2684 1381 2706 caussa
1411 2675 1494 2704 satis
1522 2674 1622 2711 digna
1646 2673 1724 2710 fuit,
1750 2676 1783 2701 ut

979 2726 1023 2754 dii
1046 2724 1325 2754 convocarentur?

983 2779 1046 2811 ttS
1064 2797 1109 2801 —
1128 2778 1201 2810 145.

1282 2776 1413 2808 lterum
1464 2772 1588 2806 Rutuli
1633 2773 1784 2805 Troiana

1207 2826 1317 2854 eastra
1343 2824 1561 2864 oppugnant.

1030 2881 1108 2912 118.
1133 2881 1267 2912 instant
1294 2892 1320 2912 c.
1345 2882 1402 2911 inf.
1426 2881 1467 2911 cf.
1496 2879 1525 2918 1,
1549 2877 1627 2908 423.

1030 2928 1106 2958 119.
1133 2938 1177 2958 m.
1202 2926 1348 2969 cingere
1365 2924 1539 2967 flammiS,
1563 2926 1678 2956 allatis
1700 2925 1787 2963 igni-

982 2979 1044 3006 bus
1080 2976 1225 3011 undique
1264 2977 1302 3005 de
1338 2983 1430 3005 muro
1469 2974 1632 3009 depellere
1668 2980 1787 3008 propu-

985 3028 1133 3060 guantes
