2023 3350
743 107 979 140 AENEIDOS
1013 108 1095 139 ΠΒ.
1130 108 1175 140 11.

1697 107 1776 146 113

140 224 244 266 Visa
279 223 384 265 mihi
422 225 522 264 ante
552 221 700 263 000105
733 224 776 262 et
812 224 919 263 nota
954 220 1091 262 maior
1128 220 1282 274 imago.

141 281 355 336 Obstipui,
395 282 692 332 steteruntque
738 292 885 320 comae
924 282 966 320 et
999 292 1081 319 vox
1115 277 1309 319 faucibus
1346 276 1496 319 haesit.

141 340 246 381 Tum
277 339 338 380 510
377 337 540 389 adfari,
588 341 631 378 et
671 350 795 378 curas
829 337 895 378 his
932 336 1100 378 demere
1140 335 1284 378 dictis:

141 397 252 448 Quid
283 400 452 438 tantum
484 395 635 436 insano
672 394 791 436 iuvat
830 394 1051 448 indulgere
1083 393 1235 445 dolori,

141 455 175 496 Ο
211 454 346 495 dulcis
384 452 596 495 coniunx?
640 466 725 493 non
763 452 869 494 haec
909 452 1001 494 sine
1035 452 1208 493 numine
1247 449 1388 492 clivom

139 512 370 562 Eveniunt3
417 523 495 552 1100
534 513 578 551 te
617 510 814 552 comitem
848 513 1023 564 portare
1065 509 1266 551 Creusam

142 570 248 621 Fas,
291 572 368 610 aut
399 567 472 610 ille
509 567 610 609 sinit
643 568 788 621 superi
825 571 1029 621 regnator
1060 566 1241 621 Olympi.

140 628 290 681 Longa
328 625 409 668 tibi
448 626 597 667 exsilia
635 630 677 666 et
705 630 873 667 vastum
910 626 1040 667 maris
1074 638 1235 678 aequor
1270 621 1489 664 arandum.

140 685 196 726 Et
233 689 394 726 terram
433 683 687 736 Hesperiam
724 683 886 735 venies,
931 682 1005 724 ubi
1038 682 1197 736 Lydius
1231 695 1335 723 arva

137 743 256 784 Inter
290 742 434 796 opima
468 741 605 782 virum
638 741 723 782 10111
761 741 856 784 fluit
893 741 1061 794 agmine
1094 739 1286 793 Thybris.

138 800 232 841 11110
262 814 330 841 res
364 800 504 841 laetae
535 813 796 853 regnumque
831 802 872 840 et
901 799 1022 852 regia
1055 797 1238 838 coniunx

140 858 273 900 Parta
309 857 410 909 tibi3
450 856 651 898 lacrimas
685 856 866 898 dilectae
895 856 1007 910 pelle
1040 855 1235 897 Creusae.

136 916 235 957 Non
267 929 344 969 ego
380 914 693 970 Myrmidonum
732 914 853 956 sedes
885 914 1153 967 Dolopumve
1191 909 1396 965 superbas

140 1069 199 1096 Ov.
226 1068 260 1096 F.
288 1065 318 1100 2,
346 1066 410 1096 503
437 1068 491 1096 ubi
520 1068 678 1095 Romulus
710 1069 778 1101 post
805 1069 934 1094 mortem

139 1118 271 1148 apparet
315 1115 450 1143 Proculo
500 1109 644 1152 pulcher
698 1114 729 1140 et
782 1108 934 1139 humano

138 1157 269 1197 maior,
300 1163 329 1188 et
356 1162 398 1188 M.
425 1157 455 1195 9,
481 1156 545 1186 258
581 1155 640 1186 ubi
674 1153 838 1185 mortales
878 1153 935 1184 Τι’-

138 1202 298 1243 rynthius
321 1202 416 1233 exuit
441 1206 557 1240 artus,
588 1204 690 1241 parte
718 1199 772 1229 sui
795 1198 935 1229 meliore

137 1248 252 1290 vt'get,
280 1247 461 1289 maiorque
486 1245 597 1277 videri
623 1244 733 1287 coepit
759 1249 790 1276 et
817 1255 935 1287 augu-

137 1297 192 1324 sta
208 1292 294 1334 fieri
318 1292 500 1335 gravitate
523 1291 712 1328 vcrenrlus3
750 1297 778 1321 et
811 1293 852 1325 11,
882 1293 937 1327 qui

139 1341 189 1370 dei
214 1341 355 1370 3110111115
379 1341 510 1369 numine
536 1341 710 1374 implentur
740 1339 779 1368 cf.
807 1337 835 1368 6.
859 1336 911 1367 49.

190 1384 266 1415 774.
292 1388 378 1415 Idem
401 1395 433 1416 v.
462 1384 490 1423 3,
517 1383 569 1414 48.

189 1430 266 1462 775.
291 1434 378 1461 Idem
399 1441 431 1461 v.
456 1430 485 1467 3,
512 1429 585 1460 153.
613 1429 643 1467 8,
670 1429 722 1459 35.
757 1430 851 1459 nucu
872 1426 936 1458 Rb.

184 1487 260 1518 776.
290 1487 413 1518 insano
438 1489 528 1525 „sine
556 1487 700 1516 ratione*
728 1489 758 1515 S.
793 1486 832 1515 cf.
861 1483 935 1514 343.

144 1551 182 1555 —
212 1533 398 1575 indulgere
423 1539 456 1563 111
481 1532 511 1571 9,
538 1530 600 1562 165
632 1529 820 1572 indulgent
846 1529 936 1560 vino.

141 1597 180 1601 —-
207 1578 320 1610 dolori
349 1583 392 1609 M.
417 1582 479 1617 aL,
523 1584 570 1608 est
608 1580 693 1608 enim
727 1580 815 1607 dolor
846 1578 936 1606 insa-

139 1635 218 1661 nus,
259 1628 340 1662 quod
371 1630 450 1655 haec
482 1634 546 1654 non
577 1626 646 1654 sine
671 1625 802 1653 numine
828 1624 935 1652 divom

137 1673 303 1702 eveniunt.
330 1688 367 1692 —-
397 1669 509 1701 labori
533 1671 630 1706 pauci
652 1675 681 1699 et
701 1669 731 1708 6,
750 1667 824 1698 135.

183 1726 260 1758 778.
286 1730 369 1764 „Hic
391 1737 511 1758 versus
535 1732 620 1758 caret
643 1728 829 1763 scansione3
853 1727 934 1755 unde

139 1776 230 1804 multi
257 1779 287 1803 et
308 1772 406 1812 hinc,
444 1775 537 1803 multi
568 1783 608 1802 as
638 1775 802 1809 syllabam
830 1774 934 1801 detra-

139 1824 227 1850 hunt.
268 1821 303 1849 Si
323 1825 431 1849 tamen
454 1821 508 1849 vis
532 1820 590 1849 fide
614 1824 747 1848 servata
769 1820 934 1855 scandere,

137 1867 177 1895 sit
214 1867 383 1895 conversio
414 1870 462 1895 ut:
504 1863 667 1895 eveniunt
697 1873 758 1894 nec
788 1867 819 1894 te
855 1861 934 1893 hinc

138 1910 294 1940 comitem
332 1910 551 1952 asportare.“
590 1913 621 1939 S.
684 1912 829 1946 Apparet
863 1918 935 1939 eum

136 1958 257 1994 legisse
287 1965 314 1986 e.
348 1966 382 1986 n.
412 1954 492 1985 hinc
523 1959 555 1985 te
585 1965 610 1984 c.
641 1965 674 1984 a.
711 1961 764 1985 aut
797 1964 823 1985 0.
847 1965 880 1985 τι.
904 1959 936 1984 10

139 2001 294 2032 comitem
321 1999 400 2031 hinc
425 2011 459 2034 a.
508 2003 681 2037 Utrumque
708 2007 755 2030 est
782 2002 814 2030 in
843 2002 936 2030 libris

142 2051 222 2078 Mss.
249 2057 308 2077 nec
333 2057 395 2077 non
422 2049 518 2080 illud,
547 2049 630 2082 quod
654 2048 818 2082 proposuit
844 2050 935 2076 Serv.

143 2110 181 2114 —-
210 2096 293 2123 Dant
314 2095 371 2122 alii
392 2095 482 2122 libri:
506 2101 566 2122 7100
586 2095 618 2122 10
639 2090 794 2122 comitem
816 2100 936 2132 aspor-

137 2142 226 2169 tare.
281 2142 368 2168 MR:
403 2147 464 2168 uec
497 2141 529 2168 10
564 2136 717 2167 comitem
751 2135 829 2166 hinc
857 2145 938 2176 por-

140 2189 226 2215 tare.
255 2201 293 2205 —
320 2186 477 2214 Videmus
500 2187 560 2213 1100
584 2185 617 2212 in
642 2192 741 2213 versu
765 2184 830 2212 iam
854 2184 937 2212 anti-

140 2232 296 2266 quissimo
336 2236 474 2266 tempore
511 2230 634 2265 aliquid
671 2237 742 2258 esse
783 2230 935 2260 additum.

139 2279 221 2313 quod
250 2278 340 2314 Virg.
377 2286 440 2306 1100
473 2277 611 2311 scripsit.
660 2277 769 2310 Neque
801 2275 886 2303 enim
917 2282 937 2303 a

138 2328 232 2358 poeta
268 2328 403 2353 metrum
435 2323 616 2359 ignoratum
653 2329 725 2349 esse
763 2322 937 2349 credemus.

138 2371 208 2398 Iam
239 2370 269 2398 si
301 2369 494 2399 conferimus
526 2368 557 2400 5,
583 2365 660 2395 786.
699 2364 751 2403 12,
778 2364 861 2403 709,
905 2367 939 2394 111

141 2416 258 2450 quibus
290 2415 381 2443 illato
415 2415 448 2443 in
480 2416 586 2443 locum
620 2413 780 2448 simplicis
811 2421 939 2447 compo-

142 2461 203 2489 sito
230 2461 263 2488 in
284 2463 363 2489 Mss.
387 2461 511 2494 aliquot
538 2464 671 2488 metrum
695 2461 856 2487 turbatum
882 2463 940 2492 est,

142 2506 239 2534 facile
264 2507 471 2540 perducemur
501 2507 541 2534 ad
564 2512 636 2534 eam
665 2505 874 2540 sententiam,
907 2508 941 2532 111

140 2556 266 2586 poetam
300 2556 448 2586 putemus
481 2551 655 2586 scripsisse
687 2552 831 2589 portare
863 2551 941 2579 sim-

144 2599 220 2632 plex
259 2596 316 2631 [cf.
349 2596 386 2632 5,
414 2594 516 2633 154),
558 2597 710 2624 librarios
744 2601 865 2632 autem,
908 2600 941 2624 ut

143 2643 311 2672 auferendi
338 2642 602 2678 significationem
639 2641 783 2675 apertius
818 2642 943 2670 indica-

140 2693 228 2725 rent,
256 2688 384 2716 dedisse
407 2689 606 2726 asportare,
630 2687 712 2715 satis
738 2688 823 2721 apud
847 2688 943 2722 pede-

143 2739 226 2763 stres
270 2734 445 2768 scriptores
483 2733 659 2767 usitatum3
700 2733 821 2762 accedit
861 2734 944 2767 quod

143 2781 225 2809 Med.
250 2780 303 2808 dat
322 2781 475 2818 portare.
508 2779 580 2807 Alii
599 2778 748 2807 videntur
767 2779 833 2807 alio
852 2780 943 2807 modo

142 2826 351 2861 quaesivisse
376 2825 639 2860 perspicuitatem
663 2823 769 2852 addito
790 2821 880 2857 hinc,

188 2880 265 2910 779.
283 2879 353 2911 Fas
371 2883 433 2911 aut
446 2877 604 2920 Iuppiter
618 2881 701 2909 idem
717 2885 763 2909 est
778 2881 816 2910 cf.
827 2879 857 2919 3,
867 2878 943 2910 251.

191 2936 268 2967 780.
295 2936 409 2968 Arare
440 2945 528 2967 mare
555 2937 671 2973 legitur
711 2935 741 2973 3,
772 2935 836 2965 495
873 2934 945 2966 sul-

146 2992 208 3013 are
233 2993 277 3013 m.
310 2984 342 3020 5,
370 2981 444 3012 158.
486 2980 539 3019 10,
568 2979 651 3018 197;
697 2984 822 3012 sulcum
860 2983 946 3012 enim

146 3031 244 3060 navis
270 3030 347 3060 facit
371 3030 406 3059 in
428 3029 520 3059 mari.
555 3044 592 3049 —
632 3029 684 3057 Ad
715 3026 839 3058 exsilia
869 3037 946 3064 sup—

1696 909 1776 947 785

982 1065 1134 1099 plendum
1156 1068 1203 1093 est
1233 1057 1390 1091 obeunda
1418 1068 1459 1088 ex
1483 1067 1515 1087 v.
1540 1055 1712 1086 arandum
1738 1058 1777 1087 cf.

983 1109 1012 1147 1,
1038 1107 1113 1138 356.

1029 1175 1106 1205 782.
1137 1171 1294 1215 Thybris,
1322 1175 1358 1202 de
1383 1181 1462 1202 voce
1487 1172 1525 1201 cf.
1551 1168 1582 1204 S,
1606 1167 1659 1199 31.
1712 1167 1779 1210 Ly-

983 1221 1062 1252 dius
1087 1227 1134 1251 est
1160 1223 1366 1257 Tyrrhenus,
1386 1220 1522 1247 Tuscus,
1570 1217 1668 1246 Tusci
1694 1217 1779 1245 enim

982 1278 1023 1298 ex
1056 1268 1163 1304 Lydia
1194 1268 1227 1295 in
1261 1266 1422 1294 Etruriam
1453 1263 1657 1299 immigrasse
1686 1267 1779 1297 puta-

982 1318 1115 1346 bantur.
1142 1314 1180 1343 cf.
1206 1311 1237 1346 8,
1256 1309 1332 1340 479.
1382 1308 1513 1339 Tuscus
1537 1313 1643 1337 autem
1667 1307 1780 1337 amnis

983 1361 1108 1389 Tiberis
1131 1367 1227 1394 saepe
1247 1358 1361 1387 11101101·
1385 1356 1423 1385 cf.
1451 1352 1502 1389 ll,
1524 1353 1598 1383 316.
1623 1370 1660 1374 --
1692 1350 1780 1383 Leni

974 1404 1060 1446 fluit
1087 1403 1248 1446 agmine.-
1268 1406 1314 1432 Ita
1340 1409 1467 1442 agmen
1495 1408 1667 1440 aquarum
1691 1401 1725 1428 G.
1751 1397 1780 1437 1,

985 1450 1060 1480 322.
1106 1452 1228 1480 Avien.
1257 1452 1341 1478 desc.
1367 1453 1438 1476 terr.
1467 1444 1548 1475 1293
1582 1450 1609 1474 01
1635 1446 1777 1475 Ennius:

984 1495 1075 1537 quod
1113 1505 1175 1537 per
1216 1502 1400 1524 amoenam
1442 1490 1557 1523 urbem
1598 1489 1667 1520 teni
1695 1490 1780 1530 fluit

984 1541 1130 1584 agmine
1156 1541 1303 1581 flumen.
1351 1541 1445 1568 Lucr.
1472 1539 1502 1573 5,
1527 1536 1591 1565 272
1622 1535 1703 1566 inde
1725 1546 1780 1566 su-

979 1598 1043 1629 per
1074 1591 1184 1617 terras
1211 1585 1295 1626 fluit
1327 1583 1471 1626 agmine
1504 1581 1609 1612 dulci.
1658 1584 1778 1612 Avien.

982 1633 1047 1663 572
1080 1632 1233 1663 Eurotas
1258 1630 1359 1661 celer-1·
1379 1632 1471 1659 secat
1490 1628 1634 1668 agmine
1656 1632 1781 1658 terras.

982 1679 1047 1709 756
1077 1679 1180 1709 celeri
1206 1676 1275 1708 ruit
1305 1675 1449 1717 agmine
1483 1673 1639 1715 Ganges.
1692 1673 1778 1703 1072

983 1724 1101 1755 labens
1129 1722 1272 1766 agmine
1297 1731 1441 1753 amoeno
1470 1721 1629 1757 (fluvius)
1660 1725 1689 1749 et
1714 1718 1779 1749 876

986 1769 1112 1801 Phasis
1137 1768 1284 1812 agmina
1309 1765 1497 1809 provolvit.
1529 1768 1582 1796 Sic
1598 1774 1648 1802 ap.
1668 1768 1779 1795 Claud.

981 1819 1038 1847 IV.
1067 1826 1155 1847 cons,
1182 1818 1261 1845 Hon.
1287 1812 1347 1843 481
1385 1822 1496 1853 aquas
1521 1833 1552 1842 ..
1579 1810 1651 1841 alio
1678 1810 1782 1851 defle-

981 1867 1081 1893 xerat
1110 1865 1205 1893 actu.
1254 1861 1395 1890 Flavius
1422 1860 1507 1888 enim
1539 1866 1642 1893 aquas
1672 1865 1781 1897 agere

983 1910 1098 1939 dicitur
1120 1909 1158 1939 cf.
1187 1909 1273 1937 Curt.
1299 1905 1329 1942 3,
1350 1904 1379 1943 1,
1400 1905 1418 1933 5
1441 1907 1609 1940 Marsyam
1635 1904 1780 1941 fluvium,

981 1953 1114 1984 maiore
1139 1952 1175 1983 vi
1202 1963 1242 1982 ac
1265 1950 1354 1982 mole
1383 1952 1545 1991 agentem
1573 1947 1689 1979 undas
1717 1946 1781 1988 Ly-

985 2009 1060 2030 cum
1098 1997 1292 2040 appellant.
1341 2000 1400 2027 ΟΥ.
1436 1998 1469 2025 F.
1503 1994 1539 2030 1,
1572 1993 1637 2024 404
1673 2003 1782 2034 parce

982 2044 1080 2075 rivus
1115 2044 1245 2086 agebat
1282 2052 1407 2085 aquas.
1455 2043 1546 2077 Calp.
1579 2042 1640 2071 Sic.
1674 2039 1709 2072 2,
1738 2039 1781 2069 57

984 2089 1114 2120 virides
1140 2099 1208 2130 qua
1233 2096 1411 2131 gemmeus
1437 2086 1553 2117 undas
1575 2086 1659 2124 sons
1689 2084 1781 2126 agit.

984 2139 1062 2166 Inde
1087 2144 1189 2165 ausus
1214 2142 1262 2166 est
1295 2137 1369 2165 Val.
1397 2136 1444 2163 Fl.
1474 2132 1508 2170 3,
1535 2130 1575 2161 91
1614 2130 1783 2162 Caeruleo

984 2180 1092 2211 veluti
1109 2191 1211 2222 quum
1229 2179 1388 2221 Iuppiter
1403 2177 1547 2220 agmine
1561 2175 1684 2207 nubem
1703 2187 1782 2207 con-

983 2225 1110 2258 stituit.

1031 2292 1106 2324 784.
1133 2295 1260 2334 μανία,-
1292 2292 1510 2322 Vaticinantis
1535 2291 1620 2319 enim
1643 2295 1691 2319 est
1715 2298 1782 2319 rem

985 2342 1126 2371 futuram
1155 2345 1188 2368 ut
1220 2343 1353 2373 certam,
1389 2343 1419 2366 et.
1441 2337 1536 2372 quasi
1559 2336 1676 2365 factam
1699 2336 1783 2364 indi-

988 2395 1070 2417 care.
1117 2402 1154 2406 ——
1207 2382 1374 2414 dilectae:
1416 2384 1524 2411 Habes
1565 2382 1783 2411 testimonium

989 2435 1094 2469 ipsius
1118 2432 1241 2466 uxoris,
1271 2438 1306 2459 se
1329 2432 1368 2459 ab
1387 2430 1502 2458 Aenea
1524 2435 1596 2456 esse
1622 2431 1781 2463 amatam,

988 2484 1021 2508 ut
1045 2488 1077 2508 v.
1110 2475 1174 2505 777
1207 2485 1303 2506 suum
1326 2483 1467 2505 amorem
1491 2473 1635 2509 prodidit.
1664 2488 1702 2492 -—
1731 2470 1783 2501 la—

989 2523 1116 2554 crimas
1149 2521 1299 2553 Creusae
1328 2523 1366 2550 de
1389 2520 1531 2558 genitivo
1562 2519 1600 2548 cf.
1627 2515 1703 2546 412.
1742 2534 1779 2538 —-

990 2572 1084 2601 ..Noli
1119 2570 1207 2599 flere.
1241 2577 1299 2598 1100
1333 2568 1418 2596 00101
1453 2565 1583 2600 captiva
1618 2562 1711 2593 sum*
1750 2566 1781 2593 S.

990 2618 1098 2646 Oratio
1140 2620 1247 2644 autem
1284 2615 1379 2648 plena
1421 2612 1567 2641 affectus:
1619 2612 1688 2639 Non
1723 2611 1783 2639 erit

990 2670 1089 2692 serva
1111 2661 1259 2690 GraeciS.
1291 2660 1373 2694 quod
1397 2663 1425 2686 et
1449 2657 1642 2694 ignominiae
1667 2656 1784 2685 fuisset

990 2709 1072 2743 ipsi,
1094 2709 1177 2742 quod
1204 2706 1347 2740 tulisset,
1374 2704 1412 2733 cf.
1439 2701 1470 2736 3,
1496 2699 1571 2730 321.
1603 2706 1633 2730 et
1656 2702 1783 2738 marito,

990 2756 1073 2789 quod
1106 2761 1167 2782 non
1200 2751 1402 2780 defendisset.
1452 2750 1557 2784 Quare
1587 2748 1674 2777 addit
1704 2755 1784 2776 suae

991 2799 1159 2836 dignitatis
1201 2797 1344 2826 conscia:
1404 2791 1584 2823 Dardanis
1625 2795 1719 2830 „laus
1765 2800 1786 2822 a

992 2846 1168 2875 maioribus
1186 2846 1215 2872 et
1235 2839 1374 2870 Veneris
1388 2848 1508 2878 nurus,
1531 2842 1606 2869 laus
1623 2847 1643 2868 a
1665 2846 1785 2876 cogna-

992 2890 1108 2920 tione.“
1151 2892 1182 2918 S.
1257 2887 1425 2922 supplevit
1463 2886 1582 2922 aliquis
1620 2893 1672 2920 ap.
1712 2887 1785 2913 Ser-

992 2938 1098 2966 vium:
1151 2937 1183 2964 et
1216 2936 1279 2963 tua
1315 2930 1482 2969 coniunx,
1533 2932 1675 2966 ineptum
1710 2930 1787 2959 huic

992 2985 1079 3018 loco,
1119 2984 1156 3010 ob
1185 2987 1240 3016 ea,
1277 2986 1358 3013 quae
1388 2978 1495 3008 statim
1525 2980 1719 3015 sequuntur,
1756 2980 1787 3004 et

993 3036 1074 3064 quae
1099 3030 1172 3056 sunt
1194 3034 1226 3054 v.
1258 3022 1333 3053 783.
