2023 3350
695 88 926 123 AENEIDOS
955 93 1037 126 LIB.
1068 93 1140 126 xil.

103 203 367 256 Magnanimi
400 203 510 244 Iovis
543 202 760 255 ingratum
794 203 1053 247 adscendere
1092 206 1242 258 cubile,

101 261 404 311 Praetulerim,
439 259 631 313 caelique
671 261 807 303 libens
843 262 886 303 in
922 267 1045 316 parte
1089 264 1288 316 locarim3

102 318 228 359 Disce
265 322 400 368 tuum,
437 330 489 357 ne
526 330 593 358 me
632 318 817 370 incuses,
856 321 1055 372 Iuturna,
1092 321 1305 364 dolorem:

102 378 196 426 Qua
226 376 316 416 visa
349 377 413 415 est
448 373 623 416 fortuna
659 377 770 430 pati,
810 377 1056 431 Parcaeque
1093 378 1291 420 sinebant

102 433 260 474 Cedere
291 445 359 472 res
395 431 537 483 Latio,
575 433 761 475 Turnum
800 438 842 476 et
877 439 953 478 tua
992 436 1160 477 moenia
1193 437 1303 487 texi,

100 491 219 532 Nunc
254 489 444 530 iuvenem
474 489 712 543 imparibus
744 492 866 534 video
903 507 1156 535 concurrere
1191 493 1305 544 fatis,

98 548 412 599 Parcarumque
452 546 542 588 dies
581 552 624 589 et
654 550 716 591 vis
752 550 926 592 inimica
963 551 1236 604 propinquat.

1648 556 1728 595 150

98 605 192 646 Non
231 617 419 657 pugnam
450 604 671 658 adspicere
701 607 812 649 lianc
844 608 997 659 oculis,
1033 622 1119 649 non
1157 607 1336 649 foedera
1370 621 1555 662 possum.

100 661 182 712 Tu,
223 675 302 714 pro
338 675 539 715 germano
582 665 617 705 si
655 665 757 718 quid
788 666 1055 719 praesentius
1090 665 1233 717 audes,

95 719 247 772 Perge3
285 718 416 760 decet.

475 721 638 763 Forsan
675 723 852 764 miseros
888 723 1066 764 meliora
1100 726 1342 776 sequentur.

95 776 178 817 Vix
216 789 283 829 ea,
323 791 454 831 quum
488 778 689 822 lacrimas
725 781 857 822 oculis
887 781 1068 822 Iuturna
1108 780 1313 834 profudit,

95 833 262 887 Terque
298 838 533 890 quaterque
571 852 700 879 manu
730 842 878 892 pectus
921 839 1130 892 percussit
1164 838 1401 880 honestum.
1648 842 1665 879 l

1675 842 1696 879 Q!

1704 840 1725 879 Ul

94 892 191 933 Non
229 892 416 934 lacrimis
455 894 537 935 hoc
574 899 761 950 tempus,
799 897 861 937 ait
901 896 1102 938 Saturnia
1138 897 1262 947 Iuno;

94 949 303 992 Adcelera
339 955 382 992 et
422 949 619 1005 fratrem,
660 954 695 994 si
728 954 822 1007 quis
860 954 1027 1005 modus,
1070 954 1185 1008 eripe
1223 952 1369 1004 morti,

94 1009 181 1048 Aut
218 1012 268 1050 tu
308 1007 421 1050 bella
459 1010 521 1051 cie
552 1014 891 1065 conceptumque
930 1015 1080 1053 excute
1118 1011 1279 1053 foedus.

93 1066 256 1107 Auctor
285 1079 362 1119 ego
396 1067 591 1109 audendi.

652 1069 721 1110 Sic
758 1070 986 1111 exhortata
1013 1069 1187 1123 reliquit

93 1122 308 1165 Incertam
342 1128 385 1165 et
420 1125 536 1166 tristi
567 1126 786 1168 turbatam
822 1126 996 1169 volnere
1033 1128 1198 1168 mentis.

1650 1125 1729 1165 160

206 1181 375 1223 Interea
412 1197 554 1237 reges:
594 1184 755 1238 ingenti
798 1185 909 1227 mole
942 1185 1120 1226 Latinus

95 1238 362 1293 Quodriiugo
402 1240 570 1282 vehitur
609 1256 752 1293 currit,
790 1243 857 1284 cui
895 1246 1090 1295 tempora
1127 1242 1287 1283 circum

92 1296 245 1339 Aurati
280 1296 345 1339 bis
387 1312 459 1339 sex
498 1298 607 1340 radii
646 1299 857 1354 fulgentia
894 1300 1081 1353 cingunt,

132 1449 205 1480 144.
224 1449 407 1492 ingratum
417 1448 539 1490 cubile,
551 1453 655 1487 „quod
666 1453 800 1487 gratiam
812 1460 884 1481 eant

91 1503 206 1526 castae
225 1505 289 1526 non
312 1502 501 1533 praesentat
526 1498 620 1526 uxori
642 1497 821 1533 Iuppiter.“
852 1501 884 1526 s.

90 1544 159 1572 Alii
183 1543 349 1578 accipiunt
376 1545 415 1571 tle
440 1545 563 1572 lunone
596 1546 713 1572 malam
746 1544 884 1579 gratiam

87 1590 178 1618 lovis
207 1589 379 1624 pellicibus
406 1589 578 1617 referente.
617 1591 768 1618 Attamen
787 1598 884 1624 quum

88 1637 171 1664 Iuno
213 1635 286 1669 ipsa
325 1637 488 1672 loquatur,
530 1636 669 1664 iniuriae
712 1641 882 1671 acceptae,

89 1688 184 1716 quam
213 1681 344 1710 ultionis
369 1682 488 1710 mentio
516 1682 620 1716 aptior
638 1682 766 1710 videtur
795 1690 883 1710 esse.

88 1743 134 1747 —
158 1729 250 1756 Hanc
284 1735 380 1756 unam
416 1735 481 1755 non
510 1732 560 1756 est
593 1734 766 1762 persecuta
794 1730 885 1762 luno,

90 1774 149 1803 sed
192 1780 312 1809 passa,
366 1778 398 1801 ut
433 1774 515 1801 inter
554 1774 634 1801 deos
671 1774 886 1809 reciperetur,

89 1826 187 1854 quam
211 1819 346 1855 gratiam
370 1826 519 1853 magnam
537 1819 702 1847 aestimat.
731 1816 782 1848 Pl.
801 1819 885 1847 coni.

96 1862 264 1894 Germani
293 1861 394 1893 lovis.

138 1909 209 1938 145.
236 1907 345 1938 libens
368 1911 498 1938 Mprtbc
526 1906 646 1939 lubens
673 1907 735 1938 Rb.

138 1953 212 1985 147.
241 1964 312 1995 qua
346 1964 394 1984 sc.
426 1956 551 1984 ratione
582 1955 620 1985 cs.
656 1953 733 1984 670.
765 1959 793 1984 el
822 1964 886 1991 qua

88 2003 215 2031 ratione
244 2003 370 2030 Parcae
396 2001 558 2037 sinebant,
584 2002 602 2030 i.
622 2009 650 2029 e.
678 2002 797 2035 unibus
817 2002 886 2030 tini-

88 2051 150 2078 bus
175 2053 202 2075 et
233 2048 406 2082 potestatis
435 2052 463 2075 et
491 2048 646 2082 temporis
678 2048 886 2076 circumscri-

89 2099 227 2130 pserunt
251 2101 354 2122 meam
379 2094 411 2122 in
438 2094 579 2122 tutandis
607 2094 732 2122 Latinis
771 2098 886 2128 poten-

89 2142 177 2178 tiam,
203 2140 270 2168 texi
297 2142 452 2168 Turnum.
490 2141 603 2173 Itaque
630 2141 711 2168 Iuno
729 2140 792 2168 iam
809 2139 885 2168 fatis

89 2195 128 2216 se
151 2185 335 2215 interiorem
364 2185 544 2214 confitetur.

137 2229 211 2261 149.
233 2228 427 2271 imparibus
452 2228 546 2269 satis
575 2231 593 2259 i.
623 2239 651 2260 e.
675 2231 750 2266 ipso
782 2231 887 2260 maio-

89 2279 193 2310 ribus.
220 2285 305 2312 quae
331 2277 442 2312 nequit
464 2284 635 2312 superare.

140 2323 216 2352 151.
241 2321 422 2362 adspicere
464 2331 532 2351 non
578 2331 755 2362 pessume·
787 2323 887 2359 „quia

89 2370 222 2400 numina
254 2369 404 2404 quotiens
436 2370 611 2398 morituros
642 2369 782 2397 viderint
815 2377 886 2402 θος,

90 2417 208 2451 quibus
232 2415 360 2452 favent,
401 2417 442 2444 ab
477 2415 526 2444 bis
550 2415 741 2443 recedunt.“
768 2418 800 2443 S.
844 2414 884 2443 cf.

89 2461 166 2492 841.
197 2460 248 2499 10,
274 2458 349 2489 473.
381 2461 484 2490 Nimia
505 2469 642 2490 moveor
665 2461 887 2496 animiaegri-

90 2509 212 2537 tudine.

140 2552 214 2582 152.
245 2550 313 2590 Tu,
356 2560 453 2587 quum
485 2560 545 2587 ego
577 2557 679 2581 veter.
706 2568 750 2573 -
780 2560 884 2593 prae-

89 2597 222 2629 sentius
247 2598 455 2636 „efficacius,
479 2596 729 2628 vehementius“
755 2601 787 2628 S.
837 2600 886 2627 Ita

89 2645 167 2675 24⁵.
194 2645 226 2681 9,
252 2643 326 2673 404.
377 2644 445 2673 Cic.
470 2645 569 2672 Tusc.
601 2643 627 2681 l,
657 2641 706 2681 12,
726 2643 770 2673 28
797 2641 885 2673 Her-

90 2689 183 2721 cules
212 2691 333 2720 tantus
372 2691 403 2718 et
437 2692 507 2718 tam
541 2697 705 2729 praesens
739 2687 887 2719 habetur

90 2735 185 2767 deus.
233 2737 311 2764 lnde
337 2735 434 2763 etiam
455 2735 595 2764 assumit
618 2736 810 2765 infinitivum
832 2743 885 2770 ap.

90 2785 168 2813 flor.
205 2783 239 2812 C.
272 2781 298 2819 1,
328 2780 382 2817 35,
411 2779 425 2809 l
460 2777 487 2808 0
515 2778 598 2809 diua
622 2790 790 2820 praesens
817 2779 885 2810 imo

89 2827 212 2859 tollere
233 2825 275 2857 de
299 2824 430 2868 gradu.
466 2825 514 2855 Cf.
543 2822 573 2862 4,
599 2825 676 2856 563.
725 2828 778 2856 Sic
802 2835 883 2867 pro·

88 2873 170 2916 pius
196 2878 246 2904 esi
270 2873 393 2902 firmius
418 2871 451 2908 8,
477 2869 531 2899 79.

137 2919 212 2951 153.
236 2926 358 2960 perge,
383 2925 457 2954 age,
482 2916 602 2954 fac‚cf.
620 2914 654 2953 4,
682 2916 744 2946 113
765 2926 883 2958 perge,

92 2974 227 3006 sequar.
271 2964 385 2996 decet:
424 2966 527 2999 „Nam
567 2964 660 2991 decet
694 2970 882 2998 germanam

90 3012 206 3042 illicita
228 3013 337 3051 etiam,
360 3018 417 3046 pro
431 3009 542 3039 [ratris
557 3010 667 3038 salute
682 3008 830 3038 tentare“
849 3012 881 3038 S.

932 1452 995 1480 Sed
1024 1452 1098 1480 milii
1125 1459 1188 1479 non
1222 1449 1425 1485 permittitur.
1467 1463 1510 1467 —-
1550 1454 1594 1475 m.
1618 1454 1660 1475 m.
1683 1453 1727 1475 s.:

933 1498 1075 1526 fortasse
1101 1497 1267 1531 continget
1293 1495 1388 1523 vobis
1412 1494 1480 1522 fata
1501 1493 1637 1521 evitare.

983 1543 1053 1571 155.
1080 1540 1279 1580 honestum,
1321 1540 1362 1569 cf.
1402 1539 1431 1575 l,
1463 1538 1540 1567 591.
1595 1535 1728 1577 Terque

933 1592 1125 1630 quaterque
1151 1593 1250 1617 mutat
1284 1584 1339 1616 Gt.
1365 1586 1397 1614 in
1425 1588 1543 1625 terque
1566 1586 1727 1623 utraque.

984 1635 1054 1664 156.
1085 1631 1159 1663 Hoc
1185 1637 1320 1673 tempus
1352 1636 1420 1668 est,
1461 1639 1523 1665 quo
1555 1629 1726 1664 loquimur.

933 1683 1062 1715 ltaque:
1095 1677 1195 1709 Nunc
1230 1678 1376 1708 lacrimis
1407 1683 1536 1712 tempus
1567 1683 1631 1704 non
1664 1679 1727 1704 est.

933 1728 1038 1761 Quare
1057 1734 1118 1755 nec
1143 1723 1198 1754 hic
1215 1727 1360 1763 lempuS,
1386 1724 1470 1758 quod
1486 1723 1570 1751 coni.
1586 1718 1648 1750 Hs.
1666 1729 1728 1749 nec

931 1781 1022 1801 nnnc
1048 1774 1193 1810 teinpuS,
1215 1771 1301 1805 quod
1321 1766 1383 1805 Pl„
1412 1776 1496 1803 opus
1522 1772 1584 1796 est.
1606 1782 1649 1786 —
1673 1765 1727 1796 la-

933 1816 1049 1846 crimis
1076 1819 1175 1846 tupho
1200 1812 1366 1845 lacrumis
1396 1816 1448 1842 dal
1479 1811 1539 1843 Rb.

985 1863 1056 1892 159.
1086 1863 1214 1892 Auctor
1238 1870 1304 1902 ego
1327 1861 1368 1889 ct.
1396 1863 1448 1889 Gr.
1472 1857 1501 1897 §.
1527 1857 1582 1888 69.
1607 1860 1671 1888 Αιι.

983 1910 1057 1938 160.
1088 1906 1270 1944 incertam,
1290 1907 1365 1942 quia
1386 1905 1577 1943 persorsan
1596 1909 1626 1934 et
1641 1906 1725 1940 quoti

933 1956 1064 1990 addidit,
1109 1951 1138 1982 si
1181 1951 1258 1993 quis
1297 1950 1418 1982 modus
1460 1951 1619 1986 eripiendi
1663 1955 1726 1987 est,

932 2002 1107 2030 consilium
1136 2007 1231 2029 suum
1258 1999 1407 2027 innuerat
1432 2005 1496 2026 non
1516 2002 1619 2026 ratum
1644 1997 1726 2025 fore.

937 2078 1054 2110 161-
1071 2077 1146 2109 215.
1197 2077 1343 2108 Latinus
1373 2081 1407 2107 et
1430 2074 1565 2107 Aeneas
1601 2072 1726 2105 foedus

1135 2121 1358 2155 iureiurando
1386 2121 1535 2154 firmant.

983 2183 1054 2211 161.
1088 2180 1224 2212 Interea
1246 2190 1362 2222 reges:
1380 2181 1726 2215 Latinus,'l'urnus—

932 2231 1078 2261 Aeneas.
1103 2228 1285 2256 Ascanius.
1325 2227 1398 2256 Noli
1425 2227 1582 2261 supplere
1604 2232 1727 2264 proce-

933 2274 1020 2304 dunt
1044 2275 1084 2303 cs.
1106 2274 1155 2308 lt,
1171 2272 1248 2302 887.
1275 2289 1319 2292 —
1342 2269 1479 2313 ingenti
1498 2267 1587 2300 mole
1611 2278 1727 2307 „pom-

933 2329 985 2357 pa,
1010 2319 1152 2350 atnhitu·‘
1178 2322 1210 2348 S.
1233 2320 1346 2349 claud.
1373 2320 1406 2348 in
1427 2320 1557 2352 Eutrop.
1587 2315 1638 2353 ll,
1665 2315 1722 2344 101

931 2370 1032 2396 tanta
1059 2363 1222 2394 subtimes
1250 2363 1337 2393 mole
1368 2361 1529 2392 redibant
1562 2369 1621 2390 ceu
1648 2359 1726 2390 vin-

932 2409 1192 2442 ctostraherent
1209 2408 1327 2440 Medos
1346 2408 1538 2448 Indumque
1549 2405 1725 2436 bibissent.

931 2461 999 2488 Iani
1024 2459 1074 2487 hic
1105 2466 1192 2486 unus
1224 2459 1337 2494 locus,
1368 2456 1420 2484 cui
1452 2456 1525 2485 addi
1549 2461 1650 2489 posse
1677 2453 1726 2481 vi-

932 2507 1024 2533 detur
1055 2505 1152 2533 buius
1184 2503 1255 2543 libri
1283 2510 1313 2531 v.
1339 2501 1423 2538 575,
1465 2502 1505 2530 ad
1537 2500 1726 2528 firmandam

931 2551 1068 2579 sufficiet
1097 2550 1203 2578 Servii
1229 2549 1493 2584 explicationem,
1527 2551 1559 2574 ut
1581 2554 1646 2574 non
1669 2553 1728 2575 co-

932 2604 1047 2632 gamur
1083 2596 1235 2630 accipere
1274 2595 1494 2623 coniecturam
1544 2588 1616 2628 Plt,
1662 2591 1728 2628 qui,

931 2651 1029 2677 quum
1055 2642 1087 2670 in
1102 2641 1153 2670 Ml
1176 2641 1235 2669 sit:
1261 2647 1321 2670 rex
1347 2636 1485 2680 ingenti
1512 2635 1554 2667 cle
1571 2634 1660 2667 mole
1678 2633 1728 2673 L.‚

931 2688 1088 2717 coniecit:
1143 2684 1278 2715 [nterea
1304 2693 1363 2714 rex
1396 2681 1537 2724 ingenti
1563 2681 1605 2712 de
1636 2690 1729 2711 more

934 2731 972 2763 L.
1004 2731 1041 2771 Q.
1068 2742 1098 2761 v.
1124 2740 1171 2767 c.,·
1219 2731 1411 2766 praesertim
1443 2738 1561 2767 quum,
1594 2726 1729 2758 curin·

930 2777 1033 2820 genti
1058 2774 1274 2818 quadriiugo
1298 2784 1401 2805 curru
1421 2777 1557 2805 Latinus
1582 2774 1656 2803 vehi
1680 2774 1729 2803 di-

931 2830 1040 2859 catur,
1083 2832 1146 2852 non
1170 2823 1334 2858 docuerit,
1360 2826 1391 2850 et
1417 2821 1605 2851 Macrobius
1630 2820 1726 2849 etiam

931 2870 962 2908 6,
988 2870 1008 2898 6
1027 2871 1186 2904 pluralem
1206 2876 1309 2908 reges
1331 2871 1364 2895 ut
1381 2870 1464 2897 Mss.
1481 2874 1594 2896 omnes
1612 2865 1728 2895 firmet.

983 2914 1055 2943 163.
1085 2915 1196 2944 Radiis
1240 2913 1395 2942 distincta
1436 2920 1562 2942 corona.
1590 2912 1730 2942 Caesari

931 2965 980 2990 est
1006 2962 1139 2990 decreta
1164 2962 1249 2989 [εἰσιν.
1275 2958 1306 2996 4,
1332 2959 1364 2995 2,
1391 2957 1446 2988 91.
1476 2975 1520 2979 —
1542 2958 1727 2994 quadrigae

930 3012 961 3036 et
985 3014 1108 3036 corona
1132 3005 1276 3040 insignia
1303 3009 1378 3035 sunt
1404 3013 1518 3040 regum
1533 3004 1573 3034 cf.
1598 3003 1631 3042 8,
1647 3002 1724 3033 505.

1393 3050 1458 3094 38
