2023 3350
742 100 980 134 AENEIDOS
1005 102 1092 134 LIB.
1119 102 1176 134 IV.

1707 100 1788 139 203

137 215 520 271 Tergeminamque
551 214 764 267 Hecaten,
806 215 893 256 tria
929 213 1106 268 virginis
1139 227 1217 255 ora
1251 213 1428 256 Dianae.

136 274 366 328 Sparserat
404 276 447 314 et
484 273 636 314 latices
675 272 902 314 simulatos
941 272 1073 313 fontis
1113 271 1289 322 Averni,

135 331 340 374 Falcibus
380 333 425 372 et
460 344 625 371 messae
663 329 721 372 ad
757 330 904 372 lunam
940 332 1209 384 quaeruntur
1244 328 1364 370 aenis

137 389 354 432 Pubentes
391 388 553 430 herbae
592 388 706 441 nigri
744 401 842 429 cum
877 388 991 429 lacte
1025 387 1198 438 veneni,

139 447 371 498 Quaeritur
412 449 455 487 et
492 446 709 487 nascentis
745 446 845 499 equi
885 445 938 487 de
977 445 1122 486 fronte
1158 443 1351 486 revolsus

137 505 195 546 Et
230 504 361 546 matri
400 507 655 557 praereptus
696 517 831 544 amor.

1709 445 1732 483 23!

1741 445 1758 483 με

1768 444 1790 483 01

136 563 239 616 Ipsa
272 561 388 603 mola
427 560 712 615 manibusque
750 561 832 615 piis
872 559 1030 602 altaria
1068 559 1191 600 iuxta

139 620 282 662 Unum
324 622 456 661 exuta
492 618 645 672 pedem
679 619 830 660 vinclis
865 618 910 659 in
945 621 1064 659 veste
1101 617 1293 658 recincta

140 677 341 718 Testatur
379 677 593 718 moritura
628 677 730 718 deos
768 680 811 718 et
847 675 1021 717 conscia
1059 673 1140 715 fati

141 733 311 787 Sidera3
353 737 467 786 tum,
506 734 542 775 si
578 734 693 788 quod
729 748 814 776 non
851 747 988 787 aequo
1022 731 1197 774 foedere
1238 733 1432 772 amantes

1711 733 1733 770 0!

1740 733 1762 770 [Ο

1767 733 1792 771 0

142 792 281 835 Curae
319 806 476 833 numen
509 792 643 834 habet
685 792 930 845 iustumque
968 803 1234 843 memorque,
1276 791 1494 842 precatur.

256 850 353 892 Nox
384 853 494 901 erat,
536 853 578 891 et
612 849 833 904 placidum
869 848 1107 902 carpebant
1143 847 1258 889 fessa
1291 859 1493 899 soporem

147 975 222 997 men
253 970 346 1002 poeta
373 972 514 997 extremo
544 969 615 997 loco
640 968 757 1003 posuit.
808 967 855 996 Cf.

150 1015 194 1042 M.
222 1010 254 1049 7,
278 1010 341 1040 192
366 1021 413 1047 sq.

192 1055 269 1086 511.
301 1055 547 1098 'I'ergeminam
587 1055 760 1094 Hecaten,
803 1049 952 1095 τριπρό-

145 1109 286 1141 σωπος,
309 1099 530 1143 τρίμορφος,
553 1101 623 1133 tria
649 1112 682 1132 υ.
712 1111 773 1132 ora
811 1099 952 1131 Dianae

146 1149 295 1188 „iteratio
321 1154 388 1187 est,
422 1151 555 1187 Lunae,
592 1150 738 1187 Dianae,
780 1147 951 1182 Proserpi-

149 1193 245 1224 nae.“
271 1196 302 1223 S.

192 1237 269 1268 512.
297 1236 481 1269 simulatos
495 1237 611 1277 fontis
634 1235 776 1268 Averni.
812 1240 871 1275 „In
895 1245 950 1267 sa-

148 1286 214 1316 cris
240 1293 322 1320 quae
347 1285 495 1314 exhiberi
523 1293 587 1314 non
609 1289 774 1322 poterant,
812 1285 950 1314 simula-

151 1335 268 1361 bantur
301 1335 331 1360 et
357 1335 448 1360 erant
480 1339 536 1366 pro
571 1332 671 1360 veris.
722 1332 809 1360 Bene
840 1334 950 1359 autem

147 1379 186 1406 de
210 1378 366 1413 Averno,
404 1385 461 1412 per
483 1385 577 1412 quem
602 1378 781 1406 descensus
803 1378 843 1405 ad
869 1376 951 1404 infe-

147 1431 202 1453 ros
225 1420 373 1452 dicitur.“
398 1424 430 1451 S.
463 1424 513 1451 Ita
537 1431 589 1458 ap.
616 1424 689 1451 Hor.
717 1425 773 1458 Ep.
801 1422 832 1460 5,
848 1420 889 1450 26
917 1421 950 1450 in

149 1470 261 1499 eadem
298 1477 333 1497 re
371 1473 569 1506 sparguntur
607 1476 712 1504 aquae
752 1469 950 1497 Avernales.

151 1530 190 1536 —-
213 1516 260 1543 De
286 1522 368 1544 voce
391 1512 580 1544 simulatus
603 1515 642 1544 cf.
669 1513 699 1550 3,
726 1512 803 1543 349.

195 1557 272 1589 513.
301 1558 439 1589 Aeneae
457 1558 577 1598 falces
607 1561 640 1589 in
665 1561 802 1597 magicis
827 1560 952 1589 artibus

150 1607 386 1636 adhibebantur
416 1608 476 1635 Ov.
499 1608 541 1635 Μ.
576 1604 606 1643 7,
634 1604 710 1635 227.
749 1622 787 1626 -—
827 1607 953 1634 Herbae

887 968 947 996 Ov.

151 1653 193 1681 ad
223 1654 335 1680 lunam
369 1654 525 1681 collectae
559 1653 714 1681 maiorem
738 1653 807 1681 vim
834 1654 952 1680 habere

152 1700 252 1734 vulgo
283 1701 436 1733 putantur
461 1699 560 1727 etiam
587 1707 682 1728 nunc.
727 1713 765 1718 —-
813 1695 868 1727 Ad
900 1694 954 1725 ln-

152 1751 257 1779 num,
298 1748 331 1772 ut
367 1748 511 1773 nostrum
548 1741 600 1773 bei
640 1748 703 1773 est:
753 1745 828 1772 dum
874 1745 954 1772 luna

153 1790 317 1825 splendet3
363 1793 396 1818 ut
439 1787 477 1827 6,
511 1786 574 1818 411
614 1787 662 1818 ad
697 1787 855 1827 lumina,
901 1786 955 1817 bei

158 1832 300 1870 Lichte,·
335 1838 369 1863 ut
398 1836 457 1864 Ov.
483 1837 516 1864 F.
541 1832 570 1872 1,
598 1833 664 1864 438
697 1832 743 1864 ad
770 1833 875 1864 lunae
902 1831 955 1864 lu-

154 1877 263 1908 mina.
317 1877 459 1917 Quoties
488 1889 612 1909 raucos
646 1878 693 1910 ad
720 1878 834 1909 litoris
866 1878 956 1910 ictus

155 1922 332 1965 deficiam,
354 1926 429 1955 Val.
456 1927 503 1955 ΕΙ.
533 1925 562 1963 1,
585 1925 661 1955 330.
711 1926 758 1955 Cf.
785 1925 863 1955 663.

202 1968 280 2000 514.
312 1968 482 2001 Pubentes
527 1969 653 2001 herbae
692 1973 810 2008 legitur
849 1974 885 2000 G.
926 1969 956 2008 3,

158 2014 222 2045 126
258 2016 386 2051 (tamen
416 2014 501 2056 Wg.
531 2014 596 2046 Rb.
627 2026 690 2054 „ex
716 2015 830 2046 libris“
864 2025 957 2052 prae-

155 2063 264 2092 ferunt
285 2060 478 2102 florentes)
512 2066 543 2091 et
570 2064 612 2091 A.
645 2060 697 2099 12,
722 2060 787 2091 413
818 2060 958 2101 puberi-

158 2105 222 2137 bus
251 2106 374 2146 foliis,
412 2112 442 2137 et
481 2109 623 2143 explicat
650 2111 741 2137 Serv.
769 2109 958 2137 adolescen-

158 2157 217 2192 tes,
239 2154 388 2183 florentes
408 2162 532 2183 summo
554 2155 678 2191 vigore,
702 2158 736 2182 ut
757 2163 774 2183 e
798 2154 958 2183 contrario

159 2199 270 2229 florere
294 2201 443 2230 dicuntur
468 2201 623 2237 iuvenes;
664 2204 760 2235 atque
780 2200 826 2228 ita
844 2200 960 2229 dicitur

158 2247 193 2275 G.
222 2244 252 2284 2,
274 2244 340 2274 390
365 2243 444 2275 hinc
469 2243 580 2275 omnis
602 2244 707 2285 largo
727 2242 885 2285 pubescit
911 2241 962 2273 vi-

159 2300 226 2320 nea
248 2290 341 2328 fetu.
382 2306 420 2311 —
461 2293 565 2326 Quum
590 2296 697 2321 tamen
722 2294 859 2327 puberes
885 2291 961 2327 sint,

160 2337 278 2372 quibus
309 2337 416 2372 prima
456 2339 573 2367 crescit
609 2341 726 2375 barba,
776 2337 962 2373 intelligunt

161 2383 221 2411 alii
266 2385 383 2412 herbas
420 2385 654 2421 lanuginosas,
693 2391 831 2419 quarum
864 2383 897 2410 in
928 2391 962 2411 re

161 2427 292 2464 magica
318 2436 398 2457 usus
419 2429 525 2458 fuerit.
555 2445 594 2450 —-
618 2427 688 2458 Lac
710 2427 811 2469 nigri
833 2428 960 2463 (fusci)

162 2471 287 2502 veneni
332 2475 525 2510 intelligitur
572 2483 673 2505 sucus
723 2479 961 2504 venenatarum

163 2520 368 2555 plantarum,
405 2528 499 2554 quenl
523 2528 583 2549 nos
608 2521 705 2550 etiam
732 2523 784 2550 lac
811 2521 960 2549 dicimus.

164 2564 218 2593 Sic
249 2566 308 2594 Ov.
341 2567 384 2593 M.
418 2562 475 2603 11,
503 2564 568 2593 606
600 2563 805 2595 innumerae
840 2563 966 2594 herbae

164 2618 313 2649 quarum
339 2609 382 2638 ae
406 2608 496 2639 lacte
523 2619 678 2647 soporem
699 2620 768 2641 uox
793 2608 893 2652 legit.
919 2626 965 2631 —-

165 2663 240 2684 cum
265 2653 356 2684 lacte
377 2656 416 2684 cf.
444 2654 496 2693 11,
521 2654 597 2684 681.

213 2699 289 2730 515.
317 2702 536 2736 Hippomanes
580 2705 639 2731 hoc
678 2704 747 2731 loco
789 2702 959 2731 indicatur.

166 2748 249 2783 Quid
274 2751 361 2776 esset
389 2747 514 2782 antiqui
537 2748 725 2776 dubitabant
749 2751 782 2776 ut
807 2748 840 2775 in
863 2756 896 2776 re
921 2749 961 2776 ad

166 2798 273 2824 artem>
290 2793 448 2829 magicam
471 2794 658 2828 pertinente.
695 2795 753 2822 Est
769 2795 845 2830 „vel
863 2796 962 2822 herba

166 2840 349 2874 Arcadica,
386 2846 451 2874 qua
484 2843 614 2875 gustata
642 2839 717 2874 equi
748 2839 781 2867 in
821 2839 961 2868 furorem

167 2886 314 2915 incidunt
332 2885 484 2920 [Theocr.
510 2883 548 2922 2,
573 2882 636 2920 48)
663 2886 717 2914 vel
740 2885 846 2920 liquor
870 2885 963 2914 viru-

168 2933 275 2960 lentus
298 2934 338 2960 ab
362 2931 496 2967 inguine
528 2937 647 2967 equae,
683 2931 796 2959 ardore
827 2931 962 2960 coeundi

168 2976 335 3013 flagrantis
367 2976 558 3006 destillans.
578 2975 684 3012 (Plin.
707 2974 767 3014 28,
795 2973 846 3005 11.
886 2977 961 3012 Vgt.

169 3024 205 3051 G.
233 3020 263 3061 3,
288 3020 392 3061 280),
417 3024 474 3052 vel
499 3023 677 3053 caruncula
699 3022 809 3060 nigra,
837 3022 966 3052 caricae

995 965 1217 1002 magnitudine
1250 964 1346 993 fronti
1378 963 1459 998 pulli
1489 970 1601 992 recens
1631 962 1708 991 editi
1738 963 1795 992 ad-

996 1015 1152 1047 haerens,
1174 1018 1270 1045 quam
1293 1010 1358 1038 feta
1383 1010 1492 1038 statim
1517 1008 1599 1038 edito
1624 1013 1716 1043 partu
1742 1010 1797 1037 de-

997 1064 1114 1086 vorare
1150 1063 1277 1090 quaque
1316 1060 1487 1089 praerepta
1521 1055 1554 1082 in
1593 1055 1714 1082 rabiem
1748 1056 1796 1082 ol-

997 1103 1085 1132 factu
1115 1101 1169 1137 agi
1194 1110 1252 1130 nec
1276 1104 1403 1135 partum
1427 1101 1468 1128 ad
1499 1102 1598 1129 ubera
1630 1100 1798 1128 admittere

998 1148 1114 1177 dicitur
1131 1146 1237 1181 (Plin.
1254 1144 1286 1182 8,
1304 1144 1400 1181 42)“.
1428 1147 1511 1180 Rup.
1528 1147 1568 1174 ad
1583 1146 1654 1173 Iuv.
1672 1144 1702 1182 6,
1722 1141 1796 1173 133.

1046 1191 1123 1221 517.
1154 1190 1236 1232 Ipsa
1272 1192 1369 1228 Dido,
1407 1199 1496 1225 quae
1533 1191 1696 1226 magicam
1735 1198 1799 1219 non

997 1242 1143 1275 exercet,
1184 1245 1282 1272 quam
1320 1244 1387 1266 una
1419 1241 1510 1266 curat
1549 1238 1712 1266 sacerdos.
1754 1250 1799 1256 -·

1002 1283 1100 1314 Mola
1125 1284 1144 1313 i.
1173 1292 1199 1313 e.
1227 1285 1315 1313 mola
1339 1285 1441 1320 salsa,
1467 1285 1578 1312 salsae
1604 1282 1731 1320 fruges,
1758 1281 1798 1311 cf.

997 1330 1033 1368 2,
1072 1328 1148 1359 133.
1202 1345 1240 1349 -
1299 1327 1392 1358 mola
1441 1327 1670 1367 manibusque
1713 1326 1804 1368 piis:

998 1377 1107 1416 „farre
1126 1380 1156 1405 et
1179 1377 1250 1404 sale
1271 1379 1300 1404 et
1324 1375 1474 1404 manibus
1502 1372 1624 1410 puris.“
1647 1376 1678 1402 S.
1714 1371 1799 1403 Pius

998 1424 1194 1453 vocabulum
1223 1429 1320 1456 saepe
1353 1422 1386 1449 in
1417 1424 1513 1450 rebus
1540 1421 1646 1450 sacris
1679 1424 1713 1448 ut
1736 1417 1798 1459 piu

997 1467 1088 1498 vitta
1114 1465 1198 1504 637,
1229 1466 1296 1505 sar
1318 1464 1418 1507 pium
1449 1467 1480 1504 5,
1507 1464 1583 1495 745.
1619 1467 1687 1494 Tib.
1716 1464 1745 1502 3,
1770 1462 1801 1502 4,

1000 1513 1051 1544 10.
1092 1516 1141 1543 Ita
1167 1514 1264 1542 etiam
1290 1514 1407 1542 castus
1433 1517 1609 1548 usurpatur
1631 1512 1670 1541 cf.
1697 1509 1727 1548 7,
1746 1508 1799 1539 71.

998 1563 1051 1591 Au
1083 1564 1279 1589 structuram
1313 1559 1351 1588 cf.
1382 1558 1412 1593 5,
1437 1555 1501 1586 745
1530 1557 1633 1595 farre
1658 1555 1717 1597 pio
1744 1565 1802 1585 ve-

998 1603 1137 1643 nerari,
1177 1607 1226 1634 Pl.
1251 1606 1318 1633 NH.
1347 1602 1403 1641 78,
1431 1602 1450 1632 2
1482 1601 1575 1633 mola
1597 1601 1693 1632 salsa
1721 1610 1802 1641 sup-

999 1651 1143 1692 plicare.
1184 1653 1270 1680 Inter
1292 1659 1324 1680 v.
1352 1647 1417 1677 517
1438 1654 1467 1679 et
1486 1648 1551 1678 518
1577 1651 1717 1679 inculcat
1738 1645 1799 1676 Hb.

1001 1707 1032 1728 v.
1061 1696 1126 1726 486
1159 1705 1209 1736 sp.
1235 1693 1267 1725 h.
1295 1705 1340 1725 m.
1372 1704 1398 1724 s.
1425 1703 1603 1735 papaver,
1638 1703 1733 1730 quein
1760 1703 1802 1723 ex

1002 1753 1060 1774 suo
1086 1745 1154 1772 loco
1181 1743 1322 1779 expulit,
1347 1746 1377 1770 et
1399 1742 1511 1770 scribit
1540 1740 1681 1770 molum.

1048 1787 1125 1818 518.
1153 1790 1258 1817 eruta
1295 1784 1430 1826 pedem.
1495 1788 1566 1816 Uno
1602 1788 1680 1822 pede
1719 1787 1803 1815 nudo

1002 1840 1032 1865 ct
1062 1840 1156 1865 veste
1189 1835 1331 1863 recincta
1356 1833 1507 1862 videmur
1533 1833 1636 1861 fuisse
1663 1833 1804 1861 Hecatae

1003 1890 1135 1911 sacrum
1177 1880 1342 1909 facientes.
1400 1879 1446 1907 Cf.
1479 1880 1625 1907 Medeam
1658 1885 1710 1913 ap.
1743 1880 1801 1907 Ov.

1002 1931 1077 1957 Met.
1102 1925 1134 1962 7,
1160 1923 1223 1953 182
1260 1922 1455 1965 Egreditur
1486 1922 1584 1953 tectis
1615 1925 1722 1953 vestes
1752 1921 1806 1952 in-

1005 1971 1090 2002 duta
1116 1969 1299 2006 recinctus,
1321 1967 1418 1999 nuda
1445 1967 1580 2009 pedem,
1605 1967 1720 1998 ‘nudos
1742 1966 1806 1998 hu-

1005 2015 1108 2047 meris
1142 2015 1263 2055 infusa
1301 2013 1459 2055 capillos.
1521 2016 1590 2044 Tib.
1630 2013 1662 2053 1,
1692 2015 1726 2052 5,
1763 2013 1803 2043 15

1010 2061 1152 2093 'runicis
1199 2059 1322 2091 solutis
1367 2064 1448 2090 vota
1499 2069 1620 2090 novem
1666 2058 1808 2090 Triviae

1005 2111 1104 2139 nocte
1129 2105 1252 2137 silente
1277 2105 1369 2136 dedi.
1391 2123 1436 2127 —
1456 2104 1491 2136 iu
1514 2109 1607 2136 veste
1632 2107 1671 2136 cf.
1696 2107 1728 2145 5,
1753 2104 1806 2135 37.

1053 2151 1129 2182 519.
1160 2150 1289 2181 Sidera
1319 2150 1457 2181 conscia
1484 2150 1562 2187 fati
1593 2156 1686 2189 sunt,
1724 2154 1807 2187 quod

1007 2200 1132 2235 omnia,
1169 2205 1252 2233 quae
1278 2198 1311 2225 in
1342 2201 1427 2226 terra
1450 2198 1545 2235 fiunt,
1574 2198 1688 2227 videre
1711 2203 1807 2232 atque

1009 2246 1106 2274 etiam
1135 2244 1324 2278 praevidere
1353 2246 1522 2279 putantur,
1559 2244 1642 2271 unde
1668 2246 1807 2272 astrolo-

1009 2293 1081 2328 giae
1104 2297 1159 2319 ars
1179 2293 1256 2317 nata
1272 2292 1330 2317 est.
1358 2288 1405 2317 Cf.
1424 2285 1581 2316 conscius
1598 2285 1717 2316 aether
1730 2286 1805 2316 167.

1056 2335 1133 2365 520.
1160 2335 1283 2363 Deinde
1308 2341 1425 2363 numen
1450 2333 1479 2362 si
1504 2334 1587 2367 quod
1613 2341 1722 2362 curam
1748 2336 1806 2362 lta-

1010 2386 1060 2411 bet
1111 2381 1210 2416 spreti
1249 2380 1387 2415 amoris,
1443 2379 1654 2415 imprecatum
1704 2388 1808 2414 neque

1010 2429 1096 2457 enim
1130 2434 1232 2461 aequo
1266 2426 1392 2454 foed-fre
1426 2432 1516 2453 amor
1549 2428 1613 2460 est,
1653 2425 1708 2454 ubi
1743 2434 1807 2454 non

1010 2482 1069 2510 par
1109 2481 1200 2502 amor
1233 2473 1325 2500 datur
1358 2476 1386 2500 et
1416 2471 1573 2505 redditur,
1610 2474 1644 2498 ut
1667 2478 1808 2505 aequum

1011 2521 1123 2549 foedus
1153 2527 1216 2547 non
1240 2522 1298 2553 est,
1323 2518 1378 2546 ubi
1403 2517 1458 2551 qui
1486 2517 1518 2544 in
1545 2516 1658 2544 foedus
1683 2521 1811 2555 coeunt,
1861 2506 1868 2511 ⁵

1010 2575 1074 2595 non
1101 2566 1215 2593 iisdem
1246 2564 1372 2600 legibus
1408 2562 1654 2597 adstringuntur
1685 2562 1724 2592 cf.
1755 2560 1808 2600 11,

1010 2609 1086 2640 321.
1120 2607 1173 2645 12,
1201 2607 1276 2638 190.

1057 2654 1132 2684 521.
1166 2653 1280 2684 Curae
1306 2650 1431 2682 habere
1456 2654 1597 2688 aliquem
1622 2653 1702 2682 dixit
1722 2654 1809 2684 Coel.

1009 2711 1060 2738 ap.
1092 2703 1158 2731 Cic.
1186 2702 1275 2729 Fam.
1303 2698 1334 2734 8,
1361 2697 1392 2735 S,
1424 2697 1461 2726 10
1498 2697 1567 2727 loos
1594 2696 1656 2727 tibi
1681 2701 1711 2728 et
1738 2708 1808 2728 rem

1010 2746 1052 2777 de
1079 2756 1148 2787 qua
1174 2743 1254 2775 misi
1279 2742 1377 2773 velim
1405 2752 1510 2772 curae
1533 2741 1674 2773 habeas.
1723 2748 1810 2774 Suet.

1008 2796 1073 2823 Oct.
1097 2791 1140 2821 4s
1165 2799 1226 2820 nec
1249 2788 1353 2818 aliter
1376 2786 1554 2818 uniuersos
1575 2799 1678 2829 quam
1707 2799 1811 2820 mem—

1008 2837 1069 2868 bra
1095 2839 1283 2878 partesque
1306 2833 1446 2875 imperii
1472 2843 1576 2864 curae
1600 2833 1735 2866 habuit.

1010 2913 1217 2949 522-553.
1266 2911 1398 2944 Didoni
1421 2911 1489 2944 iam
1515 2912 1605 2944 mori
1632 2911 1812 2944 decretum

1382 2961 1445 2990 est.

1059 3018 1135 3050 522.
1163 3019 1273 3050 Noctis
1293 3019 1411 3048 tacitae
1436 3017 1608 3054 splendida
1628 3017 1812 3056 descriptio,
