2023 3350
222 121 277 160 42

794 120 828 152 P.
854 119 1051 152 VIRGILII
1075 121 1285 155 MARONIS

222 234 406 275 Exercet
438 233 578 274 Diana
614 232 786 282 choros,
825 245 954 284 quam
988 232 1104 275 mille
1139 238 1311 277 secutae

222 291 333 332 Hinc
368 294 500 343 atque
531 290 629 331 hinc
663 289 956 342 glomerantur
991 289 1198 333 Oreades:
1239 293 1315 334 illa
1351 293 1601 347 pharetram

1775 295 1858 335 500

221 349 322 389 Fert
357 348 557 398 humero,
595 345 879 400 gradiensque
916 346 1017 388 deas
1053 351 1340 402 supereminet
1375 364 1540 403 omnes3

221 406 411 447 Latonae
448 405 626 446 tacitum
661 406 909 456 pertentant
944 404 1103 457 gaudia
1137 411 1307 460 pectus:

220 462 335 504 Talis
371 466 463 503 erat
495 461 623 512 Dido,
662 460 794 502 talem
831 474 875 501 se
910 461 1028 503 laeta
1063 462 1230 506 ferebat

220 520 300 561 Per
334 519 518 569 medios,
557 518 722 559 instans
757 518 876 571 operi
910 519 1140 573 regnisque
1178 521 1346 565 futuris.

220 578 325 618 Tum
362 576 525 618 foribus
565 575 704 626 divae,
743 575 885 616 media
914 577 1132 620 testudine
1167 581 1328 634 templi,

1710 604 1717 611 ·
1772 580 1855 620 505

219 635 378 688 Saepta
414 633 561 683 armis,
601 633 792 686 solioque
833 633 920 675 alte
957 634 1139 677 subnixa
1178 638 1350 679 resedit.

218 692 320 733 Iura
358 691 490 732 dabat
525 690 725 743 legesque
756 691 878 743 viris,
917 705 1178 747 operumque
1210 695 1403 737 laborem

216 748 416 790 Partibus
453 747 669 801 aequabat
702 748 826 790 iustis
863 752 939 791 aut
974 754 1089 792 sorte
1119 751 1342 804 trahebat3

218 807 355 856 Quum
392 805 533 847 subito
570 807 737 848 Aeneas
777 821 987 849 concursu
1027 809 1233 851 accedere
1267 822 1422 863 magno

215 863 383 905 Anthea
417 864 746 918 Sergestumque
783 865 899 907 videt
937 864 1180 920 fortemque
1216 867 1474 909 Cloanthum

216 921 559 975 Teucrorumque
595 921 719 973 alios,
760 925 854 964 ater
892 937 997 977 quos
1034 938 1220 978 aequore
1253 925 1381 968 turbo

214 979 466 1032 Dispulerat
500 979 757 1033 penitusque
791 980 899 1022 alias
935 986 1136 1024 avexerat
1175 997 1284 1025 oras.

216 1036 436 1091 Obstipuit
468 1037 593 1078 simul
622 1037 734 1091 ipse,
773 1038 898 1080 simul
927 1053 1156 1093 percussus
1191 1041 1379 1083 Achates

215 1181 316 1210 multo
353 1183 447 1209 habet
488 1179 686 1216 inferiorem,
727 1181 1010 1216 assentiunturque

217 1224 281 1255 Rb.
309 1231 338 1255 et
375 1223 456 1257 Wd,
508 1227 569 1253 Sed
603 1234 659 1254 cur
690 1226 796 1255 intulit
827 1228 1008 1263 Homerum,

215 1273 281 1301 nisi
325 1277 356 1300 ut
400 1274 485 1301 male
526 1272 669 1300 imitatus
711 1273 873 1301 videretur
912 1274 1009 1309 Vglss

215 1319 297 1352 Quid
323 1318 435 1352 igitur.
471 1318 499 1346 si
531 1326 592 1346 non
619 1318 762 1346 imitatus
787 1321 857 1346 est?
891 1319 920 1347 si
947 1327 1009 1347 11011

215 1364 413 1399 comparavit
438 1364 590 1399 singula?
639 1364 692 1392 Sic
717 1363 747 1395 4.
777 1362 850 1392 143.
878 1362 908 1401 7,
932 1362 1006 1393 674.

220 1407 278 1439 Gr.
318 1410 372 1444 11111
406 1410 517 1444 premit
555 1410 700 1443 singula.
739 1410 893 1438 Didonem
930 1411 1008 1439 facit

214 1456 369 1484 maiorem
387 1456 533 1484 omnihus
558 1455 651 1491 viris,
676 1457 834 1490 talemque
856 1456 1009 1485 feminam

215 1504 255 1530 ab
278 1502 391 1530 Aenea
416 1510 477 1529 11011
501 1506 642 1529 amatam
670 1509 742 1529 esse
767 1502 919 1535 affirmat.
950 1503 1008 1531 eii-

213 1548 317 1581 citque
348 1556 379 1576 v.
415 1545 608 1575 498-505
647 1543 771 1583 Qualis
803 1563 847 1567 -—
878 1546 1009 1587 templi.

219 1590 280 1621 Gr.
323 1593 407 1622 eiicit
444 1597 473 1621 et
504 1590 672 1620 490—93
711 1601 750 1621 ne
785 1595 1009 1622 Penthesileae

215 1639 321 1672 imago
348 1640 490 1667 detrahat
511 1640 547 1667 de
567 1639 800 1673 pulchritudine
816 1639 1007 1675 Didonis-(l)

259 1682 333 1712 499.
361 1687 491 1713 exercet
514 1682 643 1713 choros.
693 1685 797 1713 Diana
819 1686 903 1713 enim
925 1694 1008 1714 sem-

213 1739 268 1765 per
304 1738 419 1764 magno
456 1736 503 1758 est
544 1731 663 1764 stipata
701 1733 914 1766 nympharum
948 1740 1007 1759 nu-

212 1785 308 1805 mero.
358 1778 447 1805 ..Hoc
469 1785 531 1804 non
555 1777 595 1804 ad
618 1777 885 1810 comparationem
911 1777 1008 1811 perti-

211 1826 278 1850 net.
315 1823 371 1850 sed
408 1826 454 1850 est
489 1823 632 1857 poeticae
667 1823 892 1857 descriptionis
928 1830 1007 1851 eva-

211 1868 330 1902 gastost*
379 1870 409 1896 S.

258 1913 333 1941 5⁰0.
366 1910 536 1950 Oreades,
566 1917 745 1949 nymphae,
769 1915 922 1943 montium
948 1917 1006 1942 ha-

210 1959 373 1988 bitatrices
398 1964 426 1987 et
452 1959 642 1988 venatrices.
670 1975 708 1980 —
742 1956 911 1989 pharetra
934 1969 1006 1995 per-

212 2009 342 2040 petuum
366 2005 491 2033 Dianae
516 2005 651 2038 insigne.

257 2049 332 2078 501.
364 2049 601 2089 Sapei-eminet
627 2061 652 2081 c.
678 2060 744 2081 acc.
773 2050 809 2080 6.
838 2049 914 2080 857.
954 2049 1005 2080 10.

211 2093 287 2124 765.
340 2096 386 2124 Cf.
415 2098 472 2124 Ov.
498 2099 539 2125 Μ.
572 2095 607 2126 3.
645 2095 703 2125 151
745 2094 873 2126 Tamen
900 2094 1007 2126 altior

210 2138 284 2170 illis·
314 2142 506 2177 (nymphis)
543 2140 623 2181 Ipsa
657 2141 722 2171 dea
756 2143 904 2179 (Diana)
946 2146 1004 2179 est,

210 2184 367 2227 colloque
392 2190 491 2216 tenus
514 2187 740 2226 supereminet
765 2197 889 2217 omnes.
931 2190 1007 2218 Cor-

212 2234 298 2268 poris
323 2233 405 2262 0111111
437 2234 655 2267 magnitudine
686 2236 814 2263 deorum
841 2240 1005 2270 spectatur

209 2279 363 2307 maiestas
387 2279 426 2307 cf.
454 2277 489 2314 2.
519 2277 594 2308 752.

258 2323 333 2353 502.
366 2322 567 2354 Pertenlunt
597 2323 737 2366 gaudia
761 2328 881 2365 pectus
909 2327 946 2355 cs.
972 2327 1002 2363 5τ

208 2368 284 2399 828.
331 2369 368 2402 7.
407 2369 482 2399 355.
543 2374 578 2399 G.
622 2370 657 2405 3,
705 2370 768 2400 250
807 2370 921 2409 vides,
964 2374 1003 2401 ut

208 2418 283 2444 tota
311 2418 437 2445 tremor
458 2418 627 2457 pertentet
654 2425 816 2457 equorum
847 2426 1001 2457 corpora.

209 2463 375 2497 Summum
405 2465 464 2491 hoc
496 2466 628 2492 verbum
656 2471 675 2491 a
701 2464 848 2491 Lucretio
874 2462 908 2497 6.
937 2462 1000 2491 2⁵⁴6

207 2504 289 2536 inde
320 2510 444 2536 tremor
479 2511 592 2537 terras
626 2506 787 2549 graviter·
815 2511 1001 2547 pertentat.

208 2567 253 2571 —
278 2551 421 2581 toa-itum
446 2557 575 2593 pectus.
625 2555 730 2583 Huius
755 2555 847 2583 vocis
872 2556 939 2583 vim
969 2559 1002 2583 ut

210 2599 305 2632 plane
325 2599 503 2633 intelligas.
536 2604 673 2629 observa
700 2606 850 2630 matrem.
883 2602 1000 2629 liberos

210 2644 309 2672 defixo
333 2645 437 2672 animo
459 2647 644 2675 intuentem:
671 2647 751 2674 nihil
773 2647 920 2681 loquitur.
938 2647 1001 2676 sed

208 2690 343 2724 gaudia.
380 2691 495 2724 quinus
526 2697 589 2721 tota
620 2698 756 2728 tenetur,
796 2692 891 2721 facile
926 2701 1000 2720 sen-

207 2735 337 2762 liuntur.

253 2778 328 2807 5⁰3.
356 2777 462 2808 laeta.
518 2783 616 2811 Vultu
654 2784 810 2812 laetitiam
840 2784 998 2811 indicans.

206 2833 288 2860 quae
312 2826 412 2853 oritur
436 2836 477 2855 ex
503 2829 631 2857 virtutis
656 2830 851 2858 conscientia
876 2838 997 2858 rerum-

206 2879 267 2905 que
293 2876 452 2903 gestarum
480 2875 629 2902 memoria
655 2880 683 2903 et
712 2877 877 2910 adspectu.
915 2883 997 2909 quas

205 2916 387 2945 futurarum
411 2926 499 2945 omen
527 2921 627 2948 habet.

252 2960 327 2990 504.
359 2959 498 2991 lustuns
529 2973 598 2993 rum
631 2966 755 2995 dativo:
795 2967 875 2994 dans
904 2966 997 2993 sedu-

205 3008 270 3035 lam
297 3015 434 3045 operam7
461 3009 505 3037 ita
523 3011 597 3040 Tac.
622 3012 699 3048 Agr.
724 3009 777 3050 18,
800 3016 831 3041 et
851 3011 999 3041 excitans

203 3058 381 3087 operantes.

1102 1180 1178 1211 505.
1206 1179 1351 1212 Foribus
1366 1178 1470 1209 divae
1488 1180 1507 1209 1.
1525 1189 1552 1209 e.
1572 1180 1674 1209 cellae
1687 1179 1718 1208 et
1736 1174 1855 1207 media

1051 1226 1083 1266 f.
1117 1226 1291 1257 tes-tudine
1322 1234 1471 1265 ..camera
1505 1227 1658 1261 incurva.
1690 1231 1772 1259 quae
1801 1232 1853 1252 se-

1056 1276 1195 1303 cundum
1224 1283 1297 1309 eos7
1343 1274 1397 1309 11111
1433 1273 1631 1307 scripserunt
1659 1271 1698 1299 de
1729 1270 1853 1299 ratione

1055 1322 1254 1355 templorum.
1280 1321 1350 1348 ideo
1371 1320 1419 1348 sic
1444 1319 1484 1352 fn,
1510 1322 1542 1347 ut
1567 1318 1742 1346 simulacro
1767 1316 1851 1345 caeli

1056 1367 1229 1402 imaginem
1256 1366 1384 1394 reddar·
1411 1367 1442 1393 S.
1492 1366 1630 1392 Senatus
1655 1368 1761 1391 autem
1785 1362 1853 1390 Ro-

1054 1420 1171 1440 manus
1197 1413 1328 1447 saepius
1363 1411 1396 1439 111
1422 1410 1549 1445 templis
1582 1408 1794 1438 conveniebat
1818 1411 1853 1436 ut

1056 1459 1259 1489 Concordiae.
1286 1459 1441 1486 Bellonae
1466 1461 1534 1485 etc..
1560 1463 1662 1489 neque
1686 1459 1792 1482 tamen
1817 1453 1852 1481 in

1055 1505 1124 1538 ipso
1147 1505 1261 1540 adyto.
1293 1505 1375 1539 quod
1401 1502 1620 1531 sacerdotibus
1643 1501 1734 1529 modo
1762 1499 1852 1528 adire

1055 1550 1188 1584 licebat.
1234 1551 1290 1578 sed
1325 1550 1357 1577 in
1393 1549 1492 1585 locis7
1536 1554 1619 1582 quae
1657 1547 1852 1582 inaugurate.

1055 1597 1164 1624 eodem
1205 1600 1284 1625 tecto
1334 1595 1696 1629 comprehendebantur;
1743 1592 1851 1626 itaque

1055 1647 1138 1670 recte
1181 1638 1216 1669 in
1249 1638 1389 1678 foribus
1432 1637 1535 1668 divae
1570 1639 1625 1667 sed
1659 1635 1776 1666 media
1815 1634 1852 1666 in

1056 1685 1228 1716 testudine
1252 1687 1359 1721 templi
1383 1687 1493 1714 sedere
1516 1685 1630 1714 dicitur
1653 1684 1744 1711 Dido.
1798 1679 1850 1711 ΡΙ.

1055 1733 1134 1761 coni.
1163 1729 1266 1760 ‹Iiuae
1293 1729 1428 1765 media,
1462 1739 1483 1759 a
1513 1726 1688 1759 testudine
1717 1725 1850 1767 templi,

1059 1775 1120 1806 Hb.
1147 1775 1262 1813 divae.
1288 1775 1402 1806 media
1429 1785 1446 1805 e
1471 1779 1512 1805 te.
1537 1778 1579 1804 te.
1620 1775 1720 1803 Vides
1744 1778 1851 1815 autem

1052 1824 1186 1856 Yglium
1222 1832 1283 1851 non
1322 1823 1441 1851 imitari
1478 1824 1616 1851 Graecos·
1654 1828 1759 1849 mores
1793 1821 1851 1849 sed

1053 1869 1169 1898 inferre
1193 1871 1355 1897 Romanos
1380 1869 1521 1897 externis
1546 1868 1642 1896 etiam
1666 1866 1825 1902 gentibus,

1099 1913 1174 1944 506.
1203 1917 1324 1955 saepta
1364 1911 1472 1943 armis
1517 1913 1717 1951 ..satellitum
1759 1912 1850 1941 scili-

1052 1967 1120 1989 cet··
1147 1963 1177 1989 S.

1099 2004 1175 2035 507.
1207 2003 1288 2035 lura
1323 2003 1408 2034 dare
1447 2002 1612 2044 legesque
1650 2004 1758 2040 regiae
1793 2011 1850 2039 po-

1053 2054 1177 2081 testatis
1203 2053 1330 2086 signum
1353 2056 1399 2080 est
1426 2051 1464 2080 cf.
1484 2052 1543 2079 Ov.
1560 2052 1604 2079 Μ.
1630 2047 1659 2087 17
1687 2047 1763 2078 576.
1811 2051 1850 2078 In

1052 2099 1206 2127 tribunali
1235 2103 1262 2126 et
1296 2098 1348 2125 ius
1385 2098 1459 2125 dicit
1490 2101 1518 2125 et
1551 2103 1633 2131 quae
1667 2097 1707 2124 ad
1738 2098 1850 2124 urbem

1052 2146 1247 2173 condendam
1276 2144 1447 2179 pertinent.
1481 2143 1625 2178 ordinat,
1659 2146 1693 2170 ut
1727 2146 1782 2169 aut
1806 2149 1848 2170 ex

1051 2191 1182 2219 arbitrio
1215 2198 1281 2218 rem
1314 2190 1485 2218 constituat
1520 2192 1574 2216 aut
1611 2192 1704 2216 sorte.
1760 2188 1848 2221 „aut

1051 2239 1160 2264 sorte:
1211 2237 1301 2266 ..Hoc
1329 2240 1464 2263 tractum
1491 2241 1511 2262 a
1535 2235 1683 2262 Romana
1711 2241 1847 2262 consue-

1050 2283 1174 2311 tudine:
1210 2290 1283 2309 nam
1310 2285 1472 2315 praetores
1498 2282 1662 2308 trahebant
1689 2279 1723 2306 in
1746 2287 1845 2313 expe—

1051 2328 1175 2356 diendis
1207 2327 1343 2361 negotiis
1384 2331 1486 2354 sortes
1527 2334 1568 2354 ex
1599 2324 1702 2353 urna'f·
1735 2325 1845 2360 Pomp.

1051 2376 1123 2402 sab.
1154 2388 1192 2392 —
1220 2373 1266 2401 De
1293 2372 1383 2408 regia
1409 2376 1562 2406 potestate
1589 2371 1628 2400 cf.
1655 2371 1692 2407 5,
1725 2367 1791 2399 758
1817 2374 1848 2400 et

1050 2417 1125 2446 759.

1096 2462 1171 2492 509.
1203 2460 1314 2501 Quum
1344 2459 1456 2491 subito
1488 2463 1621 2497 saepius
1648 2463 1790 2499 iungitur
1814 2466 1848 2492 ut.

1049 2508 1124 2538 535.
1174 2511 1219 2538 De
1251 2509 1426 2537 indicativo
1451 2509 1488 2538 cf.
1518 2508 1553 2543 3,
1579 2507 1654 2537 590.
1686 2525 1724 2529 —
1755 2507 1844 2539 Con-

1049 2563 1149 2584 cursu
1195 2563 1346 2593 magno²
1391 2556 1563 2584 multorum
1602 2555 1846 2584 concursatione

1046 2601 1148 2630 facta.
1187 2601 1239 2635 11111
1268 2601 1452 2635 peregrinos
1484 2606 1628 2636 spectare
1659 2602 1844 2637 cupiebant;

1049 2652 1079 2675 ut
1111 2643 1175 2674 519
1204 2649 1324 2675 clamor
1356 2652 1402 2675 est
1434 2655 1497 2675 non
1520 2647 1747 2676 Troianorum.
1787 2648 1842 2675 sed

1047 2693 1203 2721 Troianos
1239 2693 1469 2721 comitantium.
1534 2693 1580 2721 Cf.
1613 2693 1678 2722 Cic.
1715 2692 1770 2720 off.
1811 2691 1843 2726 3,

1049 2736 1085 2766 lt
1122 2736 1296 2767 Aristides
1327 2736 1362 2767 in
1398 2735 1587 2767 contionem
1621 2746 1753 2778 magna
1786 2745 1844 2766 ex-

1047 2781 1260 2822 spectatione
1290 2792 1334 2813 se.
1374 2784 1623 2813 Atheniensium
1655 2781 1748 2812 venit
1790 2780 1843 2812 di-

1042 2827 1168 2868 sitque.

1089 2873 1165 2903 512.
1193 2883 1272 2903 oros
1314 2882 1380 2905 acc.
1417 2875 1478 2904 loci
1520 2875 1559 2905 cf.
1596 2872 1634 2907 4,
1681 2873 1754 2903 106.
1799 2891 1836 2896 --

1045 2922 1211 2949 avexerat
1242 2923 1342 2950 MRP.
1381 2929 1424 2950 sc.
1463 2924 1502 2950 ab
1530 2922 1644 2950 Aenea
1673 2929 1735 2950 rec.
1770 2917 1840 2950 Ηη.

1052 2963 1134 3006 ll'g.
1172 2964 1235 2995 Rb.
1271 2964 1461 2995 advexerat
1489 2964 1543 2994 M2
1576 2975 1635 2995 rec.
1669 2963 1754 2995 Hck.
1789 2963 1840 2996 Pl.

1050 3008 1128 3040 Lch.
1154 3013 1193 3040 ad
1218 3013 1310 3047 Prop.
1338 3010 1374 3041 4.
1399 3011 1437 3046 6,
1463 3010 1515 3040 63.
1571 3014 1745 3041 averterat
1772 3013 1827 3052 Ἐγ.

1091 3056 1167 3086 513.
1190 3065 1375 3098 percussus
1400 3058 1493 3086 FRP.
1539 3055 1722 3098 perculsus
1742 3060 1785 3088 Μ.
