2023 3350
234 137 286 175 54

233 249 354 289 Hunc
399 262 476 301 ego
511 248 694 301 sopitum
733 258 878 286 somno
916 258 1041 298 super
1075 245 1165 287 alta
1198 246 1382 300 Cythera

233 307 319 346 Aut
354 319 479 358 super
514 304 695 346 Idalium
731 305 901 342 sacrata
942 301 1040 342 sede
1074 303 1315 354 recondam,

791 135 825 165 P.
856 133 1048 165 leGlLll
1073 132 1282 167 MARONJS

1777 247 1858 287 eso
1979 125 1993 272 i

233 363 294 403 Ne
334 376 420 414 qua
459 362 565 402 seire
601 360 721 401 dolos
761 358 975 400 mediusve
1012 372 1235 401 occurrere
1266 362 1414 414 possit.

233 420 293 460 Tu
334 419 484 460 faciem
519 418 630 458 illius
670 420 834 456 noctem
868 429 951 456 non
989 416 1171 469 amplius
1203 432 1329 458 unam

234 476 349 517 Falle
388 476 486 517 dolo
524 479 565 515 ct
605 478 728 514 notos
763 473 882 526 pueri
914 487 1020 526 puer
1054 473 1179 515 indue
1214 475 1367 523 voltus,

235 534 308 580 Ut,
352 548 480 586 quum
519 537 560 572 te
597 530 755 583 gremio
792 530 973 583 accipiet
1009 530 1243 572 laetissima
1280 532 1389 573 Dido

1781 531 1861 570 685

233 591 411 643 Regales
450 590 560 630 inter
599 601 764 628 mensas
798 587 1056 640 laticemque
1097 588 1294 642 Lyaeum,

233 648 367 698 Quum
407 646 525 687 dabit
567 645 786 698 amplexus
817 648 946 698 atque
977 644 1122 686 oscula
1157 645 1299 686 dulcia
1334 646 1446 699 figet,

234 705 457 745 Occultum
490 702 669 755 inspires
700 702 861 755 ignem,
902 701 1113 754 fallasque
1144 716 1316 744 veneno.

232 762 359 802 Paret
396 761 526 801 Amor
565 759 690 800 dictis
730 772 855 800 carae
893 759 1140 813 genetricis,
1190 764 1231 801 et
1269 759 1361 801 alas

233 819 361 859 Exuit
399 822 441 859 et
479 830 627 871 gressu
659 816 847 870 gaudens
884 816 1042 857 incedit
1076 816 1168 857 Iuli.

1779 817 1861 856 690

231 877 288 916 At
323 876 464 916 Venus
497 874 677 916 Ascanio
710 873 926 928 placidam
962 887 1038 927 per
1074 872 1265 914 membra
1301 872 1486 925 quietem

233 933 398 986 Inrigat
436 935 477 974 et
511 932 648 973 fotum
685 931 844 985 gremio
882 931 963 972 dea
1000 930 1115 972 tollit
1151 931 1194 971 in
1234 930 1345 971 altos

231 989 394 1032 Idaliae
428 990 567 1040 lucos,
613 989 686 1030 ubi
724 989 862 1030 mollis
902 1001 1126 1030 amaracus
1164 987 1284 1029 illum

232 1048 428 1089 Floribus
466 1051 509 1088 et
545 1046 657 1087 dulci
692 1047 916 1100 adspirans
954 1045 1250 1099 complectitur
1284 1044 1447 1085 umbra.

232 1106 405 1159 Iamque
440 1105 530 1146 ibat
577 1104 690 1145 dicto
730 1117 883 1157 parens
920 1107 962 1144 et
992 1103 1105 1144 dona
1136 1101 1300 1157 Cupido

279 1221 353 1251 650.
385 1220 527 1262 Sopitus
556 1231 672 1251 somno
705 1223 787 1251 dixit
820 1222 916 1251 etiam
946 1224 1022 1257 Nep.

235 1270 293 1297 Dio
318 1266 348 1296 2.
383 1284 418 1287 —
445 1276 548 1307 super
569 1268 607 1297 cf.
634 1267 665 1302 6,
688 1266 762 1296 203.
792 1283 828 1287 -
863 1264 1022 1306 Cythera,

232 1308 278 1342 τὰ
309 1307 479 1351 Κύθηρα,
502 1315 624 1347 Cerigo.
651 1314 760 1342 insula
781 1314 942 1342 Laconiae
967 1321 1022 1347 op-

234 1360 352 1394 posita.
393 1360 511 1387 Veneri
545 1366 657 1395 sacra,
698 1360 779 1388 unde
813 1360 872 1387 dea
909 1359 1023 1387 dicitur

233 1406 397 1440 Cyna-rea
419 1398 615 1442 Κυθέρεια.

279 1449 354 1478 6³52.
380 1450 517 1478 Idalium
542 1450 663 1486 „Cypri
685 1458 797 1478 nemus
821 1454 879 1481 est,
904 1451 935 1478 in
962 1458 1022 1484 quo

233 1497 379 1531 oppidum
404 1497 520 1523 breve*
549 1497 579 1523 S.
622 1510 657 1514 —
697 1497 838 1523 sacrata
867 1493 963 1531 sede,
989 1496 1021 1523 in

232 1550 325 1570 sacro
359 1543 447 1575 luco,
486 1540 524 1569 cf.
554 1538 629 1568 693.
678 1542 726 1568 Ita
760 1542 955 1569 Erechtheus
989 1541 1022 1568 in

233 1588 398 1616 Minervae
423 1594 514 1614 sacro
539 1590 689 1614 servatus
715 1586 830 1614 dicitur
853 1593 903 1620 ap.
930 1587 1020 1614 Hom.

233 1635 269 1661 11.
299 1630 328 1661 2.
354 1629 430 1659 549.
474 1647 509 1651 0—
553 1629 723 1660 Sam-atus
753 1639 807 1666 pro
833 1639 939 1667 sacer,
979 1632 1023 1659 ita

233 1676 263 1713 2,
285 1675 356 1706 157.
382 1679 439 1706 Ov.
458 1679 500 1705 Μ.
528 1674 578 1712 10,
604 1674 664 1704 321
693 1678 834 1705 sacrata
860 1675 948 1705 iura.
975 1676 1022 1705 Cf.

234 1725 352 1752 doctus.
378 1723 529 1759 eruditus,
555 1723 596 1750 al.

280 1766 354 1796 682.
382 1765 512 1796 medius
539 1774 712 1795 occurrere
742 1767 779 1796 cf.
811 1764 885 1795 348.

279 1812 353 1842 653.
385 1810 522 1842 Faciem
550 1809 679 1849 fallere
714 1817 745 1840 ut
783 1806 932 1851 μορφὴν
964 1808 1023 1840 ὁο-

233 1856 321 1888 zoin]
345 1867 394 1893 ap.
422 1861 515 1893 Soph.
543 1858 626 1886 Phil.
656 1855 715 1885 129
741 1858 872 1890 dictun1;
895 1854 1024 1893 fallere

235 1914 288 1940 pro
309 1905 473 1935 simulare,
492 1909 522 1932 ut
540 1900 660 1939 falsus
681 1903 871 1938 saepissime
895 1903 1022 1931 inveni-

233 1957 292 1984 tur,
319 1951 363 1978 ita
391 1950 487 1978 etiam
512 1945 660 1977 mentiri.

281 1994 354 2024 684.
379 1992 480 2034 pueri
503 2002 598 2033 puer.
648 1996 754 2022 Solent
774 1994 880 2022 Latini
907 1994 940 2021 in
967 1994 1023 2022 ite-

234 2042 342 2070 randis
389 2041 501 2069 iisdem
547 2040 715 2069 vocabulis
763 2040 829 2068 vim
881 2040 1024 2073 aliquam

233 2095 401 2121 quaererez
442 2086 479 2115 cf.
508 2085 543 2114 5.
568 2083 632 2112 569
654 2092 830 2124 pueroque
856 2092 943 2123 puer
966 2082 1022 2113 di-

235 2131 340 2160 lectus
375 2128 467 2165 Iulo;
505 2128 569 2158 314
612 2127 805 2169 calcemque
839 2126 916 2158 terit
955 2127 1023 2158 iam

234 2176 327 2206 calce
362 2174 502 2210 Diores‚·
544 2174 601 2212 10,
630 2172 694 2203 734
732 2183 834 2214 seque
868 2172 940 2203 viro
972 2173 1026 2204 vir

233 2220 398 2255 ςοηίιιΙὶις
424 2219 485 2248 361
510 2218 628 2249 haeret
649 2217 736 2259 pede
752 2228 812 2259 pes
835 2217 1028 2259 densusque

234 2267 308 2296 viro
334 2265 406 2301 vir;
439 2266 503 2295 600
526 2265 674 2303 fratrem
694 2273 737 2294 ne
761 2263 877 2294 desere
892 2264 1028 2302 fratem·

233 2316 291 2342 Ov.
321 2316 361 2341 Π.
395 2311 430 2346 2,
458 2310 500 2340 92
539 2309 655 2350 patrio
690 2313 792 2350 pater
827 2319 900 2340 esse
934 2313 1027 2340 meta

230 2357 376 2398 probor;
397 2360 439 2386 M.
462 2356 511 2390 11,
530 2355 594 2385 774
622 2354 830 2395 celeremque
852 2359 943 2385 metu
971 2365 1026 2385 ce-

234 2402 283 2433 ler
308 2405 435 2443 urguet
454 2410 579 2432 amore.
627 2404 729 2431 Multa
754 2402 829 2430 alia.

279 2448 353 2478 686.
382 2446 519 2485 „Later
545 2448 670 2483 proprie
695 2450 741 2475 est
773 2454 875 2481 aqua,
913 2449 953 2475 ab
987 2455 1024 2475 eo

233 2497 313 2529 quod
338 2496 421 2523 intra
445 2498 548 2523 terrae
574 2500 678 2522 venas
701 2494 814 2528 latea13
841 2492 892 2527 (ἱ)
917 2493 970 2520 sed
995 2497 1025 2520 et

234 2541 345 2568 vinum
371 2542 444 2569 latet
474 2540 557 2568 intra
585 2536 706 2567 uvam‘²
735 2540 766 2566 S.
815 2539 863 2565 Ita
892 2537 1025 2571 saepius

234 2587 271 2613 de
295 2586 369 2613 vino
394 2590 425 2613 ut
453 2582 528 2613 736.
573 2585 646 2613 Val.
671 2585 717 2612 Fl.
745 2580 772 2619 1,
799 2581 862 2610 666
892 2580 1024 2622 pelago

235 2627 321 2658 libat
347 2627 467 2659 latices
498 2631 518 2658 i.
541 2638 567 2658 e.
599 2630 722 2658 vinum.
770 2628 905 2656 Additur
929 2628 1025 2656 etiam

236 2681 267 2704 ut
294 2678 323 2702 h.
354 2676 373 2702 1.
406 2677 617 2711 vocabulum,
655 2683 716 2709 quo
740 2673 883 2709 apertius
908 2673 1027 2702 indice-

235 2724 284 2748 tur
314 2720 425 2748 vinum
455 2721 608 2756 intelligi,
649 2724 683 2748 ut
715 2727 765 2754 ap.
798 2720 890 2747 Lucr.
918 2717 955 2753 5,
986 2715 1026 2746 14

240 2762 363 2793 Fertur
398 2762 498 2793 Liber
530 2763 674 2805 liquoris
710 2761 859 2804 vitigeni
890 2760 1025 2792 laticem

237 2807 438 2838 mortalibus
469 2807 668 2839 instituisse.
717 2812 774 2839 0v.
800 2812 842 2838 M.
876 2806 933 2836 13.
961 2807 1024 2836 653

236 2852 373 2882 laticem
398 2852 502 2886 meri;
537 2861 582 2883 est
610 2856 693 2884 enim
717 2855 853 2890 quodvis
876 2856 972 2883 udum
997 2859 1024 2882 et

237 2900 380 2933 fluidum3
424 2900 496 2927 inde
533 2902 570 2928 de
603 2909 686 2935 aqua
720 2899 749 2936 ⁴,
783 2897 857 2928 512.
899 2899 928 2933 6,
949 2897 1023 2927 715.

237 2946 333 2973 etiam
355 2946 391 2973 de
415 2946 484 2973 oleo
509 2950 536 2973 et
560 2947 650 2973 tante.
674 2962 710 2965 —
740 2947 886 2975 Bacchus
912 2945 1026 2974 dicitur

237 2992 387 3026 Lyaeus,
419 2991 499 3025 quod
527 2983 601 3018 λύει
627 2991 792 3026 curasse).
841 2987 1025 3029 „Lyaeum

237 3040 343 3064 autem
376 3044 430 3070 pro
460 3032 621 3074 Lyaeium
649 3034 760 3065 dixit.“
794 3038 824 3064 S.
875 3035 920 3065 cf.
954 3032 1024 3064 Ro-

1782 1103 1862 1142 695

1070 1229 1212 1254 manus,
1254 1217 1417 1248 Graecus.
1467 1221 1572 1247 Solent
1607 1219 1692 1248 enim
1723 1220 1863 1249 Romani

1071 1268 1167 1295 etiam
1193 1267 1355 1301 pedestres
1381 1265 1552 1299 scriptores
1581 1265 1713 1294 nomina
1734 1267 1866 1300 propria

1071 1321 1186 1347 ponere
1218 1320 1272 1346 pro
1311 1311 1480 1339 adiectivis
1511 1313 1551 1339 ab
1587 1311 1629 1338 iis
1666 1311 1866 1349 derivandis,

1070 1358 1257 1393 praesertim
1299 1356 1328 1384 si
1370 1357 1443 1391 ipsa
1483 1356 1676 1384 adiectivam
1721 1357 1866 1391 aliquam

1070 1406 1186 1432 liabent
1210 1402 1463 1431 terminationem
1490 1406 1519 1429 et
1548 1401 1742 1430 adiectivum
1774 1403 1863 1431 auri-

1071 1452 1129 1477 bus
1159 1449 1264 1477 minus
1289 1452 1372 1476 esset
1399 1452 1543 1483 gratum;
1579 1446 1624 1475 ita
1652 1445 1683 1483 3,
1706 1444 1772 1475 280
1795 1447 1863 1477 Ac-

1069 1493 1158 1528 tius‚·
1179 1492 1244 1521 602
1267 1491 1433 1527 Danaus‚·
1459 1491 1489 1527 4,
1509 1490 1572 1520 207
1598 1489 1776 1528 Lenaeus‚·
1799 1491 1865 1521 552

1073 1537 1270 1579 Syn-haeum
1307 1537 1337 1572 6,
1363 1536 1428 1565 778
1456 1536 1672 1573 Assaracum
1706 1540 1740 1566 E.
1768 1536 1798 1575 6,
1824 1537 1865 1566 65

1072 1584 1189 1613 Aonas
1218 1582 1252 1612 in
1273 1586 1425 1617 monim,-
1467 1580 1588 1612 Latius
1613 1580 1684 1612 dua·
1708 1585 1786 1613 Luc.
1814 1581 1866 1621 10,

1069 1628 1152 1666 3583
1192 1627 1296 1658 Latia
1319 1626 1415 1668 plebs
1450 1626 1533 1665 4033
1575 1625 1714 1658 Latium
1742 1637 1867 1669 corpus

1071 1673 1135 1703 416
1162 1691 1199 1694 -
1235 1672 1380 1703 Maurus
1402 1675 1440 1703 cf.
1469 1675 1572 1702 Bentl.
1602 1675 1676 1702 Hor.
1701 1675 1735 1703 C.
1763 1672 1792 1709 1,
1811 1673 1864 1710 22,

1071 1719 1105 1756 23
1151 1717 1299 1748 Romula
1327 1728 1414 1759 gens
1445 1716 1475 1753 4,
1500 1719 1530 1753 5,
1560 1717 1573 1747 1
1606 1735 1643 1738 -
1680 1717 1758 1748 Ursi
1785 1717 1864 1749 Nu-

1070 1763 1185 1794 midae
1206 1767 1276 1793 Iuv.
1302 1762 1333 1799 4,
1359 1762 1417 1799 99,
1449 1761 1621 1793 Numidae
1646 1762 1760 1794 dentis
1780 1774 1866 1805 opus

1070 1813 1128 1840 Ov.
1154 1812 1244 1839 Pont.
1270 1808 1300 1844 4,
1327 1808 1356 1838 9.
1377 1808 1437 1845 2&
1465 1811 1544 1838 adde
1567 1818 1650 1844 quae
1673 1810 1704 1844 5,
1725 1808 1776 1839 37.
1818 1812 1864 1840 De

1071 1857 1202 1885 Horatio
1226 1856 1263 1885 cf.
1284 1856 1419 1884 Diilenb.
1452 1853 1479 1884 1.
1500 1852 1529 1891 1,
1548 1853 1590 1883 28
1616 1857 1653 1884 de
1676 1856 1771 1885 Livio
1793 1857 1865 1886 Fbr.

1069 1900 1122 1935 21,
1149 1900 1200 1930 53.

1116 1945 1190 1975 687.
1219 1944 1302 1975 dare
1339 1943 1520 1985 amplexus
1562 1947 1600 1975 cf.
1636 1944 1674 1980 2,
1706 1944 1781 1975 698.
1823 1963 1861 1967 -—

1077 1990 1204 2021 Oscula
1223 1990 1342 2031 figere
1367 1992 1430 2019 iam
1457 1993 1581 2021 Lucret.
1605 1988 1635 2027 4,
1662 1987 1749 2020 1173
1773 1993 1864 2021 dixit.

1118 2036 1192 2066 688.
1217 2035 1329 2073 sallas
1367 2046 1412 2065 sc.
1443 2036 1551 2066 furtim
1581 2037 1767 2066 instillando
1803 2046 1864 2068 ve-

1071 2091 1158 2112 neno
1184 2092 1227 2112 sc.
1253 2083 1382 2111 amoris.

1118 2127 1192 2157 690.
1224 2126 1389 2157 Gandens
1415 2136 1499 2157 novo
1523 2128 1633 2157 habitu
1658 2132 1689 2156 et
1711 2130 1808 2166 cultu,
1832 2134 1868 2158 ut

1075 2183 1168 2210 puer,
1195 2175 1292 2203 simul
1321 2175 1402 2208 quod
1427 2175 1516 2202 dolos
1542 2178 1662 2202 struere
1688 2178 1806 2210 potest,
1832 2178 1862 2203 ut

1074 2221 1191 2255 Amor3
1230 2220 1275 2248 ita
1308 2221 1411 2247 laetus
1445 2222 1491 2247 est
1525 2216 1589 2246 696
1622 2219 1699 2247 duce
1730 2220 1866 2256 Achate,

1075 2267 1157 2301 quod
1187 2273 1259 2293 eum
1288 2272 1375 2293 nova
1405 2264 1509 2292 forma
1541 2264 1639 2299 fallit,
1679 2265 1734 2298 qui
1758 2265 1866 2294 Asca-

1074 2312 1162 2340 nium
1188 2318 1296 2339 secum
1322 2311 1434 2338 ducere
1468 2310 1625 2344 opinatur.
1674 2312 1723 2338 Ita
1753 2310 1867 2340 fallere

1075 2358 1191 2391 ubique
1227 2355 1402 2384 maximum
1435 2359 1480 2382 est
1520 2355 1670 2391 gaudium
1708 2356 1780 2384 eius
1812 2357 1866 2391 qui

1071 2403 1212 2431 alienam
1237 2401 1293 2430 fert
1319 2408 1497 2435 personam.

1117 2443 1192 2474 691.
1216 2454 1278 2485 per
1301 2442 1450 2475 membra
1474 2442 1619 2485 quietem
1646 2443 1794 2486 irrigua·
1821 2447 1866 2476 ita

1072 2492 1190 2520 Furius
1227 2494 1309 2526 apud
1342 2492 1539 2520 macrobium
1571 2488 1641 2529 6,1
1681 2489 1865 2531 mitemque

1070 2535 1170 2577 rigat
1189 2545 1252 2577 per
1275 2537 1413 2576 pectora
1438 2544 1612 2571 somnum‚·
1639 2537 1731 2566 Lucr.
1752 2534 1782 2575 4,
1800 2536 1865 2565 905

1077 2580 1177 2611 ,Nunc
1214 2580 1335 2622 quibus
1375 2579 1436 2610 ille
1473 2579 1584 2611 modis
1607 2587 1766 2611 'somnus
1803 2590 1867 2622 per

1074 2625 1224 2656 membra
1263 2625 1409 2666 quictem
1447 2624 1583 2668 irriget.

1074 2670 1204 2711 irrigat
1230 2675 1327 2702 artus
1353 2670 1383 2709 3,
1407 2669 1459 2700 54.

1120 2716 1194 2746 692.
1229 2717 1341 2747 Venus
1365 2733 1409 2737 —
1434 2715 1499 2746 dea
1523 2717 1562 2747 cf.
1587 2713 1662 2746 41¹.

1121 2761 1194 2791 693.
1222 2771 1422 2792 amaracus:
1481 2765 1734 2798 „sampsuchum
1791 2762 1864 2791 sive

1072 2816 1257 2838 amaracum
1302 2810 1334 2837 in
1377 2809 1483 2844 Cypro
1528 2807 1787 2837 laudatissimum
1835 2811 1866 2836 et

1071 2852 1361 2883 odoratissimum.“
1410 2854 1493 2882 Plin.
1516 2855 1554 2882 H.
1583 2855 1618 2881 N.
1643 2849 1704 2887 21,
1731 2850 1783 2880 22.
1809 2850 1863 2880 93.

1072 2902 1120 2928 Ex
1156 2908 1192 2928 eo
1231 2899 1349 2929 factum
1390 2903 1584 2935 unguentum
1625 2897 1864 2926 nobilissimum

1072 2942 1312 2974 amaracinum
1339 2946 1377 2975 cf.
1403 2946 1496 2973 Lucr.
1524 2941 1554 2980 4,
1580 2940 1677 2971 1173.

1118 2988 1192 3018 695.
1219 2992 1288 3019 Ibat
1316 2998 1443 3029 parens
1471 2993 1498 3017 et
1537 2985 1670 3026 Cupido
1706 2991 1864 3023 portabat:

1071 3037 1118 3064 De
1142 3038 1200 3064 hoc
1226 3036 1335 3065 ordine
1362 3037 1531 3065 verborum
1558 3033 1596 3063 cf.
1623 3031 1654 3063 8.
1677 3031 1750 3062 168.
1785 3031 1864 3062 Μ’(Ι.

1632 2627 1744 2657 Simile
1766 2635 1868 2667 sopor
