2023 3350
208 165 289 203 302

207 276 345 326 Quam
379 286 581 327 poenam,
624 274 702 313 aut
740 286 852 326 quae
885 272 1026 314 forma
1059 273 1174 316 viros
1210 274 1439 317 fortunave
1477 274 1639 317 mersit.

779 160 815 191 P.
843 159 1042 193 VIRGILII
1069 161 1284 195 MARONIS

207 334 367 373 Saxum
401 331 550 383 ingens
585 329 763 370 volvunt
799 330 896 381 alii,
938 330 1161 384 iadiisque
1197 335 1395 374 10ta1·tnn

205 388 403 430 Districti
442 386 650 440 pendent;

203 445 357 487 Infelix
393 445 602 495 Theseus3

1775 276 1858 316 615

693 386 834 438 sedet,
874 391 1186 441 aeternumque
1223 389 1400 442 sedebit,

642 443 802 498 Phlegy
805 459 941 498 asque
973 445 1239 487 misenimus
1274 460 1419 489 omnes

886 563 929 602 et
966 574 1054 601 non
1091 564 1281 602 temnere
1318 562 1448 603 divos.
1463 567 1477 583 ‘¹
1772 561 1855 600 620

204 503 435 553 Admonet,
474 505 516 542 et
553 515 711 555 manna.
741 506 929 544 testatur
963 516 1064 544 voce
1100 516 1179 556 pei
1215 505 1413 546 umbras:

205 560 395 607 „Discite
430 559 644 600 iustitiam
675 560 845 611 moniti,

205 617 412 659 Vendidit
448 616 519 657 hic
553 630 657 658 auro
698 619 908 670 patriam,

201 755 278 777 36113
307 751 411 777 metus
435 750 481 775 est
509 750 537 775 et
563 748 653 776 dolor
679 744 842 776 11110103.ιι
874 748 906 775 S.
956 747 1004 776 Cf.

203 795 327 823 Clauds
349 793 383 820 111
410 793 483 821 Ruf.
515 791 551 829 2,
588 792 647 821 1⁴0
686 790 908 832 poenamque
939 789 1005 822 luit

198 837 392 877 formidine
417 846 561 878 poenae.

247 882 323 912 615.
350 892 393 913 ne
420 891 549 923 quaere
576 880 692 912 doceri
721 884 760 912 cf.
792 881 829 919 3,
870 881 922 912 42.
962 898 999 903 —

202 939 307 970 quam
349 938 499 969 poenam
539 938 605 966 „sc.
652 933 839 964 exspectent
882 929 1003 958 iudicio

200 977 339 1005 noudum
365 980 435 1005 acto
463 980 539 1011 „aut
558 974 724 1011 formam,
752 983 842 1014 quae
862 973 1003 1004 mersiv‘

202 1023 267 1050 iani
297 1022 465 1050 iudicatos.
527 1022 587 1057 At,
622 1021 750 1049 etiamsi
781 1026 864 1050 recte
899 1023 935 1049 G.
972 1018 1002 1057 4,

207 1066 266 1095 149
293 1068 426 1104 legitur:
454 1068 624 1104 nonnas,
653 1065 777 1106 apibus
804 1075 891 1106 quas
921 1064 1003 1106 Iup-

200 1111 293 1152 piter
319 1111 393 1152 ipsc
418 1110 579 1149 addidit,
612 1110 814 1150 c.rpccle'‹1m,
849 1117 879 1141 et
900 1112 929 1141 si
953 1120 1002 1149 ea,

201 1166 285 1194 quae
316 1167 349 1187 v.
384 1156 450 1186 780
483 1158 672 1192 afferuntur,
715 1165 941 1192 comparamus
974 1162 1003 1187 et

200 1212 285 1239 quae
312 1202 341 1241 1,
368 1202 434 1232 578
462 1207 491 1231 et
517 1202 547 1240 3,
576 1201 640 1231 367
667 1204 752 1233 dicta
779 1208 865 1239 311111,
896 1208 1003 1232 tamen

201 1251 315 1284 negari
347 1258 409 1278 non
440 1253 561 1285 potest,
592 1249 809 1278 coniecturam
837 1257 857 1278 a
884 1251 1003 1278 Schra-

200 1297 276 1325 dero
307 1295 505 1330 propositam
541 1297 683 1331 merset,
723 1296 805 1329 quod
835 1297 909 1332 dant
941 1296 1002 1323 11110

201 1342 346 1377 Heinsii,
389 1344 506 1369 honam
548 1348 624 1369 esse
663 1345 693 1370 et
734 1340 830 1369 facile
867 1343 1003 1369 verbum

199 1387 391 1416 inusitatius
421 1389 461 1415 ab
488 1386 657 1415 usitatiore
686 1387 832 1421 potuisse
858 1387 1000 1423 expelli3

199 1437 233 1461 ut
257 1441 307 1467 ap.
331 1434 405 1460 Hor.
428 1433 462 1461 C.
488 1430 518 1466 4,
544 1430 574 1464 4,
602 1430 642 1459 65
665 1439 684 1460 a
705 1432 893 1468 vulgariore
916 1440 1002 1460 mer-

199 1487 259 1507 sus
284 1480 460 1512 expulsum
489 1481 537 1506 est
563 1485 706 1514 merses,
739 1486 759 1506 a
781 1478 924 1506 Bentleio
951 1486 1001 1506 re-

199 1524 355 1553 stitutum.
417 1526 453 1552 Et
489 1526 549 1552 hoc
582 1524 651 1552 loco
681 1523 882 1561 offendimur,
918 1525 1001 1557 quod

200 1568 318 1598 mersit
339 1570 457 1598 dixerit
480 1569 664 1605 perfectum,
691 1574 762 1604 post
785 1571 1002 1608 exspectant,

198 1617 281 1650 quod
307 1615 434 1644 futuras
454 1623 528 1643 esse
555 1622 675 1649 poenas
699 1616 829 1643 indicat.
852 1630 889 1634 -—-
914 1616 1002 1644 Haec

198 1662 375 1696 explicatio
405 1668 600 1696 quamquam
632 1668 652 1689 a
685 1661 835 1695 plurimis
868 1665 1002 1695 accepta

198 1710 258 1743 est,
287 1712 391 1736 tamen
418 1716 476 1741 ego
501 1711 610 1735 contra
635 1706 748 1734 afferre
772 1707 874 1735 audeo
900 1706 1001 1734 aliam

198 1757 244 1789 et,
284 1754 440 1787 quomodo
477 1752 557 1781 mihi
591 1754 788 1789 persuadeo,
835 1752 1001 1785 aliquanto

197 1799 371 1832 aptiorem:
418 1799 449 1826 A
472 1806 571 1827 versu
596 1796 790 1825 616—‹520
812 1804 1001 1832 poenarum,

198 1851 219 1873 a
245 1842 436 1872 620-626
459 1845 619 1872 scelerum
643 1851 761 1880 genera
782 1843 1001 1879 persequitur,

198 1897 299 1924 quare
330 1890 496 1925 probabile
527 1893 577 1918 est
603 1891 640 1918 (16
666 1894 800 1924 utroque
825 1889 1001 1923 Virgilium

197 1938 256 1965 hoc
282 1944 381 1964 versu
406 1943 570 1970 quaerere.
625 1932 736 1973 Quam
767 1943 914 1975 poenam
951 1935 1000 1963 fa-

197 1982 259 2011 cile
282 1982 490 2017 intelligitur:
517 1978 609 2020 quod
629 1988 765 2019 poenae
784 1988 919 2020 genum
943 1982 1000 2009 sed

196 2028 295 2055 etiam
317 2035 400 2061 quae
422 2026 542 2064 forma
562 2025 760 2063 fortunave
791 2027 831 2054 ad
862 2034 999 2060 poenam

197 2073 332 2102 refertur
350 2077 379 2101 61
400 2073 595 2107 explicatur,
618 2080 701 2106 quae
723 2071 826 2100 forma
842 2073 999 2106 suppl²cii

198 2123 228 2147 et
245 2120 329 2153 quod
349 2119 502 2147 miseriae
524 2126 627 2154 genus
647 2117 816 2153 (fortuna)
840 2126 896 2146 eos
915 2126 999 2147 mer-

197 2164 249 2192 sit.
300 2166 362 2193 Sed
394 2171 512 2200 magna
546 2167 633 2192 esset
663 2167 775 2198 poetae
805 2164 997 2202 loquacitas,

196 2210 280 2238 idem
307 2214 353 2239 ter
380 2210 501 2246 dicere,
536 2214 565 2238 61
586 2209 736 2246 fortuna
761 2217 825 2237 non
849 2210 932 2238 satis
956 2219 999 2239 ex

197 2263 258 2285 sua
283 2256 317 2284 vi
341 2256 542 2291 explicatur,
579 2259 609 2283 et
635 2257 698 2284 ant
727 2255 860 2283 diversa
883 2256 997 2290 iungit.

196 2302 247 2331 Ac
273 2301 376 2330 forma
407 2305 454 2330 est
485 2301 612 2336 species
643 2301 790 2329 subiecta
821 2301 931 2336 generi
957 2301 998 2330 cf.

196 2356 228 2376 v.
255 2346 337 2385 6211,
368 2348 423 2376 ubi
450 2350 543 2382 plene
567 2347 643 2375 dicit
667 2345 833 2375 scelerum
859 2345 998 2383 formas

194 2397 225 2421 et
258 2393 324 2422 Cic.
360 2394 436 2428 Top.
471 2391 489 2420 7
527 2390 674 2421 Formae
706 2394 804 2427 sunt,
838 2389 874 2420 in
910 2400 999 2431 quas

195 2447 312 2478 genus
331 2436 515 2467 diuiditur.

565 2439 603 2466 In
621 2438 744 2473 ,torma
762 2438 908 2473 intellige
927 2445 998 2466 sce—

197 2482 295 2519 leris,
330 2488 361 2512 et
382 2483 532 2521 fortuna
558 2487 607 2512 est
630 2491 682 2511 res
705 2487 857 2520 externa,
892 2487 998 2511 status

194 2538 256 2564 quo
284 2530 358 2564 quis
383 2534 448 2567 631,
481 2529 560 2564 (1103
588 2526 728 2566 {iussere
757 2526 878 2567 Lag-Q
902 2533 998 2563 atque

195 2582 236 2604 ea
265 2579 313 2604 est
344 2576 474 2610 propria
503 2575 594 2604 vocis
621 2574 834 2610 significatio]
868 2582 930 2608 quo
956 2575 997 2603 ati

195 2623 304 2649 scelus
329 2621 588 2656 impellebantur.
636 2621 749 2653 Itaque
777 2627 818 2648 ea
848 2625 895 2648 est
922 2628 997 2648 sen-

195 2667 312 2695 tentia:
348 2668 490 2696 Nimium
507 2673 691 2701 quaerereS,
710 2665 739 2693 si
759 2665 902 2694 omnium
920 2674 997 2700 poe-

194 2719 309 2741 narum
332 2717 385 2741 aut
412 2715 571 2742 scelerum
595 2718 714 2748 genera
739 2713 847 2739 velles
873 2712 995 2740 audire.

196 2758 285 2791 Quae
309 2762 338 2786 et
363 2759 473 2787 verbis
498 2758 603 2792 magis
627 2757 779 2786 convenit
801 2761 830 2785 et
857 2764 997 2791 sequen-

194 2803 280 2831 tibus
317 2804 490 2838 aptissima
520 2808 580 2832 est.
644 2804 714 2831 Iam
753 2806 864 2837 aptum
898 2803 996 2831 etiam

195 2849 369 2882 perfectum
393 2847 534 2885 mcrsit3
567 2856 643 2877 nam
666 2848 783 2877 mortui
812 2848 878 2876 iam
903 2853 996 2883 suut2

195 2895 320 2923 scelera
351 2895 449 2931 igitur
477 2895 651 2930 praeterita
685 2898 777 2929 sunu
815 2895 854 2922 ad
889 2902 995 2932 qnam

195 2943 302 2968 autem
341 2947 491 2979 poenam
532 2940 688 2969 facillime
729 2939 897 2974 supplebis
937 2948 994 2968 er-

195 2987 365 3021 spectant.
429 2987 464 3013 Et
505 2986 648 3014 firmatur
686 2987 766 3013 haec
806 2985 995 3019 explicandi

195 3029 293 3064 ratio,
330 3031 413 3064 quod
438 3035 485 3059 est
512 3031 545 3059 in
571 3034 631 3060 1106
656 3038 754 3059 versu
781 3032 892 3059 eadem
917 3039 993 3059 seu-

194 3073 308 3109 tentia,
334 3083 415 3108 quae
439 3077 479 3104 ad
504 3077 596 3105 tinem
621 3077 877 3106 enumerastonis
902 3084 993 3111 repe-

949 618 1256 672 dominumque
1292 622 1516 673 potentem

1053 748 1129 776 titur
1150 755 1181 776 v.
1208 745 1324 775 625-
1339 746 1391 786 27,
1416 757 1475 778 1166
1498 749 1606 778 minus
1628 748 1739 776 eodem
1762 746 1855 775 modo

1053 794 1222 829 distincta3
1255 795 1362 831 agitur
1391 795 1477 823 enim
1502 798 1530 823 et
1555 796 1593 823 de
1618 793 1799 822 sceleribus
1824 795 1856 820 et

1052 841 1090 868 de
1116 839 1238 874 0061113.
1267 856 1305 860 -
1339 837 1440 877 siros
1464 840 1509 868 ita
1536 838 1587 877 12,
1613 838 1688 867 318.
1712 837 1777 866 906
1800 837 1855 866 ubi

1051 885 1213 915 sufficeret
1247 894 1313 915 cos.
1363 888 1431 915 Iam
1464 894 1542 915 vero
1576 885 1649 914 sive
1681 884 1770 919 prius
1799 891 1853 912 ac-

1051 932 1151 966 cipis,
1186 932 1260 960 sive
1289 934 1371 967 quod
1404 933 1497 960 modo
1523 930 1694 966 proposui:
1733 930 1854 964 impro-

1051 978 1144 1005 babis
1180 985 1274 1011 spero
1314 982 1472 1007 mutatum
1513 977 1659 1005 ordinem
1697 983 1853 1005 versuum

1050 1031 1132 1059 eum,
1160 1031 1222 1057 quo
1244 1032 1363 1053 versus
1382 1024 1429 1052 ita
1453 1023 1629 1059 iunguntur
1647 1018 1852 1049 608-611.

1051 1068 1184 1103 (6166113
1203 1070 1355 1099 versibus
1379 1067 1444 1097 612
1463 1073 1491 1097 61
1512 1067 1616 1104 6131)
1643 1065 1704 1096 621
1723 1082 1761 1087 -
1776 1064 1853 1095 624.

1051 1112 1129 1143 614.
1159 1111 1223 1142 615
1257 1115 1334 1150 (sed
1365 1115 1477 1144 eiectis
1509 1114 1635 1143 xerbis:
1668 1115 1730 1141 aut
1763 1119 1854 1152 quoe

1049 1159 1166 1196 forma
1184 1158 1274 1189 vit-ov
1287 1160 1478 1195 fortunate
1492 1158 1643 1195 mersit).
1675 1156 1738 1185 525
1751 1155 1853 1186 —27.

1052 1203 1361 1234 (ηδ-6211628
1395 1211 1453 1235 etc.
1510 1207 1598 1234 Haec
1636 1208 1772 1234 conatus
1806 1194 1856 1232 es't

1056 1248 1110 1279 Pl.

1097 1294 1172 1325 616.
1199 1299 1269 1326 Iam
1307 1299 1361 1326 dat
1394 1298 1481 1326 alias
1521 1297 1755 1332 suppliciorum
1788 1295 1854 1323 for-

1050 1350 1137 1378 mas,
1168 1344 1287 1377 quibus
1320 1345 1468 1377 singulos
1499 1344 1630 1377 punitos
1654 1351 1728 1371 esse
1754 1342 1852 1371 etiam

1048 1389 1107 1417 alii
1132 1393 1244 1423 poetae
1270 1389 1510 1417 fabulabantur.
1540 1404 1577 1408 -—
1617 1386 1749 1416 Saxum
1779 1383 1852 1415 vol-

1049 1436 1146 1462 vunt.
1204 1436 1239 1463 Id
1267 1436 1431 1470 Sisyphus
1470 1434 1577 1464 facere
1611 1438 1764 1463 narratur
1799 1440 1850 1467 ap.

1049 1480 1115 1508 Cic.
1139 1481 1234 1509 Tusc.
1266 1477 1292 1517 1,
1318 1482 1348 1514 ὁ,
1381 1480 1417 1508 10
1449 1477 1621 1519 Sisyphus
1643 1481 1760 1508 versat
1785 1478 1854 1507 Sa-

1047 1533 1128 1554 rum
1155 1524 1288 1554 sudans
1316 1523 1478 1554 nitendo.-
1503 1533 1614 1564 neque
1638 1522 1776 1564 proficit
1802 1521 1854 1553 hi-

1051 1568 1134 1600 lum.
1178 1574 1238 1600 (lv.
1267 1574 1308 1600 M.
1339 1570 1377 1605 4,
1406 1569 1470 1599 459
1498 1575 1568 1606 post
1596 1572 1687 1599 Hom.
1713 1572 1769 1599 011.
1799 1567 1852 1608 11,

1049 1614 1126 1645 592,
1160 1633 1198 1636 -
1236 1615 1416 1656 radiisque
1448 1617 1486 1645 cf.
1522 1615 1555 1653 1,
1587 1613 1663 1645 701.
1714 1616 1760 1646 Cf.
1791 1618 1851 1645 Ov.

1048 1664 1090 1690 M.
1116 1660 1145 1697 4,
1168 1660 1233 1690 460
1264 1660 1427 1691 solvitur
1448 1660 1545 1691 Ixion
1570 1663 1603 1691 et
1623 1670 1658 1690 se
1680 1659 1852 1701 sequitur—

1050 1715 1115 1746 que
1144 1706 1325 1749 fugitque.
1375 1711 1488 1743 Itaque
1519 1712 1588 1737 rota
1620 1716 1747 1742 semper
1777 1716 1852 1736 ver—

1049 1757 1150 1782 satur.

1097 1796 1173 1827 617.
1203 1796 1322 1836 Sedet,
1349 1801 1431 1834 quod
1455 1807 1528 1828 611111
1552 1798 1697 1827 Pirithoo
1714 1799 1850 1827 Proser-

1048 1845 1160 1879 pinam
1190 1845 1295 1873 voluit
1326 1852 1448 1879 rapere.
1498 1846 1548 1873 Ita.
1578 1844 1758 1873 Pirithoum
1793 1852 1847 1874 ca-

1049 1891 1131 1919 tenis
1161 1891 1333 1927 alligatum
1365 1891 1453 1927 fingit
1478 1890 1651 1926 Horatius,
1682 1890 1721 1919 cf.
1748 1891 1788 1919 ad
1815 1899 1848 1919 v.

1049 1934 1125 1964 600.
1176 1938 1322 1965 Ceterum
1350 1938 1387 1965 de
1410 1938 1536 1965 Theseo
1567 1936 1661 1965 varie
1693 1944 1745 1965 res
1772 1943 1850 1965 nar—

1047 1986 1145 2010 ratur.
1195 1982 1341 2011 Plurimi
1374 1991 1447 2011 eum
1478 1985 1519 2011 ab
1549 1983 1689 2011 Hercule
1721 1983 1851 2011 tradunt

1046 2036 1119 2056 6336
1144 2028 1325 2057 liberatum.

1093 2072 1169 2102 618.
1202 2071 1399 2114 Phlegyas,
1445 2073 1572 2102 Ixionis
1608 2077 1712 2110 pater,
1764 2073 1849 2107 quod

1044 2120 1212 2154 Apollinis
1244 2121 1396 2154 templum
1428 2120 1630 2155 incenderat,
1673 2119 1707 2146 in
1732 2119 1848 2147 Tarta-

1044 2173 1115 2194 rum
1151 2167 1293 2195 deiectus
1324 2170 1382 2194 est.
1438 2166 1546 2199 Atque
1581 2164 1612 2192 is
1650 2167 1849 2199 contemptor

1044 2219 1197 2245 superum
1218 2220 1302 2241 nunc
1324 2214 1446 2240 mouet:
1475 2207 1597 2239 discite
1625 2211 1685 2238 etc.
1714 2216 1849 2238 aureum

1046 2257 1177 2286 dictum.
1236 2255 1364 2293 „Cette
1396 2257 1555 2284 sentence
1589 2257 1638 2284 cst
1675 2254 1786 2284 bonne
1816 2257 1849 2284 et

1045 2300 1151 2337 belte3
1181 2299 1272 2330 Mais
1292 2310 1330 2330 en
1355 2299 1467 2338 Enser
1487 2299 1527 2330 (le
1545 2298 1627 2340 quoi
1641 2302 1708 2329 sert
1729 2296 1848 2329 clle?“

1045 2350 1193 2377 Scarron.
1222 2367 1229 2375 .
1242 2347 1467 2381 Dixeruntque
1491 2347 1551 2376 alii
1570 2349 1651 2376 haec
1668 2354 1743 2375 esse
1760 2346 1846 2376 dieta

1043 2394 1243 2429 legentibus,
1277 2401 1340 2421 non
1365 2393 1493 2421 Inferis.
1542 2393 1630 2427 Quod
1655 2393 1685 2420 si
1708 2396 1845 2430 statues,

1044 2443 1128 2467 certe
1159 2439 1193 2466 in
1224 2439 1327 2467 forma
1359 2439 1517 2468 carminis
1543 2438 1721 2474 Virgilium
1757 2439 1845 2467 dices

1043 2492 1209 2519 peccasse.
1258 2484 1303 2512 At
1336 2493 1413 2513 vero
1444 2485 1478 2512 in
1508 2492 1545 2513 eo
1578 2491 1682 2518 poena
1712 2488 1762 2512 est
1789 2485 1845 2512 vel

1044 2531 1207 2565 maxima,
1232 2531 1314 2564 quod
1341 2534 1407 2559 tam
1433 2529 1599 2564 splendido
1623 2530 1720 2565 dicto,
1746 2537 1845 2564 quum

1043 2576 1125 2605 dicat
1158 2577 1379 2605 condemnatis
1417 2584 1476 2605 1166
1512 2576 1576 2604 sihi
1611 2584 1670 2604 1166
1709 2575 1844 2604 audien·

1044 2622 1129 2650 tibus
1170 2623 1322 2657 prodesse
1363 2622 1482 2657 possit;
1533 2630 1592 2651 1166
1628 2621 1737 2650 minus
1774 2620 1843 2649 illis

1042 2675 1081 2696 ea
1108 2670 1207 2696 verba
1230 2672 1304 2696 sunt
1331 2671 1494 2696 tormento.
1526 2683 1564 2686 —
1597 2669 1647 2696 Ita
1670 2667 1763 2695 Ixion
1789 2672 1842 2700 ap.

1043 2714 1134 2742 Pind.
1166 2715 1263 2749 Pyth.
1297 2711 1332 2745 2
1364 2711 1406 2740 23
1437 2714 1527 2742 (10661
1558 2705 1622 2741 τὸν
1651 2704 1844 2749 εὐεργέταν

1042 2751 1199 2797 ἀγαναῖς
1231 2751 1405 2798 ἀμοιβαῖς
1439 2750 1696 2796 ἐποιχομένους
1731 2751 1843 2783 τίνεσ-

1042 2802 1122 2833 θαι.
1148 2819 1185 2823 -
1214 2806 1383 2840 Phleffyae
1407 2801 1536 2839 Val.2,
1567 2800 1628 2830 193
1652 2808 1699 2834 sq
1743 2801 1842 2829 Phle-

1043 2857 1128 2884 gyae
1165 2854 1194 2877 et
1231 2850 1356 2878 Theseo
1394 2850 1509 2883 epulas
1545 2846 1712 2882 appositas
1754 2846 1842 2882 dicit,

1043 2902 1126 2930 quas
1151 2899 1305 2924 memorat
1326 2895 1416 2929 Virg.
1443 2900 1545 2928 supra
1569 2900 1602 2921 v.
1631 2889 1695 2919 603
1721 2898 1768 2926 sq.

1090 2937 1166 2969 621.
1193 2942 1263 2969 Iam
1295 2941 1374 2969 redit
1405 2940 1520 2968 iterum
1551 2937 1681 2972 Sibylla
1710 2938 1752 2965 ad
1785 2945 1842 2973 ge-

1041 2994 1120 3014 nera
1141 2988 1310 3015 scelerum.
1361 2987 1442 3014 Sunt
1461 2984 1516 3018 qui
1545 2983 1684 3018 patriam
1709 2986 1841 3017 accepto

1040 3032 1142 3066 pretio
1168 3032 1381 3060 vendiderunt
1403 3034 1431 3059 et
1458 3028 1638 3064 dominum,
1666 3032 1842 3063 tyrannum

1040 3078 1232 3113 imposuere.
1294 3077 1404 3113 „Haec
1440 3075 1514 3104 licet
1553 3073 1749 3110 generaliter
1791 3073 1841 3102 di-
