2023 3350
265 89 346 128 542

834 88 868 120 P.
896 88 1087 122 VIRGILII
1113 89 1322 124 MAROMS

260 202 342 243 Ter
376 200 537 241 circum
577 212 796 251 accensos,
836 201 963 242 cincti
1000 201 1264 255 fulgentibus
1300 204 1443 254 armis,

259 260 496 300 Decurrere
536 270 679 309 rogos;
718 261 786 298 ter
820 262 1030 300 maestum
1065 259 1226 302 funeris
1262 260 1404 314 ignem

260 317 514 357 Lustravere
553 314 597 354 in
632 314 770 367 equis,
810 315 1086 370 ululatusque
1120 330 1192 358 ore
1229 317 1394 361 dedere.

259 372 486 426 Spargitur
522 374 564 412 et
598 371 726 413 tellus
766 373 972 423 lacrimis,
1003 378 1267 428 sparguntur
1301 381 1342 418 et
1378 390 1516 428 arma3

259 431 297 471 lt
333 429 450 470 caelo
485 429 730 482 clamorque
768 431 906 472 virum
946 431 1204 484 clangorque
1237 433 1450 476 tubarum.

256 487 338 528 Hic
371 486 444 527 alii
481 486 620 540 spolia
657 487 809 529 occisis
842 488 1022 542 derepta
1064 489 1227 531 Latinis

259 544 500 587 Coniiciunt
535 543 641 597 igni,
682 545 828 598 galeas
867 560 1072 600 ensesque
1107 546 1283 589 decoros

255 603 479 654 Frenaque
515 601 810 657 ferventesque
847 608 986 655 rotas3
1028 618 1129 658 pars
1168 619 1344 647 munera
1386 609 1501 656 nota,

256 661 451 713 Ipsorum
489 659 648 713 clipeos
685 664 727 702 et
769 675 853 702 non
890 661 1033 703 felicia
1071 662 1170 703 tela.

254 717 395 759 Multa
430 717 558 758 boum
594 718 708 759 circa
743 722 990 761 mactantur
1028 733 1215 774 corpora
1260 719 1409 771 Morti3

255 774 589 828 Saetigerosque
628 789 724 817 sues
764 781 997 831 raptasque
1037 791 1089 819 ex
1128 776 1323 819 omnibus
1361 778 1476 831 agris

254 833 303 874 In
341 832 558 874 flammam
593 832 791 886 iugulant
827 834 1021 888 pecudes.

1081 835 1188 876 Tum
1227 835 1352 876 litore
1393 840 1485 877 toto

253 890 464 932 Ardentes
498 894 695 944 spect-ant
736 892 892 943 socios,
934 892 1224 946 semiustaque
1264 897 1435 935 servant

1813 892 1895 930 200

252 949 408 999 Busta,
445 961 582 1002 neque
617 948 743 990 avelli
784 954 982 1003 possunt,
1019 964 1104 992 nox
1139 950 1317 992 humida
1352 951 1485 992 donec

250 1006 433 1048 Invertit
468 1006 632 1047 caelum
671 1006 806 1048 stellis
841 1007 1092 1049 ardentibus
1122 1012 1282 1062 aptum.

367 1064 453 1105 Nec
492 1064 631 1105 minus
673 1068 715 1106 et
751 1065 896 1107 miseri
935 1065 1103 1107 diversa
1138 1066 1182 1107 in
1218 1069 1342 1119 parte
1377 1063 1520 1106 Latini

250 1122 500 1162 Innumeras
532 1125 725 1163 struxere
765 1137 913 1177 pyras,
953 1127 995 1165 et
1037 1137 1221 1177 corpora
1255 1123 1414 1177 partim

250 1179 387 1220 Multa
423 1179 560 1220 virum
599 1184 740 1221 terrae
779 1180 1015 1232 infodiunt,
1053 1186 1286 1235 avectaque
1323 1180 1484 1234 partim

251 1237 476 1279 Finitimos
515 1236 674 1279 tollunt
712 1238 755 1279 in
793 1252 937 1292 agros,
971 1239 1154 1292 urbique
1192 1239 1428 1280 remittunt.

299 1410 374 1441 188.
401 1413 575 1441 sollemnis
603 1417 671 1441 erat
704 1414 860 1443 decursus
884 1414 940 1442 ille
962 1415 1050 1443 mili-

250 1460 331 1487 taris
356 1460 389 1487 in
412 1460 573 1487 clarorum
594 1460 739 1487 virorum
769 1459 895 1494 funere3
933 1460 966 1487 in
990 1468 1048 1495 pu-

250 1512 334 1541 gnae
359 1505 510 1540 speciem.
542 1504 670 1533 cf.Tac.
694 1506 757 1533 An.
784 1503 813 1540 2,
840 1503 871 1533 7.
897 1504 971 1533 val.
998 1507 1045 1534 Fl.

251 1550 282 1587 3,
307 1548 381 1579 347.
409 1551 518 1585 Apoll.
549 1548 577 1587 1,
603 1548 700 1578 1059.
724 1552 791 1579 Iam
806 1558 856 1585 ap.
873 1551 1046 1580 Homerum

249 1598 287 1625 Il.
317 1594 370 1633 23,
403 1594 451 1624 13.
504 1611 542 1615 -
593 1598 642 1624 Ita
671 1597 770 1625 etiam
792 1597 860 1632 rogi
885 1597 1046 1633 lustratio,

250 1651 348 1677 quum
380 1642 555 1676 composito
590 1643 700 1670 ordine
735 1643 1045 1676 circumequitarent.

249 1689 374 1717 'remus
399 1692 505 1716 autem
531 1695 684 1716 numerus
708 1688 742 1715 in
765 1690 861 1716 rebus
877 1689 917 1716 ad
932 1690 1047 1717 Manes

248 1734 413 1768 pertinens
446 1734 609 1769 legitimus
641 1733 680 1762 cf.
723 1732 759 1769 6,
800 1731 875 1761 229.
908 1732 983 1762 506.
1016 1738 1046 1762 et

247 1780 408 1815 magicam
435 1781 529 1808 habet
548 1779 627 1807 vim.
662 1780 754 1807 Adde
778 1779 860 1808 locis
875 1780 988 1807 allatis
1014 1779 1045 1817 4,

248 1822 326 1853 511».
367 1827 402 1853 E.
430 1822 461 1860 S,
489 1823 529 1852 73
553 1833 600 1860 sq.
644 1826 679 1853 G.
711 1823 738 1860 1,
764 1823 839 1853 345.

295 1892 370 1923 190.
401 1890 561 1923 ululatus
588 1890 714 1922 dedere
739 1893 777 1922 cf.
804 1890 834 1929 2,
856 1889 932 1920 698.

295 1959 371 1990 191.
397 1963 476 1990 110111
509 1963 600 1990 Hom.
641 1963 679 1989 ΙΙ.
706 1959 760 1997 23,
803 1958 841 1988 15
881 1954 1044 1989 Δεύοντο

247 2001 442 2046 ψάμαθοι,
482 2000 631 2035 δεύοντο
677 1999 714 2035 δὲ
745 1999 872 2045 τεύχεα
911 2001 1044 2044 φωτῶν

249 2048 412 2091 δάκρυσι.

296 2108 369 2138 192.
394 2107 420 2138 it
452 2106 547 2138 caclo
578 2107 709 2137 clamor
748 2109 786 2137 cf.
809 2108 845 2143 5,
874 2105 948 2136 451.
1001 2123 1038 2127 —

246 2154 427 2186 tubarum:
473 2156 582 2189 „Ante
609 2155 694 2183 enim
718 2155 837 2183 mortui
870 2155 910 2182 ad
934 2156 1041 2182 tubam

245 2200 515 2231 deducebantur.“
542 2204 574 2230 S.
609 2201 647 2231 cf.
673 2202 763 2229 Pers.
792 2197 917 2236 3,103.
945 2201 1040 2235 Prop.

245 2245 281 2283 4,
312 2245 367 2283 12,
393 2246 423 2276 9.
473 2248 549 2276 Inde
578 2248 676 2276 etiam
708 2247 742 2276 in
772 2246 970 2281 spectaculis
1001 2245 1040 2275 cf.

244 2294 275 2329 5,
306 2292 378 2321 113.

292 2348 366 2378 193.
394 2347 511 2386 „llc'nc
540 2349 642 2384 (quod
671 2350 748 2378 olim
784 2357 968 2384 receperam
1005 2349 1040 2377 fi-

244 2404 302 2425 sus
323 2396 513 2425 auctoritate
539 2393 666 2435 lVgri)
695 2395 727 2423 in
754 2403 815 2430 quo
839 2396 921 2424 libro
936 2399 1041 2424 exstet

242 2443 368 2477 nescim
394 2438 450 2470 hic
473 2440 644 2479 Mpnyb&
674 2438 737 2469 Rb.

292 2508 366 2539 194.
394 2517 490 2538 enses
519 2506 650 2545 decori,
690 2509 833 2545 pulchri,
879 2518 959 2544 quos
983 2512 1040 2538 ho-

245 2557 348 2585 stibus
373 2556 576 2590 eripueran13
602 2559 708 2583 tamen
731 2555 765 2583 in
784 2557 933 2584 honorem
955 2564 1039 2585 mor—

242 2607 368 2631 tuorum
394 2601 632 2637 pretiosissima
658 2601 844 2630 coniiciunt.

291 2668 363 2698 195.
387 2668 566 2706 ferventes
590 2672 698 2699 rotas.
730 2670 893 2698 Usitatum
917 2672 976 2699 hoc
1002 2670 1039 2698 de

240 2716 319 2743 rotis
338 2716 377 2745 cf.
394 2718 429 2744 G.
454 2714 483 2751 3,
509 2714 570 2743 107
596 2713 692 2744 volat
713 2713 748 2744 vi
769 2713 931 2752 fervidus
949 2713 1037 2751 axis,

241 2762 316 2789 Hor.
347 2763 381 2790 C.
414 2760 445 2797 1,
473 2760 506 2798 1,
532 2759 551 2789 4
590 2759 753 2800 Metaque
778 2758 932 2797 fervidis
968 2759 1037 2790 evi-

241 2809 318 2836 tata
343 2804 438 2836 rotis.
463 2809 499 2835 S:
527 2815 612 2842 „non
627 2814 710 2841 quae
726 2815 812 2836 nunc
825 2806 959 2844 fervent,
984 2809 1039 2836 sed

240 2860 323 2887 quae
352 2855 458 2882 solent
492 2852 651 2882 fervere.“
688 2850 739 2882 Pl.
768 2853 933 2887 proposuit
959 2851 1033 2889 fer-

240 2900 348 2926 ratas.
399 2899 440 2927 At
473 2907 580 2927 nonne
606 2901 666 2928 hoc
699 2900 750 2927 vel
783 2899 888 2935 magis
921 2906 1033 2933 super-

240 2942 360 2972 fluum?
390 2944 436 2972 Cf.
462 2942 537 2972 213.
584 2960 620 2964 —
661 2951 806 2973 munera
830 2946 915 2973 nota
939 2944 977 2973 cf.
1004 2941 1035 2981 4,

239 2985 314 3015 221.
347 2990 435 3022 Quae
460 2997 499 3018 ea
523 2990 599 3025 sint,
624 2990 739 3019 dicitur
758 2997 859 3019 versu
878 2990 1031 3024 proximo.

1146 1412 1219 1444 196.
1248 1417 1277 1444 et
1312 1423 1377 1442 non
1422 1409 1543 1448 felicia
1583 1407 1654 1440 tela
1686 1409 1826 1448 „quibus
1857 1416 1894 1438 se

1096 1461 1264 1490 defendere
1287 1456 1537 1495 nequiverunt.“
1564 1459 1596 1485 S.
1626 1472 1664 1477 —
1690 1465 1758 1485 nou
1771 1453 1894 1490 felittia

1095 1507 1194 1535 etiam
1220 1508 1260 1535 ad
1286 1504 1414 1545 clipeos
1438 1504 1583 1540 pertinet.

1143 1571 1217 1602 197.
1248 1571 1374 1610 Morti,
1401 1573 1495 1608 quasi
1517 1573 1612 1607 deae;
1652 1572 1698 1601 ita
1717 1572 1806 1600 Mors
1830 1571 1891 1599 dea

1094 1620 1172 1648 Luc.
1197 1619 1227 1653 ὃ,
1253 1617 1328 1648 230.
1362 1617 1392 1655 6,
1421 1617 1496 1646 600.

1142 1674 1216 1704 198.
1244 1675 1382 1716 Raptus
1409 1677 1430 1704 i.
1457 1684 1483 1705 e.
1508 1683 1570 1704 non
1595 1676 1735 1707 electas:
1769 1673 1890 1710 eligere

1092 1722 1218 1750 hostias
1242 1722 1358 1751 Inferis
1381 1723 1473 1751 nulla
1507 1726 1575 1750 erat
1600 1721 1794 1750 necessitas.
1841 1720 1888 1748 Iis

1092 1768 1178 1796 enim
1203 1775 1242 1797 ac
1267 1768 1362 1796 Morti
1385 1769 1538 1796 debentur
1559 1767 1677 1795 omnia.

1140 1822 1215 1898 299.
1243 1822 1277 1853 in
1302 1823 1486 1863 flammam
1523 1820 1710 1865 iugulant:
1750 1822 1804 1851 Sic
1838 1818 1889 1857 12,

1092 1869 1130 1899 21
1163 1892 1170 1899 .

1138 1925 1214 1956 202.
1238 1924 1407 1964 „invertit
1423 1924 1570 1962 caelum,
1596 1930 1629 1955 ut
1645 1932 1686 1954 ea
1702 1933 1790 1962 pars,
1807 1931 1890 1960 quae

1090 1979 1214 2003 noctem
1238 1976 1387 2009 haberet,
1431 1974 1490 2002 sub
1523 1977 1610 2001 terra
1630 1969 1752 2000 esset.“
1776 1973 1808 2000 S.
1845 1970 1885 2000 cf.

1090 2018 1121 2052 8,
1148 2017 1224 2048 280.
1256 2035 1301 2038 ——
1324 2020 1445 2059 aptum
1469 2018 1508 2048 cf.
1536 2015 1566 2056 4,
1591 2015 1668 2046 482.

1089 2108 1293 2139 *zoa—224.
1342 2106 1438 2139 Idem
1473 2105 1640 2138 facientes
1672 2103 1787 2137 Latini
1817 2104 1884 2136 iam

1198 2177 1317 2208 Turno
1339 2173 1422 2207 belli
1448 2173 1537 2206 mala
1564 2172 1780 2216 exprobrant.

1135 2245 1210 2275 203.
1243 2244 1312 2276 Nec
1333 2244 1447 2276 minus
1471 2245 1511 2276 cf.
1541 2242 1576 2282 1,
1605 2243 1681 2274 633.

1134 2291 1209 2321 201.
1237 2290 1457 2321 innumeras.-
1489 2292 1579 2328 „Hoc
1603 2293 1673 2321 loco
1699 2291 1813 2320 multis
1834 2300 1886 2321 re-

1088 2341 1148 2367 bus
1179 2339 1332 2374 ostendit,
1372 2338 1565 2367 immensam
1597 2338 1727 2367 caedem
1762 2338 1883 2368 factam

1086 2393 1159 2414 esse
1183 2384 1409 2413 Rutulorum.‘'·
1445 2385 1477 2411 S.

1133 2439 1209 2470 206.
1235 2439 1379 2482 urbique
1408 2439 1602 2470 remittunt.
1649 2440 1745 2475 Apud
1783 2443 1886 2471 natos

1087 2488 1204 2517 mortui
1237 2492 1265 2516 et
1307 2488 1545 2522 sepeliebantur
1576 2491 1605 2516 et
1647 2488 1882 2518 cremabantur.

1087 2534 1262 2568 Utrumque
1304 2534 1402 2570 igitur
1437 2534 1582 2568 sequitur
1616 2533 1690 2569 Vgl.
1745 2533 1806 2566 Qui
1841 2543 1884 2564 ex

1087 2580 1310 2609 remotioribus
1332 2584 1423 2608 erant
1448 2579 1651 2616 regionibus,
1676 2578 1710 2607 in
1735 2579 1805 2609 loco
1829 2587 1883 2609 se-

1086 2625 1249 2660 peliuntur
1272 2629 1327 2654 aut
1349 2627 1592 2660 comburuntur3
1641 2625 1697 2659 qui
1721 2633 1763 2654 ex
1785 2625 1884 2655 finiti-

1085 2672 1147 2700 mis
1165 2671 1254 2707 agris
1277 2675 1306 2700 et
1324 2674 1402 2700 urbe
1423 2675 1497 2700 sunt
1521 2672 1731 2708 Laurentina,
1754 2673 1882 2701 domum

1085 2717 1260 2750 mittuntur,
1284 2721 1318 2746 ut
1340 2724 1361 2746 a
1386 2716 1534 2753 cognatis
1558 2717 1645 2746 iusta
1665 2718 1880 2753 solverentur,

1084 2763 1105 2791 i.
1136 2771 1164 2792 e.
1194 2767 1311 2793 avecta
1344 2768 1400 2792 aut
1440 2764 1595 2792 tolluntur
1626 2762 1662 2792 in
1696 2769 1793 2798 agros
1823 2768 1880 2792 aut

1087 2809 1253 2838 mittuntur
1276 2809 1308 2837 in
1342 2811 1469 2846 urbem,
1514 2813 1548 2837 111
1578 2809 1639 2837 duo
1662 2811 1805 2838 membra
1829 2809 1879 2838 bi-

1080 2855 1200 2889 partita
1246 2855 1330 2884 inter
1376 2862 1412 2884 se
1457 2857 1667 2889 opponantur.
1728 2851 1779 2883 Pl.
1823 2855 1879 2890 qui

1081 2902 1204 2929 avecta
1250 2898 1379 2930 tollunt
1422 2899 1623 2936 reprehendit
1661 2902 1691 2928 et
1737 2896 1879 2930 sublata

1082 2942 1237 2975 avebant
1258 2946 1427 2976 dicendum
1445 2946 1549 2975 fuisse
1568 2944 1679 2981 sumit,
1702 2945 1804 2974 coni-z
1835 2943 1878 2976 F.

1079 2989 1251 3031 plaustris
1273 2991 1294 3021 ἰ.
1323 2999 1431 3032 agros
1457 2989 1623 3029 urbesque
1646 2997 1672 3018 r.

1818 322 1906 377 190=
1963 292 1970 338 Ῑ
