2023 3350
145 243 264 285 Haec
298 243 382 294 ait,
419 244 462 283 et
496 238 661 281 medius
702 239 857 282 densos
887 241 1132 296 prorumpit
1166 241 1210 282 in
1250 241 1406 282 hostes.

147 301 307 343 Obvius
346 299 444 341 huic
477 297 686 352 primum,
722 297 824 340 satis
862 299 1075 341 adductus
1107 299 1284 353 iniquis,

145 417 312 459 Intorto
344 414 438 468 figit
476 413 582 466 telo,
619 413 869 456 discrimina
909 415 1042 457 costis

146 475 226 516 Per
264 472 450 514 medium
487 486 574 526 qua
612 471 738 526 spina
774 472 929 525 dabat3
964 473 1223 526 hastamque
1261 475 1459 526 receptat

145 589 222 632 Ille
260 587 433 643 quidem
469 587 551 629 hoc
591 603 789 643 sperans,
828 604 926 631 nam
959 589 1104 631 Pallas
1136 592 1237 630 ante
1276 592 1489 639 ruentem,

142 648 256 689 Dum
290 646 415 698 furit,
448 645 669 688 incautum
708 647 873 689 crudeli
907 652 1048 689 morte
1082 646 1244 689 sodalis

142 704 335 758 Excipit,
373 708 504 758 atque
541 718 685 747 ensem
719 705 882 747 tumido
914 705 957 747 in
992 705 1194 760 pulmone
1238 703 1447 746 recondit.

141 762 252 804 Hinc
293 762 515 804 Sthenium
552 764 683 817 petit,
727 767 769 805 et
804 763 962 805 Rhoeti
1004 763 1057 805 de
1096 766 1222 817 gente
1255 765 1427 803 vetusta

141 820 469 871 Anchemolum,
504 820 719 863 thalamos
754 836 904 864 ausum
939 821 1153 863 incestare
1191 834 1413 862 novercae.

140 878 230 920 Vos
268 879 399 921 etiam
438 879 594 932 gemini
635 880 805 921 Rutulis
845 879 1060 921 cecidistis
1096 879 1140 920 in
1180 878 1314 929 arvis,

141 937 326 989 Daucia,
360 936 519 979 Laride
556 937 875 992 Thymberque,
913 937 1135 979 simillima
1169 936 1337 991 proles,

140 995 380 1037 Indiscreta
412 995 499 1037 suis
537 999 773 1050 gratusque
814 995 1068 1050 parentibus
1109 1008 1249 1046 errorg

140 1055 200 1095 At
234 1068 347 1094 nunc
381 1053 492 1095 dura
523 1053 643 1095 dedit
677 1053 799 1095 vobis
842 1053 1093 1095 discrimina
1128 1052 1295 1094 Pallas:

759 126 992 159 AExEtnos
1017 128 1102 161 Lus.
1132 129 1171 159 x.
1707 128 1787 166 503

1704 302 1787 340 380

146 359 216 401 Fit
254 359 417 412 Lagus:
454 356 587 407 hunc,
618 368 775 410 magno
814 357 934 399 vellit
963 356 1065 399 dum
1104 357 1296 412 pondere
1335 370 1507 407 saxum,

146 531 322 575 Ossibus
360 529 620 572 haerentem.
683 531 818 581 Quem
853 545 939 573 non
975 544 1104 585 super
1149 534 1334 584 occupat
1372 529 1530 580 Hisbo,
1732 588 1755 626 ὃ

1704 589 1726 626 3
1748 588 1784 625 ‘5

1702 876 1785 915 390

141 1112 252 1153 Nam
290 1111 391 1163 tibi,
428 1111 657 1166 Thymbre,
696 1115 827 1165 caput
864 1111 1110 1153 Euandrius
1148 1109 1331 1152 abstulit
1367 1106 1502 1158 ensis;
1702 1161 1780 1201 39-

1762 1173 1784 1200 o

140 1169 199 1211 Te
231 1169 376 1211 decisa
415 1184 559 1221 suum,
596 1169 772 1216 Laride,
809 1168 990 1211 dextera
1027 1169 1218 1222 quaerit3

141 1227 504 1282 Semianimesque
538 1228 700 1269 micant
740 1227 886 1281 digiti,
921 1227 1166 1281 ferrumque
1204 1226 1455 1268 retractant.

140 1284 336 1328 Arcadas
377 1300 581 1329 accensos
614 1286 781 1328 monitu
816 1289 858 1327 et
896 1286 1125 1339 praeclara
1162 1287 1332 1326 tuentes

139 1467 254 1493 vectus
284 1467 332 1492 est
360 1471 391 1492 v.
422 1459 503 1499 160,
528 1464 569 1491 ad
604 1463 729 1498 equites
760 1471 857 1498 suos,
884 1461 938 1495 qui

140 1513 227 1539 terra
283 1511 484 1538 advenerant
528 1518 558 1538 v.
600 1507 684 1542 239,
736 1508 940 1544 pervenerit:

139 1556 254 1585 deinde
276 1556 431 1591 quomodo
462 1555 582 1584 factum
607 1555 665 1586 sit.
704 1559 736 1584 111
766 1555 820 1590 qui
853 1558 939 1582 terra

140 1603 348 1636 advenerint,
388 1603 428 1631 ad
464 1605 642 1630 extremum
675 1609 762 1630 mare
788 1604 939 1636 pugnent.

140 1657 236 1684 quem
265 1649 298 1677 in
339 1650 444 1678 locum
479 1656 543 1676 non
576 1648 726 1677 videntur
769 1647 940 1682 pervenire

140 1695 304 1731 potuisse,
326 1695 393 1724 nisi
418 1699 447 1723 et
462 1694 676 1723 Troianorum
702 1699 729 1723 et
745 1695 939 1722 Rutulorum

141 1745 250 1772 castra
265 1741 518 1777 praeteriissent.
556 1742 665 1775 Neque
687 1741 717 1769 id
735 1744 837 1775 potest
855 1739 940 1767 sumi

141 1788 267 1823 equites
291 1788 331 1816 ad
359 1788 507 1815 dextram
532 1786 636 1821 ripam
660 1786 786 1815 Tiberis
816 1785 940 1820 positos

142 1839 355 1868 exspectasse
378 1840 500 1868 naves,
541 1832 659 1866 quibus
706 1833 738 1861 in
768 1831 939 1860 sinistram

143 1880 248 1914 ripam
278 1878 472 1907 traiicerent.
522 1879 591 1906 lam
614 1878 697 1907 enim
724 1886 754 1906 v.
783 1875 847 1904 239
875 1878 941 1905 Ar-

144 1927 242 1955 cades
273 1924 412 1960 oppositi
447 1927 523 1952 sunt
553 1924 696 1952 Rutulis.
759 1925 866 1958 Neque
907 1923 940 1950 111

144 1976 280 2007 possunt
310 1978 384 1999 esse
416 1970 448 1998 in
479 1970 554 2004 ripa
583 1970 752 2004 dispositu
801 1976 876 1998 nam
910 1968 941 1997 si

144 2021 264 2048 essent.
290 2017 355 2046 iam
375 2017 572 2045 adventante
584 2017 700 2045 Aenea
721 2016 835 2044 Rutuli
852 2015 942 2050 ripas

144 2064 337 2099 tenuissent,
361 2070 444 2098 quas
470 2066 629 2098 occupant
659 2063 787 2091 demum
814 2070 846 2091 v.
865 2058 942 2089 276.

145 2108 221 2138 308.

189 2153 266 2184 383.
291 2156 464 2194 receptat,
505 2153 685 2189 „frequenti
730 2153 944 2183 concussione

143 2200 292 2231 divellit‘*
317 2203 349 2229 S.
374 2201 413 2230 cf.
443 2198 480 2237 9,
504 2198 582 2229 348.

191 2257 268 2287 384.
290 2258 391 2287 Hisbo
412 2258 538 2287 sodalis
560 2262 692 2287 mortem
717 2260 845 2286 ulturus
867 2265 943 2292 prae

145 2306 196 2335 ira
220 2305 373 2334 incautus
397 2304 531 2338 accedit,
556 2312 655 2339 quare
680 2308 708 2333 et
735 2305 807 2340 ipse
833 2304 942 2333 caedi-

146 2357 196 2381 tur
220 2359 297 2380 ense
321 2355 448 2386 pectore
474 2355 610 2385 recepto.

193 2407 267 2437 385.
293 2405 406 2437 ille—
424 2415 570 2447 sperans
592 2407 630 2436 cf.
662 2405 695 2443 1,
723 2405 752 2435 3.

193 2452 268 2483 387.
293 2451 420 2494 excipit
436 2451 613 2482 incautum
638 2453 677 2482 cf.
706 2451 744 2485 3,
770 2451 845 2482 332.

193 2499 270 2530 388.
299 2496 479 2529 Sthenium
534 2500 635 2537 MPyc
678 2496 860 2528 Sthenium
906 2500 944 2527 R.

147 2544 313 2577 stenelum
340 2549 358 2574 b
388 2542 588 2574 Sthenelum
617 2546 650 2574 iu
676 2546 774 2574 malis
794 2548 874 2574 Mss.

194 2590 270 2621 389.
303 2588 564 2621 Anchemolum:
613 2593 723 2628 „Haec
759 2591 871 2620 fabula
911 2592 945 2619 in

146 2639 278 2669 Latinis
324 2644 487 2672 nusquam
532 2637 700 2667 invenitur
745 2638 944 2667 auctoribus.

145 2686 300 2715 Avienus
324 2688 450 2719 tamen,
482 2683 537 2718 qui
560 2688 660 2713 totum
683 2682 875 2720 [Virgilium
901 2683 945 2719 et]

146 2732 281 2762 Livium
313 2730 431 2760 iambis
456 2730 602 2765 scripsit,
638 2732 724 2759 hanc
753 2738 945 2759 commemo—

147 2783 207 2815 rat,
234 2778 347 2807 dicens
383 2778 540 2805 Graecam
570 2783 653 2805 esse.
702 2777 847 2805 Rhoetus
871 2784 946 2812 ergo

147 2821 388 2854 Marrubiorum
422 2830 481 2851 rex
524 2821 629 2850 fuerat
665 2823 699 2850 in
735 2823 848 2857 Italia,
892 2822 948 2857 qui

148 2871 349 2901 Anchemolo
372 2868 438 2898 silio
463 2868 655 2903 Casperiam
677 2869 866 2903 superduxit
889 2876 949 2896 no·

148 2924 303 2951 vercam,
336 2919 421 2945 hanc
452 2915 627 2951 privignus
656 2915 829 2949 stupravit.
880 2915 948 2949 Quo

151 2963 296 2999 cognito,
343 2969 443 2997 quum
472 2969 547 2990 611111
578 2964 669 2996 pater
702 2964 949 2996 persequeretur

152 3012 183 3037 et
205 3010 244 3037 ad
271 3016 409 3044 poenam
433 3011 585 3044 vocaret,
613 3006 745 3043 fugiens
767 3007 822 3035 ille
847 3014 883 3035 se
908 3007 949 3035 ad

154 3055 303 3084 Daunum
327 3053 494 3092 contttlit,“
518 3056 550 3082 S.
599 3053 701 3082 Turni
726 3057 860 3089 patrem.

1031 1458 1107 1489 391.
1134 1460 1272 1489 Larides
1296 1463 1324 1487 et
1345 1458 1508 1492 Tliytnber
1533 1451 1787 1485 fratres.1)auci

983 1507 1156 1537 cuiusdam
1184 1507 1258 1539 filii,
1298 1512 1336 1533 ea
1362 1507 1453 1533 erant
1478 1499 1709 1534 similitudine,
1753 1502 1787 1525 ut

983 1559 1135 1589 parentes
1158 1561 1222 1581 non
1249 1556 1383 1587 possent
1407 1550 1590 1577 discernere
1619 1550 1648 1574 et
1677 1551 1714 1573 eo
1736 1552 1788 1572 er-

983 1609 1054 1629 rore
1079 1601 1264 1633 gauderent.
1289 1613 1327 1617 —
1356 1598 1483 1625 Versus
1510 1592 1574 1621 393
1603 1608 1640 1611 -
1667 1591 1686 1619 5
1713 1590 1788 1619 imi-

984 1647 1041 1675 tati
1067 1651 1141 1675 sunt
1168 1647 1244 1674 huc.
1271 1642 1301 1679 3,
1328 1641 1404 1671 603.
1430 1642 1490 1669 sil.
1515 1638 1546 1672 2.
1569 1637 1646 1666 636.

1031 1701 1108 1731 392.
1136 1703 1210 1730 Yal.
1226 1702 1272 1729 Fl.
1291 1700 1320 1736 1,
1346 1699 1412 1729 368
1430 1708 1491 1728 nec
1517 1694 1632 1737 potuit
1657 1691 1788 1724 similes

984 1746 1140 1777 voluitve
1177 1748 1248 1780 (sc.
1293 1748 1419 1781 mater)
1462 1742 1615 1775 ediscere
1659 1737 1788 1769 vallus.

984 1796 1099 1823 Claud.
1123 1796 1160 1823 de
1186 1796 1239 1823 lv.
1265 1803 1354 1823 cons.
1382 1795 1462 1821 lion.
1490 1788 1556 1819 209
1588 1786 1688 1817 iuvat
1714 1783 1790 1824 ipse

990 1838 1183 1869 Tonantem
1230 1847 1325 1869 error
1351 1841 1383 1868 et
1438 1834 1633 1877 ambiguae
1671 1830 1789 1873 placet

984 1883 1194 1927 ignorantia
1220 1883 1337 1914 matri.

997 1909 1018 1928 es

1032 1942 1108 1973 2394.
1140 1940 1310 1982 Thymbre
1358 1950 1435 1978 „pro
1485 1941 1642 1976 'l'ymben
1696 1934 1789 1965 metri

987 1998 1092 2020 causa
1117 1992 1367 2025 metaplasmum
1393 1987 1476 2017 fecit.
1527 2001 1563 2006 -
1611 1981 1672 2012 Eo.
1700 1980 1787 2010 abst.

988 2046 1058 2066 cus.
1087 2037 1317 2071 possessivum
1343 2039 1390 2063 est
1414 2034 1517 2070 modo,
1548 2040 1610 2061 non
1634 2034 1789 2065 patrony-

987 2082 1140 2113 micum.'''·
1167 2084 1198 2110 S.

1036 2127 1112 2157 395.
1142 2127 1250 2156 Suum
1279 2124 1422 2156 «tartara
1454 2121 1590 2164 quaerit
1624 2123 1703 2158 clm,
1743 2120 1790 2148 ita

989 2181 1022 2205 ut
1045 2176 1078 2204 111
1103 2182 1200 2203 manu
1227 2173 1339 2203 decisa
1364 2173 1462 2201 etiam
1493 2177 1613 2199 sensus
1642 2168 1694 2198 sit.
1740 2166 1789 2196 Cf.

987 2222 1128 2251 similem
1165 2222 1273 2249 locum
1316 2221 1375 2248 Ov.
1406 2220 1447 2246 31.
1486 2215 1524 2253 6,
1558 2213 1625 2243 560
1658 2211 1701 2243 Ut

988 2265 1176 2296 mutilatae
1207 2262 1324 2295 cauda
1364 2261 1528 2292 colubrae
1558 2257 1717 2301 palpitat
1758 2260 1792 2286 ct

987 2311 1138 2343 moriens
1166 2309 1330 2340 dominae
1363 2306 1517 2350 vestigia
1557 2303 1710 2347 quaerit.
1750 2319 1787 2323 —

990 2367 1157 2400 quaerere
1179 2358 1218 2387 cf.
1245 2355 1280 2393 1,
1307 2354 1383 2384 217.

1036 2403 1113 2434 396.
1141 2403 1274 2433 micant
1305 2399 1426 2443 digiti.

991 2452 1090 2482 celeri
1117 2456 1222 2485 motu,
1261 2458 1322 2485 quo
1356 2449 1432 2484 quid
1465 2446 1571 2476 subito
1603 2448 1737 2480 apparet
1761 2448 1792 2473 61

992 2498 1179 2529 evanescit.
1206 2497 1348 2526 maxime
1371 2496 1409 2524 de
1434 2495 1507 2523 luce
1530 2492 1654 2528 subita,
1693 2498 1790 2526 quam

992 2550 1024 2574 ut
1052 2545 1201 2579 exempla
1224 2543 1371 2577 afferam,
1408 2540 1505 2570 mittit
1526 2539 1649 2567 fulmen
1678 2533 1713 2574 1,
1735 2535 1788 2566 90.

993 2590 1032 2623 8,
1060 2589 1124 2618 392
1147 2590 1246 2619 ensis.
1277 2586 1316 2624 7,
1341 2586 1405 2615 743
1437 2588 1568 2615 stellae:
1615 2584 1689 2613 inde
1712 2590 1792 2612 aera

992 2638 1115 2667 micant
1153 2634 1191 2668 2,
1227 2633 1304 2663 734.
1342 2638 1372 2662 et
1404 2633 1510 2668 ipsum
1543 2632 1671 2660 caelum
1693 2630 1793 2660 micat

992 2685 1068 2713 Val.
1089 2684 1136 2711 ΕΙ.
1164 2680 1200 2718 2,
1225 2681 1288 2716 δὸς
1306 2681 1362 2709 5611
1387 2680 1484 2708 61111111
1510 2679 1548 2706 de
1566 2676 1645 2706 aliis
1678 2679 1801 2712 rebusfi

993 2730 1067 2758 inde
1091 2725 1242 2757 emicare
1275 2726 1424 2756 homines
1453 2725 1617 2757 dicuntur,
1660 2723 1716 2759 qui
1736 2731 1793 2752 su-

993 2777 1058 2804 bito
1094 2777 1274 2810 exsurgunt
1313 2772 1421 2801 animo
1458 2773 1663 2800 veliementer
1706 2778 1794 2799 com-

994 2822 1071 2851 moti
1095 2821 1134 2850 cf.
1159 2820 1190 2853 5,
1214 2817 1290 2847 319.
1320 2834 1358 2838 —-—
1387 2818 1553 2852 Imprimis
1576 2821 1684 2845 autem
1700 2815 1794 2853 digiti

994 2869 1114 2897 micare
1139 2867 1290 2896 dicuntur
1321 2868 1351 2894 et
1382 2861 1512 2892 micare
1546 2860 1674 2902 digitis
1696 2863 1795 2892 ludus

993 2915 1051 2942 ille
1073 2917 1159 2947 erat,
1203 2912 1389 2941 etiamnunc
1414 2910 1541 2940 Italicis
1566 2913 1679 2945 notus,
1702 2911 1795 2938 Mora

993 2961 1108 2990 dictus.
1134 2959 1173 2989 cf.
1200 2959 1293 2993 Calp.
1318 2958 1382 2986 Sic.
1409 2955 1444 2992 2,
1475 2954 1529 2984 26.
1574 2971 1612 2975 —
1654 2954 1795 2993 ferram

994 3006 1201 3040 retractant,
1227 3012 1343 3033 rursus
1369 3002 1548 3039 arripiunt,
1573 3007 1607 3031 ut
1630 2999 1661 3039 7,
1687 2999 1751 3029 69⁴
1779 3010 1796 3030 e

994 3053 1069 3082 Liv.
1096 3049 1127 3088 2,
1157 3050 1199 3080 30
1226 3052 1423 3080 retractare
1448 3057 1559 3078 arma.

1479 2397 1612 2429 Micare
1643 2399 1682 2427 de
1703 2397 1792 2426 omni
