2044 3329
685 70 918 103 AENEIDOS
945 72 1029 104 LIB.
1056 73 1081 104 1.
1668 73 1691 110 3

69 184 206 226 Multa
236 197 406 239 quoque
436 187 479 226 et
507 183 618 226 bello
648 197 818 238 passus,
848 183 948 225 dum
977 183 1179 225 conderet
1208 183 1366 226 urbem.
1669 188 1691 223 5

68 241 334 296 Inferretque
365 241 468 283 deos
495 241 642 283 Latio:
679 255 810 295 genus
839 242 950 284 unde
977 241 1174 283 Latinum

68 298 309 352 Albanique
337 302 484 353 patres
513 303 645 352 atque
671 299 786 341 altae
814 299 982 341 moenia
1012 300 1181 341 Romae.

181 356 322 408 Musa,
347 356 452 398 mihi
483 370 656 398 caussas
686 370 893 409 memora,
922 369 1008 411 quo
1039 356 1210 399 numine
1238 355 1353 397 laeso

69 486 260 521 sententiae,
285 490 317 514 ut
341 491 430 515 esset
459 483 492 514 ui
513 491 543 514 et
569 494 610 515 ez·
632 483 665 515 ui
688 490 718 514 et
741 488 859 515 contra

69 528 136 558 vim
165 532 310 560 deornm.
354 532 455 560 Attuli
478 532 542 560 iam
566 532 641 560 olim
663 534 770 560 locum
788 533 860 560 Val.

66 577 176 605 Flacc.
207 576 235 611 1,
263 576 323 605 671
363 575 433 606 Seu
461 586 561 606 casus
586 586 652 606 nor
685 575 753 606 ista
777 575 859 613 fuit,

68 629 127 650 seu
158 619 311 651 volvitur
342 620 418 652 axis
453 620 491 650 υἱ
524 631 739 662 superum,
774 624 858 657 quod

68 667 109 696 ad
135 668 221 702 vglii
248 669 358 696 locum
391 669 521 696 tendere
553 669 698 703 videtur,
733 673 763 697 et
795 677 857 703 quo

68 715 223 748 probatur
248 721 381 742 versum
405 722 483 742 esse
510 715 602 748 vgtii.
652 715 858 749 Explicatum

67 762 117 787 est
142 755 178 787 υἱ
200 767 362 798 superum
386 775 431 779 ——
453 760 485 788 vi
509 760 629 794 divina,
656 768 739 794 quae
765 761 857 788 cuius

67 804 119 832 dei
151 804 192 833 sit
224 808 278 832 aut
311 805 482 834 dicendum
514 811 563 834 est
604 812 657 834 attt
692 814 734 834 ex
776 806 859 841 ipsis

69 850 178 878 verbis
219 852 410 879 eruendum.
473 852 564 886 Quod
608 852 636 880 si
681 852 860 880 tentaveris

68 895 197 931 facere,
229 896 309 924 nibil
339 897 473 925 restabit
505 904 600 931 quam
632 897 683 925 vis
715 897 860 931 lunonis,

69 942 154 976 quod
180 947 312 976 propter
335 942 392 970 illa
418 944 464 978 „1.
491 944 530 971 ob
557 943 660 971 iram“
684 943 861 971 absurdum

69 992 132 1015 est.
181 989 293 1021 Neque
324 988 408 1016 inter
442 996 581 1022 superos
615 988 728 1015 referri
762 988 861 1015 debe-

68 1034 144 1061 bant
168 1033 325 1061 minorum
343 1034 484 1068 gentium
509 1033 562 1069 dii,
590 1035 705 1067 quales
721 1033 859 1065 Aeolus,

69 1078 181 1114 Venti,
212 1079 342 1107 Allecto
372 1094 416 1098 —
447 1079 524 1113 iris,
561 1080 710 1111 Iuturna,
745 1077 798 1112 qui
831 1077 860 1105 si

70 1123 113 1152 dii
149 1128 242 1158 sunt,
283 1131 348 1152 non
380 1129 454 1152 sunt
485 1124 614 1158 superi,
658 1131 763 1157 neque
798 1130 860 1151 sua

69 1173 186 1204 sponte
217 1174 331 1204 agunt,
363 1170 422 1197 sed
454 1169 590 1197 ministri
616 1174 690 1197 sunt
715 1169 859 1204 lunonis,

69 1222 174 1249 neque
199 1216 238 1242 ab
265 1214 304 1242 iis
320 1215 454 1243 Aeneas
482 1220 565 1242 terra
588 1215 733 1248 marique
756 1214 860 1243 iaeta-

69 1265 136 1288 tur:
168 1261 273 1288 semel
304 1264 426 1288 tantum
451 1261 577 1288 Aeolus
609 1265 638 1288 et
672 1260 761 1288 venti
786 1267 860 1288 eum

69 1305 260 1334 adoriuntur
286 1307 344 1334 sed
367 1305 505 1341 frustra,
541 1306 641 1334 ceteri
670 1314 710 1334 ne
740 1310 861 1334 tantum

69 1352 198 1386 quidem
243 1356 410 1381 conamur.
473 1351 589 1387 Superi
628 1352 688 1388 dii,
733 1352 776 1380 dii
818 1351 864 1379 illi

69 1398 177 1432 magni
215 1397 355 1432 olympii
392 1403 521 1433 praeter
557 1399 713 1426 lunonem
752 1397 861 1425 favent

68 1445 205 1472 Aeneae
227 1443 295 1471 fere
322 1451 453 1477 omnes,
481 1443 529 1472 sic
553 1444 696 1479 luppiter
721 1443 864 1471 auxilia-

70 1493 122 1517 tur
152 1489 185 1525 l,
209 1486 286 1516 254.
324 1488 361 1525 5,
395 1489 472 1517 690.
512 1488 589 1518 725.
633 1492 804 1524 Neptunus
831 1489 862 1523 ὃ,

71 1534 147 1563 799.
187 1535 223 1570 7,
247 1533 303 1563 23.
350 1536 470 1570 Apollo
495 1533 534 1570 3,
563 1533 637 1563 155.
676 1535 714 1570 6,
741 1534 794 1562 56.
832 1533 863 1568 9,

70 1579 149 1609 637.
197 1581 320 1614 cybele
345 1580 382 1617 9,
416 1581 477 1616 77,
514 1585 545 1608 111
570 1586 772 1615 praeteream
795 1581 861 1609 Ve-

70 1633 199 1663 nerem,
231 1627 368 1655 Aeneae
400 1632 545 1655 matrem.
594 1628 705 1661 ltaque
739 1627 865 1661 Venus,

71 1679 169 1707 quum
208 1679 322 1700 omnes
362 1672 394 1700 in
434 1673 622 1701 deducendo
660 1674 701 1701 ad
739 1673 865 1701 ltaliam

71 1719 186 1748 Aenea
209 1717 252 1746 dii
277 1718 493 1754 consentiant,
517 1723 605 1747 reete
631 1718 772 1752 queritur
799 1716 861 1746 251

79 1761 188 1792 Unius
217 1763 392 1799 [lunonis]
423 1762 462 1792 ob
489 1761 575 1792 iram
605 1761 805 1802 prodimur,
835 1768 865 1791 et

71 1811 151 1838 Iuno
182 1809 365 1846 confitetur,
403 1817 500 1844 quum
539 1810 624 1838 dicat
654 1807 806 1839 Flectere
837 1807 867 1837 si

71 1862 202 1894 nequeo
237 1852 404 1894 Superos,
435 1852 633 1884 Acheronta
664 1852 800 1884 movebo
836 1855 868 1890 7,

73 1899 152 1929 312.
199 1900 299 1935 lgitur
316 1901 345 1929 si
362 1900 403 1929 dii
426 1908 540 1929 omnes
559 1901 684 1937 iuvant,
705 1902 866 1935 quomodo

74 1951 214 1981 possunt
255 1946 315 1974 dici
355 1946 387 1974 vi
427 1954 488 1974 sua
531 1943 656 1975 iactare
695 1948 867 1975 Aeneam?

74 1993 220 2020 Possunt
246 1996 276 2019 et
301 1991 429 2026 quidem
456 1989 595 2020 lunonis·
622 1989 660 2020 ob
684 1989 781 2020 iram.
822 1994 870 2020 Ea

74 2038 158 2066 enim
184 2037 270 2065 omni
294 2037 325 2065 vi
351 2042 378 2064 et
407 2037 527 2071 impetu
550 2037 676 2071 repellit
702 2040 741 2066 ab
764 2038 869 2071 Italia,

73 2083 190 2112 avertit
218 2085 257 2111 ab
281 2083 395 2111 itinere
421 2083 546 2117 ltaliae.
574 2084 688 2117 procul
716 2086 754 2111 ab
778 2083 869 2111 ltalia

73 2137 147 2157 eum
173 2130 280 2157 studet
305 2130 444 2156 retinere
470 2137 517 2157 sc.
541 2136 580 2156 ne
605 2128 635 2156 in
658 2135 728 2156 eam
750 2133 868 2157 terram

75 2175 258 2210 perveniat.
312 2174 364 2202 Dii
395 2174 492 2208 igitur
527 2179 623 2208 atque
656 2174 799 2209 luppiter
838 2174 870 2201 vi

74 2228 138 2249 sua
164 2220 300 2255 saepius
327 2224 475 2254 utuntur,
509 2225 539 2248 ut
574 2222 613 2248 ab
647 2220 712 2248 illis
743 2220 868 2248 iteratis

75 2266 241 2294 erroribus
274 2267 438 2294 retrahant
473 2271 595 2294 rectam
627 2266 658 2293 in
691 2266 796 2299 viam,
830 2273 869 2293 ac

75 2312 126 2340 sic
161 2319 279 2340 revera
309 2311 448 2340 iactatur
481 2312 511 2339 vi
548 2319 718 2346 superum.
779 2313 869 2345 Quae

77 2359 178 2386 verba
191 2357 219 2386 si
237 2357 280 2386 ita
296 2357 432 2392 accipis,
448 2358 630 2393 concident,
647 2365 729 2391 quae
747 2357 869 2385 tertio

77 2404 152 2431 loco
183 2408 399 2438 proposuerat
428 2404 476 2431 ΡΙ.
510 2404 660 2431 Aeneam
694 2410 712 2431 a
746 2405 870 2431 lunone

77 2456 142 2477 non
176 2450 283 2476 solum
317 2453 401 2477 terra
438 2449 583 2483 marique
612 2454 767 2477 vexatum
793 2456 871 2477 esse

78 2495 137 2523 sed
156 2494 250 2522 etiam
268 2495 364 2527 bello,
385 2498 416 2522 ut
434 2495 573 2529 legimus
592 2502 611 2523 a
625 2496 686 2524 VH
707 2501 811 2529 usqne
830 2495 870 2523 ad

78 2541 141 2569 XII
170 2540 305 2573 librum;
343 2547 416 2568 nam
436 2540 514 2568 illud
539 2538 650 2569 multa
678 2548 811 2580 quoque
841 2542 872 2569 et

77 2582 166 2614 bello
186 2593 312 2624 passus
328 2593 393 2613 non
413 2590 462 2614 est
490 2583 523 2614 vi
545 2594 729 2624 snperum,·
754 2587 873 2614 bellum

79 2631 164 2659 enim
189 2635 338 2659 exortum
363 2635 412 2659 est
439 2631 512 2659 odio
538 2631 673 2660 lunonis
699 2633 757 2659 sed
784 2639 873 2659 com-

78 2677 222 2712 positum
256 2677 384 2705 tandem
413 2678 581 2705 voluntate
614 2677 714 2705 lovis.
762 2679 873 2711 ltaque

79 2727 111 2751 ut
144 2730 188 2751 ex
219 2721 383 2751 sententia
412 2727 500 2750 recte
535 2723 620 2751 dicta
654 2728 727 2751 sunt
755 2723 876 2757 omnia,

79 2768 129 2797 sie
153 2768 249 2796 etiam
278 2768 408 2802 singula
435 2768 592 2796 enuntiati
623 2771 768 2797 membra
792 2770 875 2797 bene

78 2815 205 2843 locata:
232 2810 262 2842 1.
281 2810 426 2842 multum
447 2835 454 2841 .
471 2835 478 2841 .
495 2835 502 2842 .
524 2810 689 2850 iactatus,
710 2812 746 2844 vi
765 2823 791 2843 s.
814 2819 876 2842 etc.

79 2857 112 2887 2.
139 2857 250 2888 multa
273 2867 416 2898 passuS,
452 2855 531 2887 dnm
565 2857 725 2889 conderet
751 2868 875 2888 arcem.

80 2906 209 2934 Bellum
225 2905 308 2933 enim
323 2906 396 2940 ipse
410 2905 558 2938 AeneaS,
585 2910 616 2933 ttt
633 2906 701 2934 libr.
726 2905 766 2933 12
783 2906 877 2934 vide-

80 2958 166 2987 mus,
192 2956 388 2986 persecutus
411 2955 472 2981 est.
498 2958 602 2985 usque
626 2952 699 2980 dum
722 2953 875 2980 conderet

81 2999 191 3025 urbem
227 2996 426 3032 inferretque
457 2997 537 3025 deos
571 2997 675 3026 Latio.
732 2998 787 3027 Sic
817 3005 876 3033 op-

906 487 980 514 time
1012 487 1094 515 inter
1121 494 1160 515 se
1192 487 1370 514 cohaerere
1400 484 1543 512 vidimus
1576 483 1694 512 omnia.

906 533 959 560 Sic
999 533 1095 560 etiam
1133 531 1320 566 intelligitur
1357 531 1442 564 quod
1482 528 1520 557 31
1564 530 1696 558 Troiani

905 578 1069 613 dicuntur,
1113 585 1209 611 quum
1245 580 1356 605 arceat
1391 577 1431 604 ab
1473 575 1582 609 ltalia,
1605 577 1695 608 luno,

905 623 980 652 fatis
1007 624 1070 651 acti
1100 631 1208 652 errare
1233 623 1352 650 multos
1385 629 1442 657 per
1464 629 1570 649 annos
1595 621 1697 648 maria

906 669 1013 697 omnia
1044 669 1178 697 circum.
1226 670 1306 696 Nam
1335 675 1431 702 quum
1464 667 1562 695 fatum
1594 671 1695 699 esset.

905 719 936 742 ut
961 715 992 743 in
1017 715 1144 743 ltaliam
1170 713 1294 741 veniret
1320 714 1472 747 Aeneas,
1497 719 1591 746 quem
1618 714 1696 740 Iuno

906 762 945 788 ab
972 767 1011 788 ea
1041 761 1248 793 removebat,
1278 759 1394 787 iterum
1416 758 1596 792 iterumque
1622 758 1696 785 fatis

905 807 1054 840 agendus
1079 809 1147 833 erat
1173 810 1202 833 et
1225 805 1432 832 reducendus
1452 804 1484 832 in
1510 804 1607 831 viam.
1645 803 1698 831 Sic

906 858 938 878 v.
970 850 1013 879 32
1045 851 1085 879 ad
1125 858 1155 878 v.
1188 848 1209 878 4
1246 850 1476 884 explicandum
1516 851 1613 877 valet.

907 903 1034 923 saevae
1068 902 1248 923 memorem
1287 892 1314 923 Ι.
1351 892 1390 923 ob
1431 892 1530 923 iram.
1589 897 1700 922 Saeva

907 945 958 969 est
1001 943 1101 975 luno,
1151 940 1235 974 quod
1280 941 1427 967 Aeneam
1474 940 1698 974 persequitur:

906 993 1035 1014 memor
1061 983 1115 1014 ira
1146 990 1253 1013 autem
1282 985 1359 1013 alibi
1391 985 1486 1012 etiam
1513 988 1545 1012 ut
1571 985 1631 1012 Ov.
1658 986 1700 1012 Μ.

910 1029 967 1065 12,
993 1030 1060 1059 583
1099 1032 1229 1059 erercet
1255 1037 1419 1058 memores
1448 1028 1530 1058 iras.
1573 1030 1644 1057 Liv.
1670 1029 1701 1063 9,

904 1075 948 1104 ‘29
986 1073 1155 1104 Traditur
1185 1072 1266 1104 inde
1290 1072 1385 1104 (lictu
1410 1072 1586 1111 mirabile,
1623 1083 1701 1103 cen-

906 1129 1013 1151 sorem
1038 1119 1142 1151 etiam
1166 1118 1318 1160 Appium
1344 1118 1486 1149 memori
1517 1117 1615 1149 deum
1649 1118 1702 1148 ira

904 1169 982 1207 post
1011 1165 1146 1207 aliquot
1188 1174 1298 1195 annos
1328 1163 1517 1195 luminibus
1552 1167 1702 1205 captum.

906 1214 1032 1241 Aescb.
1068 1214 1131 1248 Ag.
1176 1211 1249 1241 161.
1288 1206 1442 1250 μνάμων
1478 1206 1595 1250 μῆνις.
1656 1213 1702 1240 lta

909 1267 992 1293 opus
1026 1267 1090 1287 non
1130 1263 1180 1287 est
1218 1258 1369 1293 accipere
1407 1259 1607 1292 hypallagen
1643 1258 1704 1286 ali-

910 1312 1018 1339 quam.
1066 1304 1106 1333 cf.
1133 1303 1173 1339 8,
1198 1302 1276 1332 526.

955 1349 986 1379 5.
1011 1347 1105 1385 dum,
1119 1347 1181 1385 bis,
1194 1357 1265 1378 cum
1281 1349 1488 1377 coniunctivo
1506 1353 1538 1377 ut
1558 1347 1609 1383 10,
1625 1348 1703 1376 Stin.

911 1398 947 1425 G.
972 1394 1003 1429 4,
1029 1394 1108 1423 457.
1149 1397 1228 1425 Tac.
1253 1396 1292 1424 A.
1325 1395 1354 1429 1,
1389 1394 1426 1422 13
1458 1402 1567 1434 neque
1590 1398 1702 1422 tamen

908 1439 1096 1481 mitigatus
1115 1443 1176 1475 est,
1199 1439 1304 1470 donec
1319 1437 1487 1469 Haterius
1505 1439 1703 1480 Augustam

912 1488 1046 1522 οῖσι-είς
1075 1491 1105 1515 et
1129 1487 1276 1522 saepius.
1324 1486 1365 1514 cf.
1390 1489 1442 1515 Gr.
1470 1484 1491 1521 5
1515 1484 1598 1520 415,
1622 1483 1653 1514 4.

956 1532 988 1562 6.
1016 1530 1227 1572 inferretque
1254 1529 1334 1561 deos
1362 1529 1472 1560 Latio.
1521 1533 1568 1560 lta
1592 1531 1623 1567 8,
1655 1530 1704 1558 11.

911 1580 1059 1613 Augetur
1093 1583 1201 1607 antem
1234 1579 1285 1607 his
1319 1578 1427 1606 verbis
1460 1578 1599 1612 dignitas
1632 1584 1706 1606 car—

912 1625 1024 1660 minis,
1052 1625 1084 1652 in
1109 1631 1213 1659 eoque
1236 1629 1285 1652 est
1312 1624 1455 1652 maxima
1480 1625 1614 1653 Aeneae
1640 1623 1706 1651 vir-

913 1675 980 1705 tus,
1011 1671 1096 1705 quod
1123 1671 1203 1699 deos
1227 1675 1258 1698 et
1285 1675 1438 1705 parentes
1464 1668 1706 1698 studiosissime

912 1717 1006 1751 colit3
1033 1721 1131 1751 atque
1155 1716 1252 1744 etiam
1274 1723 1314 1744 ea
1332 1716 1363 1744 in
1384 1723 1418 1744 re
1440 1717 1609 1750 exemplar
1631 1723 1706 1749 pro·

912 1763 1042 1798 ponitur
1067 1762 1207 1790 hominis
1231 1762 1380 1790 Romani.
1406 1777 1450 1781 --
1480 1768 1594 1802 genus
1617 1757 1707 1788 uude

918 1805 1081 1837 Latinum
1107 1807 1148 1837 cf.
1176 1806 1234 1843 12,
1264 1807 1423 1836 723-7.
1473 1808 1552 1836 Sall.
1578 1807 1646 1836 Cat.
1675 1805 1707 1833 6.

913 1855 1003 1883 Idem
1037 1854 1131 1883 tradit
1155 1854 1235 1883 Cato
1268 1854 1299 1882 in
1328 1854 1415 1888 orig.
1447 1853 1532 1888 apud
1557 1853 1706 1882 Servium

915 1901 953 1929 ad
980 1902 1010 1928 11.
1036 1902 1057 1928 t.

1023 1986 1053 2007 v.
1082 1978 1218 2009 s—il.
1269 1976 1392 2008 Musae
1416 1975 1598 2008 invocatio.

959 2038 1193 2071 Argumentum
1219 2036 1365 2070 sequitur
1387 2038 1502 2064 Musae
1524 2035 1707 2068 invocatio;

917 2083 1002 2116 quod
1017 2084 1124 2111 'rasso
1148 2082 1291 2110 imitatus
1312 2085 1372 2110 est.
1417 2083 1577 2110 Homerus
1596 2086 1709 2109 contra

918 2129 957 2155 ab
1001 2127 1208 2155 invocatione
1248 2130 1366 2155 Musae
1408 2127 1529 2163 incipit.
1593 2129 1708 2155 Musas

916 2178 1022 2201 autem
1057 2174 1137 2200 deas
1170 2173 1323 2200 invocant
1357 2178 1474 2207 poetae
1506 2173 1538 2201 in
1569 2180 1604 2201 re
1635 2179 1710 2206 gra-

916 2218 1019 2246 vioris
1060 2218 1240 2252 argumenti
1272 2222 1326 2245 aut
1359 2225 1442 2251 quae
1477 2218 1548 2246 sine
1577 2219 1710 2246 deorum

917 2263 1040 2292 auxilio
1070 2271 1174 2297 neque
1209 2262 1346 2297 intelligi
1379 2268 1486 2297 potest
1517 2271 1622 2298 neque
1653 2264 1710 2290 de-

917 2309 1024 2338 scribi.
1075 2309 1124 2338 Cf.
1151 2309 1188 2344 7,
1212 2307 1290 2336 641.

963 2354 994 2383 8.
1021 2363 1085 2394 quo
1112 2351 1251 2382 numine
1271 2351 1375 2382 laeso.
1428 2350 1577 2390 Numen,
1600 2359 1620 2381 a
1644 2360 1712 2380 nuo

919 2401 1002 2435 quod
1029 2400 1172 2435 ducitur,
1197 2399 1355 2435 significat
1383 2401 1602 2433 voluntatem,
1636 2405 1711 2432 pro-

919 2447 1133 2482 pensitatem,
1175 2446 1400 2480 cupiditatem,
1446 2450 1530 2479 quae
1574 2440 1712 2471 nuendo

918 2493 1078 2521 indicatur
1103 2500 1152 2520 sc.
1178 2492 1209 2520 in
1234 2492 1313 2520 deo.
1349 2491 1402 2525 qui
1434 2498 1500 2519 non
1524 2493 1630 2518 motus
1652 2491 1713 2517 1111-

919 2546 1013 2567 mano
1040 2538 1206 2566 libidinum
1229 2538 1344 2565 ardore
1370 2538 1459 2565 nutu
1481 2535 1564 2564 satis
1591 2535 1712 2563 indicat

919 2585 1004 2619 quod
1028 2586 1108 2619 vult,
1130 2591 1193 2612 non
1212 2584 1315 2616 vultu,
1343 2590 1408 2610 non
1424 2587 1518 2617 gestu
1536 2581 1713 2615 alacriore;

918 2631 994 2658 inde
1030 2634 1080 2658 est
1107 2630 1139 2658 in
1166 2630 1225 2657 deo
1252 2630 1427 2663 voluntas,
1454 2628 1527 2656 inde
1554 2632 1712 2662 potestas,

922 2675 962 2704 cf.
997 2674 1072 2703 447.
1118 2674 1156 2710 2,
1189 2674 1263 2702 179.
1318 2672 1354 2709 4,
1383 2671 1466 2709 204,
1509 2678 1714 2708 possuntque

922 2730 1000 2750 esse
1032 2721 1064 2749 in
1100 2728 1162 2749 uno
1197 2721 1256 2748 deo
1291 2721 1384 2754 plura
1418 2719 1549 2748 numina
1582 2723 1613 2747 ut
1649 2717 1714 2747 666

922 2767 976 2796 ubi
998 2770 1109 2795 senx:
1158 2766 1361 2801 „Notandum
1385 2773 1481 2794 unum
1504 2765 1598 2793 deum
1622 2766 1715 2799 plura

923 2815 1043 2841 habere
1070 2812 1236 2845 numina&
1265 2816 1295 2839 et
1316 2811 1347 2847 7,
1371 2810 1449 2839 296.
1487 2811 1547 2839 Ov.
1567 2813 1609 2838 M.
1628 2809 1659 2845 6,
1683 2808 1714 2837 4.

923 2859 1112 2887 Ass-entitur
1132 2863 1160 2885 et
1179 2860 1280 2885 {tl-aer.
1297 2859 1328 2885 S.
1352 2856 1380 2893 l,
1405 2855 1454 2885 l6.
1504 2858 1601 2884 Recte
1618 2856 1716 2890 igitur

923 2905 1087 2939 quaeritur
1120 2904 1204 2937 quod
1236 2910 1354 2930 numen
1383 2902 1403 2931 i.
1435 2911 1464 2930 e.
1492 2909 1577 2936 quae
1610 2902 1715 2936 potis-

923 2951 1040 2979 simum
1067 2957 1144 2985 pars
1169 2949 1345 2977 divinitatis
1374 2950 1454 2977 deae
1477 2950 1571 2977 laesa
1596 2948 1653 2981 sit,
1684 2952 1715 2975 et

924 2995 999 3031 quid
1020 2996 1160 3025 maxime
1192 2995 1311 3023 doleat.
1338 3010 1382 3013 —
1412 2991 1486 3032 Quo
1512 2999 1619 3023 autem
1651 3001 1716 3021 non
