2023 3350
228 109 307 147 22ss
785 105 823 136 P.
856 104 1049 138 valLll
1083 105 1292 139 MARONIS

227 222 547 269 Centaurusque
582 217 722 257 locum
757 215 937 256 tondunt
980 231 1184 270 superare
1221 218 1419 272 priorem.
1780 221 1858 260 155

228 276 283 316 Et
318 287 427 314 nunc
461 274 612 314 Pristis
648 273 795 323 habet,
839 286 951 313 nunc
987 274 1145 314 victam
1185 277 1394 328 praeterit
1432 276 1581 329 ingens

229 335 483 380 centaurus,
529 343 640 370 nunc
678 343 765 371 una
799 328 952 370 ambae
989 330 1231 384 iunctisque
1265 332 1463 374 feruntur

228 387 457 429 Frontibus
494 390 535 427 et
565 386 694 439 longa
734 386 904 427 sulcant
936 387 1047 428 vada
1077 388 1192 429 salsa
1229 391 1386 431 carina.

226 446 400 496 Iamque
435 443 788 496 propinquabant
823 443 996 497 scopulo
1040 448 1283 498 metamque
1319 446 1533 498 tenebant,

228 504 364 550 Quum
400 501 599 553 princeps
639 500 866 553 medioque
901 501 1015 554 Gyas
1052 502 1096 542 in
1129 502 1298 555 gurgite
1329 505 1467 545 victor
1782 505 1861 543 160

229 560 451 599 Rectorem
487 558 606 598 navis
645 558 877 610 compellat
909 572 1012 599 voce
1043 559 1289 600 Menoeten:

230 616 321 665 Quo
364 617 532 655 tantum
569 614 674 655 mihi
715 615 866 655 dexter
901 614 1022 656 abis?

1066 616 1148 656 huc
1184 615 1320 669 dirige
1360 630 1562 669 gressum,

229 673 350 712 Litus
391 685 489 712 ama
526 674 568 712 et
606 672 749 713 laevas
783 672 969 725 stringat
998 673 1089 714 sine
1120 673 1314 727 palmula
1352 677 1513 725 cautes3

228 729 374 769 Altum
412 728 485 769 alii
522 732 709 770 teneant.
770 729 902 770 Dixit.
965 729 1048 771 Sed
1094 744 1223 772 caeca
1259 731 1477 772 Menoetes

229 786 345 827 Saxa
382 785 554 836 timens,
603 800 780 839 proram
814 786 958 840 pelagi
998 787 1228 841 detorquet
1264 787 1319 828 ad
1356 787 1505 828 undas.
1783 787 1862 827 105

230 844 321 893 Quo
368 841 561 884 diversus
600 843 722 884 abis?
761 844 936 886 iterum:
983 845 1085 886 Pete
1102 859 1242 897 saxa,
1283 845 1499 886 Menoete!

231 901 336 942 Cum
372 899 560 941 clamore
600 899 714 954 Gyas
746 901 998 953 revocabat,
1043 906 1085 944 et
1125 917 1222 944 ecce
1253 902 1513 945 Cloanthum

229 957 419 1010 Respicit
449 956 682 998 instantem
714 961 837 1011 tergo
874 962 916 1000 et
953 960 1159 1013 propiora
1199 963 1427 1001 tenentem.

230 1014 307 1055 Ille
347 1015 460 1054 inter
494 1028 730 1068 navemque
771 1015 888 1069 Gyae
923 1018 1210 1071 scopulosque
1246 1021 1447 1059 sonantes

232 1071 362 1112 Radit
397 1071 479 1112 iter
515 1072 685 1113 laevum
722 1072 922 1125 interior,
971 1075 1201 1128 subitoque
1236 1075 1424 1128 priorem
1785 1071 1863 1109 170

229 1129 444 1169 Praeterit
477 1132 519 1169 et
554 1130 680 1170 metis
713 1132 832 1170 tenet
872 1144 1064 1183 aequora
1101 1136 1197 1173 tuta
1234 1132 1408 1173 relictis.

230 1186 335 1226 Tum
376 1200 473 1225 vcro
511 1187 673 1227 exarsit
704 1187 845 1227 iuveni
882 1188 1008 1230 dolor
1048 1189 1215 1231 ossibus
1248 1190 1408 1242 ingens,

231 1243 317 1284 Nec
350 1242 541 1284 lacrimis
576 1257 751 1285 caruere
791 1258 940 1298 genae,
987 1260 1244 1300 segnemque
1277 1247 1506 1288 Menoeten

230 1372 381 1399 distincta
412 1370 645 1405 significatione
684 1374 870 1407 mebanmr;
910 1377 1023 1407 postea

232 1416 451 1452 peculiaribus
473 1417 682 1445 relationibus
703 1418 869 1450 singulare
891 1419 1022 1452 aliquod

231 1463 440 1496 compositum
456 1464 642 1496 aptabatur:
665 1464 747 1491 unde
771 1462 889 1491 factum
909 1468 967 1498 est,
988 1468 1023 1492 nt

231 1508 352 1536 sensim
376 1507 483 1541 ipsum
510 1508 648 1542 simplex
673 1515 712 1536 ea
739 1508 772 1536 vi
797 1516 859 1536 non
883 1516 1022 1543 usurpa-

232 1558 326 1581 retur.
388 1554 499 1586 Itaque
529 1553 593 1581 iam
623 1555 745 1582 Seneca
774 1554 915 1587 queritur
943 1554 1019 1589 (Ep.

231 1598 325 1635 580,
357 1600 439 1633 quod
463 1599 574 1627 multis
595 1599 797 1633 simplicibus
820 1607 902 1633 quae
927 1604 1023 1628 antea

232 1645 307 1672 trita
333 1644 469 1678 suerint,
508 1644 552 1672 uli
582 1653 642 1672 non
668 1645 770 1673 liceat.
821 1646 938 1673 Poetae
966 1653 1026 1674 au-

232 1694 303 1724 tem,
328 1690 382 1723 qui
403 1691 443 1717 ad
460 1690 639 1723 augendam
658 1694 687 1717 et
705 1691 899 1725 gravitatem
917 1695 945 1718 et
971 1700 1024 1719 co-

232 1735 318 1769 piam
340 1740 406 1762 lum
431 1737 625 1763 revocabant
651 1736 799 1771 antiqua,
827 1740 892 1764 lum
916 1737 1024 1764 minus

232 1780 351 1808 usitata
375 1781 566 1814 retinebant,
600 1781 649 1808 usi
676 1785 748 1809 sunl
776 1789 872 1815 saepe
896 1781 1024 1816 simpli-

231 1826 331 1861 eitum,
359 1834 440 1859 quae
469 1827 576 1853 soluta
601 1826 703 1854 oratio
730 1827 826 1863 vitat,
855 1826 928 1861 ipsa
953 1830 1023 1855 bre-

231 1871 331 1899 vitate
367 1871 560 1899 fortioribus.
610 1872 708 1905 quue
745 1872 815 1900 inre
851 1880 910 1900 suo
945 1881 1022 1907 quo-

231 1917 303 1944 dam
338 1916 494 1951 secenum
537 1916 679 1950 simplici
708 1918 794 1945 enim
827 1918 938 1945 eadem
968 1926 1025 1946 ne-

231 1970 322 1989 cesse
345 1966 391 1990 cst
417 1962 494 1989 insit
519 1961 722 1997 significatio,
741 1970 823 1996 quae
847 1964 1023 1998 composito

232 2007 261 2034 lit
284 2008 387 2040 magis
413 2007 591 2041 perspicua.

282 2049 353 2080 156.
384 2049 495 2080 Habet
521 2060 565 2081 sc.
591 2053 697 2081 locum
724 2053 871 2087 priorem.

278 2094 352 2125 157.
386 2094 463 2124 ΙῘηα
496 2102 525 2125 et
556 2098 595 2125 ad
623 2097 791 2136 seruntur
822 2104 851 2127 et
881 2100 922 2127 ad
955 2096 1026 2127 sul-

231 2144 312 2170 cant
338 2142 469 2170 referas.

281 2185 352 2215 158.
378 2184 488 2226 longa
509 2184 682 2216 carinam
707 2186 755 2225 10,
774 2185 837 2216 197
864 2190 896 2218 et
917 2186 1026 2229 longa

231 2229 343 2261 sulcat
365 2230 480 2260 maria
512 2229 588 2261 alta
613 2231 746 2262 carina.
800 2231 850 2263 Pl.
884 2242 939 2269 pro
971 2243 1029 2263 ca-

230 2275 310 2306 rina
335 2278 416 2306 coni.
441 2275 579 2306 lacuna.

278 2320 353 2351 159.
384 2319 558 2362 Scopulns
601 2323 701 2361 idem,
746 2324 801 2358 qui
841 2328 889 2353 est
930 2328 1024 2353 mela.

230 2370 317 2396 Meta
349 2368 435 2396 enim
467 2368 500 2396 in
534 2371 676 2397 extremo
701 2369 786 2398 circo
810 2377 850 2398 ea
873 2374 941 2398 erat
971 2378 1026 2398 co-

231 2414 358 2450 lumna,
405 2419 502 2447 quam
539 2414 662 2442 circum
702 2414 826 2443 flectere
871 2416 1026 2443 debebant

231 2466 355 2486 currus.
404 2460 453 2486 Ila
477 2461 506 2486 11.
530 2460 551 2486 l.
586 2459 650 2487 iam
675 2461 715 2487 ad
743 2468 815 2488 eum
842 2462 1021 2496 scopulum,

231 2504 284 2531 ubi
311 2508 436 2532 vertere
459 2504 614 2532 debebant
647 2511 768 2541 naves,
809 2510 1021 2539 pervenerant

231 2549 268 2576 cf.
293 2545 368 2577 124.
418 2548 465 2576 Ibi
490 2551 661 2585 Menoetes,
692 2550 882 2578 Chimaerae
906 2553 1021 2584 guber-

231 2598 331 2631 nator,
356 2595 438 2629 qnod
461 2602 557 2628 prope
582 2596 750 2629 scopulum
774 2598 911 2624 obscura
936 2603 1021 2624 saxa

232 2639 332 2675 limet,
366 2640 510 2675 longiore
535 2640 671 2668 circuitu
695 2640 858 2676 navigans
889 2642 1020 2676 Scyllae

230 2684 336 2712 locum
363 2686 430 2722 dat,
456 2688 489 2713 ui
520 2684 602 2713 inter
629 2685 733 2720 ipsam
760 2686 964 2714 Chimaeram
991 2691 1020 2715 et

230 2730 397 2762 scopulum
433 2730 579 2759 breviore
617 2731 675 2759 via
708 2733 827 2760 evadat
863 2732 896 2759 in
932 2739 1020 2760 mare

230 2777 376 2807 apertum
397 2778 426 2802 et
450 2779 560 2803 tutum.

279 2815 351 2846 162.
378 2816 512 2855 dexter,
552 2828 588 2849 so
618 2817 697 2849 weit
728 2817 842 2850 rechts
873 2818 926 2849 ab.
976 2822 1022 2850 De

229 2866 389 2892 structura
426 2861 545 2893 dexter
581 2862 656 2894 abis
691 2870 720 2894 et
755 2863 913 2894 diversus
947 2863 1022 2896 abis

232 2905 312 2946 166,
346 2912 375 2937 et
410 2905 468 2944 11,
494 2906 571 2937 855.
621 2911 668 2939 Cf.
703 2909 740 2949 4,
767 2909 820 2939 22.
870 2912 1021 2941 Solebant

229 2958 335 2982 aulem
357 2955 456 2982 laeva
479 2962 591 2983 currus
615 2961 733 2985 metam
762 2956 1017 2996 circumflectere,

229 3001 310 3031 quod
334 2999 379 3028 ita
403 2999 558 3028 usitatum
585 3005 662 3039 erat,
682 3006 716 3030 ut
734 3003 870 3031 Servius
898 3003 938 3030 ad
964 3001 1016 3042 10,

1069 1372 1133 1402 695
1157 1371 1269 1403 cludit
1293 1381 1382 1414 gyro
1408 1368 1552 1401 interior
1575 1369 1729 1404 explicet:
1762 1367 1867 1403 „sini-

1068 1420 1183 1448 sterior
1212 1420 1336 1447 scilicet
1362 1418 1508 1447 breviore
1533 1415 1697 1449 circulo“;
1721 1413 1776 1448 qui
1802 1421 1864 1447 quo

1069 1466 1197 1500 propior
1223 1467 1263 1493 ad
1290 1469 1404 1493 melam
1430 1464 1477 1499 fit,
1508 1471 1544 1490 eo
1568 1465 1617 1490 est
1643 1460 1781 1489 brevior.
1831 1460 1864 1487 Is

1069 1519 1137 1539 mos
1159 1519 1199 1539 ex
1224 1520 1260 1539 eo
1282 1515 1377 1539 natus
1403 1510 1541 1543 videtur,
1562 1507 1646 1542 quod
1669 1507 1782 1534 dextra
1807 1503 1862 1532 fla-

1069 1558 1203 1593 gellum,
1228 1557 1362 1584 sinislra
1386 1557 1457 1584 lora
1483 1556 1638 1582 tenentur.
1665 1565 1703 1570 -—
1736 1546 1865 1589 Dirige

1068 1610 1240 1640 gressum,
1263 1603 1346 1636 (lund
1370 1601 1466 1629 etiam
1495 1596 1523 1636 l,
1546 1596 1622 1626 401.
1652 1594 1704 1634 11,
1726 1593 1792 1624 855
1818 1597 1867 1623 le-

1071 1648 1173 1683 gitur,
1207 1651 1255 1675 est
1278 1645 1415 1684 Mlpny
1445 1652 1583 1674 cursum
1606 1640 1680 1680 M2,
1712 1643 1795 1676 quod
1817 1644 1867 1669 est

1071 1693 1242 1729 usitatius,
1270 1690 1393 1732 derige
1419 1691 1501 1720 coni.
1529 1686 1592 1718 Rb.

1121 1736 1193 1766 163.
1225 1735 1324 1766 Litus
1349 1745 1443 1772 rema,
1462 1735 1576 1769 cupide
1599 1738 1680 1769 tene,
1703 1740 1800 1762 serva
1824 1732 1863 1762 cf.

1070 1785 1145 1812 Hor.
1173 1783 1207 1812 C.
1242 1780 1275 1819 1,
1302 1781 1360 1819 25,
1387 1781 1405 1809 3
1436 1782 1601 1819 amatque
1625 1778 1736 1808 ianua
1761 1776 1866 1807 limen

1069 1830 1088 1857 i.
1122 1837 1148 1857 e.
1185 1830 1335 1857 adhaeret
1366 1827 1480 1856 limini.
1535 1823 1658 1854 laevas
1689 1825 1740 1852 dat
1778 1821 1865 1863 Wg.

1070 1873 1172 1902 laeua
1209 1871 1272 1902 Hb.
1308 1870 1371 1902 Ld.
1431 1869 1550 1900 Laeva
1580 1871 1696 1899 dicitur
1727 1877 1801 1899 esse
1832 1869 1866 1896 in

1071 1921 1172 1958 ΜΡγΙ)
1203 1917 1325 1948 laevas.-
1350 1919 1383 1947 in
1406 1916 1559 1956 ssyen-203
1596 1923 1679 1950 quae
1709 1915 1865 1944 librorum

1072 1966 1247 1993 diversitas
1281 1965 1344 1993 fere
1366 1965 1460 1992 nulla
1482 1966 1539 1991 est.
1589 1962 1749 1996 Scriptum
1777 1960 1864 1988 enim

1072 2011 1251 2044 antiquitus
1295 2008 1671 2038 LAEVASTRINGAT.
1752 2007 1867 2034 Laeva

1072 2060 1282 2091 opponeretur
1306 2057 1455 2090 dextrae,
1495 2053 1577 2088 quod
1600 2053 1760 2088 ineptum
1799 2059 1865 2079 me-

1073 2103 1137 2130 lius
1159 2106 1227 2130 tene
1249 2102 1324 2129 litus
1347 2102 1428 2135 quod
1449 2101 1591 2128 laevum.

1119 2145 1194 2175 16⁴.
1227 2145 1340 2175 Caeca
1365 2153 1465 2181 saxa,
1488 2144 1624 2173 latentia
1645 2142 1684 2172 cf.
1714 2140 1744 2178 (3,
1770 2138 1847 2170 715.

1120 2189 1194 2220 165.
1221 2193 1321 2220 Vides
1361 2188 1514 2231 pelagus
1557 2192 1588 2217 et
1627 2185 1740 2217 altum
1782 2187 1865 2216 idem

1072 2245 1146 2266 esse
1172 2238 1210 2267 cf.
1239 2236 1270 2266 S.

1122 2291 1195 2322 167.
1222 2289 1408 2322 revocabat
1441 2298 1515 2319 ecce
1545 2286 1587 2321 R.
1616 2292 1726 2325 probat
1752 2291 1866 2320 Fleck-

1072 2339 1179 2375 eisen,
1215 2343 1248 2367 ut
1281 2340 1378 2372 longa
1410 2336 1453 2365 sit
1483 2336 1616 2371 syllaba
1645 2339 1790 2365 extrema
1823 2336 1863 2366 cf.

1075 2382 1141 2411 364
1167 2388 1194 2412 et
1222 2386 1274 2412 Gr.
1299 2383 1320 2417 ,S
1345 2380 1398 2410 56.

1121 2436 1193 2467 168.
1227 2435 1395 2478 Propiora
1414 2446 1459 2467 sc.
1481 2439 1614 2472 scopulo
1634 2438 1716 2466 loca.
1744 2437 1862 2466 Cloan-

1068 2487 1141 2513 thus
1173 2486 1254 2513 inter
1286 2491 1404 2513 saxum
1429 2489 1459 2512 et
1487 2483 1691 2512 Chimaeram
1717 2483 1864 2518 propiore

1068 2531 1127 2559 via
1152 2530 1185 2558 in
1208 2532 1310 2558 altum
1335 2530 1456 2558 evadit.

1116 2583 1189 2614 170.
1220 2583 1394 2621 Priorem,
1428 2593 1548 2615 navem
1572 2585 1786 2614 Chimaeram.
1821 2599 1858 2604 —

1068 2629 1212 2660 interior
1235 2631 1273 2660 cf.
1304 2628 1377 2659 162.
1411 2646 1449 2650 —
1482 2628 1578 2660 radit
1597 2631 1636 2660 cf.
1662 2632 1754 2664 Prop.
1779 2627 1809 2666 3,
1830 2627 1861 2666 2,

1065 2675 1106 2704 23
1136 2675 1235 2706 Alter
1261 2684 1375 2705 remus
1400 2684 1530 2716 aquas,
1554 2673 1644 2705 alter
1668 2673 1731 2705 tibi
1755 2671 1863 2704 radat

1066 2730 1204 2751 arenas.

1118 2775 1192 2806 171.
1225 2774 1334 2812 Tuta,
1374 2778 1428 2805 ubi
1466 2777 1531 2805 iam
1565 2777 1657 2805 nulla
1687 2782 1772 2805 saxa
1806 2777 1861 2805 vel

1068 2823 1158 2851 aliud
1195 2822 1372 2857 periculum
1410 2823 1584 2851 timendum
1618 2824 1695 2849 erat.
1733 2836 1771 2840 —
1804 2822 1859 2850 Ira

1067 2869 1165 2896 etiam
1189 2868 1346 2896 lacrimas
1372 2871 1475 2902 potest
1498 2874 1628 2895 movere
1657 2866 1800 2895 maxime
1824 2867 1859 2896 in

1066 2914 1244 2943 infantibus
1269 2913 1472 2949 omninoque,
1498 2912 1624 2946 quando
1651 2912 1857 2941 imbecillita-

1065 2962 1126 2987 tem
1142 2959 1238 2987 sentit
1255 2965 1349 2987 suam
1364 2958 1404 2995 is,
1427 2958 1492 2993 qui,
1508 2958 1590 2992 quod
1606 2957 1780 2986 adversum
1801 2963 1858 2987 ac⁴

1063 3004 1148 3041 cidit,
1176 3005 1208 3033 in
1232 3004 1350 3033 melius
1377 3011 1440 3032 non
1465 3005 1568 3037 potest
1591 3006 1785 3031 convertere.
