2023 3350
273 155 354 193 358

273 263 515 307 Caelestum
551 261 614 303 vis
647 273 808 313 magna
845 259 978 302 iubet.

840 149 875 180 P.
904 148 1096 181 vfflGlLll

1133 148 1348 184 MARONIS

1037 261 1129 303 Rex
1165 261 1259 316 ipse
1294 262 1489 313 Latinus,

270 322 325 363 Ni
360 319 464 361 dare
503 319 749 372 coniugium
786 321 829 359 et
864 317 982 360 dicto
1018 332 1173 372 parere
1207 319 1383 371 fatetur,

271 378 440 421 Sentiat
474 380 516 419 et
550 376 727 418 tandem
757 375 950 417 Turnum
989 377 1239 431 experiatur
1274 378 1320 419 in
1357 376 1502 419 armis.

382 434 465 476 Hic
497 434 684 485 iuvenis,
725 436 870 475 vatem
904 433 1119 485 inridens,
1159 434 1220 475 sic
1257 448 1358 477 orsa
1394 434 1584 478 vicissim

1843 433 1928 473 435

271 493 356 534 Ore
392 491 548 534 refert:
593 491 762 533 Classes
796 491 987 533 invectas
1024 491 1254 545 Thybridis
1290 492 1454 534 undam

269 550 387 600 Non,
429 553 478 590 ut
516 563 630 601 rere,
671 562 790 590 meas
825 548 976 602 effugit
1007 549 1185 590 nuntius
1220 563 1368 591 aures:

269 608 333 649 Ne
372 610 518 649 tantos
550 606 655 648 mihi
689 606 802 660 finge
836 610 998 659 metus3
1038 620 1118 649 neo
1155 607 1278 660 regia
1313 608 1422 650 Iuno

270 666 501 707 Immemor
539 668 604 706 est
638 664 789 706 nostri.

272 722 358 765 Sed
395 725 439 764 te
473 723 590 764 victa
627 722 714 764 situ
750 721 924 775 verique
961 720 1090 763 effeta
1124 724 1335 773 senectus,

1844 722 1930 762 440

271 780 305 822 Ο
341 783 499 832 mater,
543 780 658 822 euris
702 779 997 834 nequidquam
1039 782 1228 831 exercet,
1274 783 1317 820 et
1351 793 1475 822 arma

270 839 435 892 Regum
470 839 586 880 inter
619 837 734 879 falsa
773 841 916 879 vatem
951 837 1182 879 formidine
1217 837 1341 878 ludit.

273 896 387 938 Cura
423 895 523 947 tibi,
568 895 710 937 divom
749 894 912 949 effigies
951 898 994 937 et
1027 895 1191 949 templa
1229 895 1364 947 tueri3

270 953 393 995 Bella
425 953 507 995 viri
542 966 783 1008 pacemque
817 956 987 1006 gerant,
1031 953 1127 1007 quis
1169 952 1286 994 bella
1326 951 1526 1006 gerenda.

384 1010 562 1053 Talibus
597 1011 766 1053 Allecto
807 1010 935 1053 dictis
977 1011 1140 1052 exarsit
1176 1011 1221 1052 in
1255 1011 1358 1052 iras.

270 1069 329 1109 At
366 1068 508 1110 iuveni
553 1069 697 1111 oranti
735 1067 904 1111 subitus
943 1071 1109 1110 tremor
1147 1072 1333 1122 occupat
1367 1070 1512 1119 artus;

270 1126 508 1180 Deriguere
546 1127 682 1178 oculi,
722 1130 791 1168 tot
822 1126 980 1181 Erinys
1015 1126 1166 1168 sibilat
1200 1126 1363 1182 hydris,

271 1278 312 1306 cf.
352 1276 384 1306 l.
424 1277 502 1307 356.
556 1279 669 1308 Pictae
711 1286 818 1308 naves
857 1283 1080 1308 memorantur

271 1323 311 1360 5,
337 1322 404 1352 663
432 1328 461 1353 et
488 1323 525 1361 8,
549 1324 604 1354 92.
653 1324 695 1353 cf.
722 1325 760 1361 5,
790 1324 866 1354 116.

317 1368 394 1398 432.
427 1367 622 1400 Caelestum
655 1368 708 1399 vis
731 1378 888 1410 magna.-
935 1369 1078 1399 omnium

272 1416 407 1444 deorum
433 1423 512 1444 esse
540 1418 742 1445 voluntalem
770 1417 913 1445 simulat.
941 1431 986 1435 —-

316 1459 393 1489 433.
421 1459 514 1490 dicto
539 1469 666 1500 parere
693 1470 742 1490 sc.
772 1470 851 1499 suo;
899 1466 991 1497 paret
1018 1468 1079 1490 au-

273 1510 335 1535 tem
369 1507 442 1535 suis
468 1507 580 1545 dictis,
615 1507 671 1542 qui
697 1509 736 1537 ad
770 1516 833 1537 sua.
863 1509 965 1536 verba
989 1507 1079 1536 facta

272 1552 397 1589 dirigit,
423 1553 476 1587 qui
504 1557 568 1582 stat
590 1553 777 1589 promissis,
806 1569 852 1573 —

318 1596 396 1627 434.
427 1596 567 1628 Sentire
604 1600 747 1634 aliquem
786 1603 837 1628 est
876 1598 949 1627 eius
986 1598 1077 1627 vires

271 1643 380 1678 ipsum
411 1645 581 1673 tolerando
616 1653 841 1680 cognoscere;
882 1645 930 1673 sic
955 1645 1078 1673 Pollux

275 1686 368 1725 Nm,
408 1689 527 1727 inquit,
574 1689 740 1730 Amycum
774 1688 955 1719 sensimus.
1005 1691 1078 1720 Val.

270 1736 319 1763 Fi.
352 1733 390 1771 4,
428 1734 506 1764 745.
554 1737 632 1765 Hor.
661 1737 695 1766 C.
721 1734 760 1774 4,
800 1734 837 1774 4,
879 1735 934 1765 25.
965 1751 1009 1755 ——
1041 1733 1078 1764 in

271 1777 398 1817 armis,
423 1786 584 1810 armatum
612 1781 652 1811 cf.
680 1781 717 1820 5,
745 1781 800 1810 37.

315 1825 394 1855 435.
421 1835 503 1855 orsa
550 1828 590 1863 (i.
642 1835 670 1856 e.
717 1826 878 1863 passive)
931 1827 1074 1862 incepta,

271 1872 367 1908 dicta,
395 1872 444 1901 sic
470 1881 550 1901 orsa
569 1873 690 1908 legitur
719 1873 769 1911 10,
795 1872 873 1901 632.
928 1872 980 1910 11,
1003 1871 1078 1901 121.

269 1919 342 1947 Yal.
369 1919 417 1946 ΕΙ.
447 1917 483 1954 5,
521 1917 588 1947 475
626 1916 732 1948 'I'alt'a
763 1916 910 1948 miranti
931 1915 1079 1959 propius

270 1960 354 1993 tulit
377 1972 457 1992 orsa
481 1967 642 2003 tyranno.

315 2007 393 2037 436.
420 2007 552 2038 undam
580 2006 698 2039 invehi
723 2014 752 2038 ut
778 2009 816 2047 8,
843 2008 919 2038 714.

317 2053 394 2083 435.
421 2055 494 2083 Noli
520 2063 570 2083 me
602 2059 725 2084 terrere
760 2063 848 2084 vano
882 2056 1015 2093 timore,
1049 2059 1080 2084 et

271 2100 300 2128 si
324 2101 453 2133 quando
483 2108 567 2135 opus
594 2101 673 2138 erit,
706 2103 786 2130 luno
813 2102 993 2136 praestabit
1019 2109 1080 2130 au-

269 2146 397 2174 xilium.
447 2147 626 2180 Sequentia
642 2149 746 2176 verba
762 2148 873 2185 Turni,
892 2156 958 2176 non
974 2150 1080 2176 hono-

270 2191 358 2219 rifica
382 2192 575 2230 admodum,
600 2199 679 2228 apta
704 2198 777 2222 sunt
805 2194 879 2222 eius
899 2193 1054 2222 irrisioni.

315 2235 391 2266 440.
420 2237 501 2272 Quid
528 2239 568 2267 sit
593 2236 683 2268 situs
707 2238 747 2268 cf.
776 2238 814 2275 6,
842 2238 919 2268 462.
970 2242 1079 2274 Saepe

268 2283 298 2311 is
327 2283 489 2318 accipitur
521 2285 560 2312 de
590 2289 739 2321 torpore,
772 2285 827 2319 uui
853 2294 870 2313 e
891 2285 1079 2320 longinqui-

270 2333 336 2357 tate
361 2329 521 2364 temporis
550 2331 662 2359 oritur.
713 2331 839 2360 Colum.
875 2329 907 2367 l,
936 2330 948 2359 1
985 2327 1079 2359 Mut-

270 2376 323 2403 tos
340 2395 367 2402 ..
386 2396 392 2402 .
422 2377 583 2404 auctores
608 2374 760 2414 comperi
781 2384 990 2416 persuasum
1015 2373 1080 2404 ha-

269 2417 363 2456 bere,
399 2417 507 2460 longo
540 2418 620 2450 aevi
654 2418 724 2450 situ
755 2419 963 2460 qualitatem
991 2418 1082 2449 caeli

269 2466 470 2504 statumque
504 2464 648 2495 mutari.
696 2482 741 2485 —
791 2464 935 2506 verique
974 2464 1079 2505 effeta

270 2519 296 2539 s.
330 2518 457 2547 „cassa
491 2509 676 2540 veritatis.“
716 2514 749 2540 S.
782 2528 828 2531 —
865 2509 1003 2551 Effetus
1028 2516 1078 2541 est

271 2556 370 2585 etiam
394 2557 521 2585 viribus
546 2559 752 2593 exhaustus,
781 2557 949 2592 infirmus;
981 2557 1025 2586 ita
1047 2557 1078 2595 5,

269 2601 347 2630 396.
388 2602 455 2631 Cic.
479 2603 548 2632 CM.
569 2602 590 2631 9
616 2600 860 2641 lntemperans
877 2600 1080 2631 adolescem-

270 2644 320 2676 tia
346 2644 486 2685 effetum
511 2656 636 2688 corpus
660 2646 773 2678 tradit
801 2645 981 2678 senectuti.
1032 2650 1079 2677 De

269 2693 415 2727 genitivo
449 2693 490 2722 cf.
527 2692 561 2731 l,
600 2693 652 2723 14.
703 2695 782 2723 Cum
821 2694 973 2723 irrisione
1003 2702 1077 2723 eam

271 2742 369 2766 vocat
393 2741 519 2771 vatem,
548 2747 644 2774 quam
661 2743 760 2774 negat
777 2748 865 2768 esse.
916 2741 997 2768 Rem
1016 2748 1078 2768 ex-

270 2784 370 2818 plicat
400 2785 460 2813 Ov.
490 2787 531 2813 M.
562 2785 599 2822 6,
633 2784 677 2813 37
711 2782 840 2814 Mentis
872 2782 975 2824 inops
1002 2782 1079 2814 [on-

267 2836 389 2868 gaque
404 2827 500 2858 venis
519 2829 679 2868 confecta
702 2833 852 2867 senecta,
882 2833 912 2860 et
931 2828 1077 2860 nimium

270 2871 400 2903 vixisse
433 2872 495 2904 (liu
520 2877 630 2905 nocet.

316 2918 393 2948 443.
421 2928 506 2949 cura
529 2918 622 2950 tueri
642 2921 683 2950 cs.
708 2919 746 2957 5,
773 2919 851 2950 638.

318 2963 394 2994 444.
421 2968 551 3005 gerant
584 2969 626 2995 M.
658 2968 700 2995 al.
735 2982 779 2985 —
805 2968 929 3005 gerent
959 2969 1076 3006 FRybc

271 3011 349 3038 Rec.
372 3007 435 3039 La.
461 3015 489 3039 et
512 3009 575 3040 Rb.
599 3012 655 3046 qui
678 3014 703 3041 1.
720 3020 749 3047 p.
780 3011 844 3040 198
859 3020 944 3046 „nec
971 3018 1068 3048 auget

270 3056 407 3084 medicei
433 3058 672 3094 auctoritatem,
699 3059 784 3092 quod
812 3059 985 3088 exhibetur
1009 3066 1074 3099 ge-

1124 1281 1224 1317 rant,
1269 1282 1300 1307 ut
1332 1278 1364 1307 in
1391 1277 1447 1307 illo
1480 1279 1554 1307 solo
1592 1281 1765 1313 praeterea
1804 1281 1930 1315 exstat,

1126 1332 1226 1359 quum
1241 1325 1417 1359 genuinam
1437 1328 1620 1353 ceterorum
1645 1324 1842 1358 scripturam
1867 1331 1932 1363 ge-

1124 1372 1201 1399 rent
1235 1370 1370 1399 Homeri
1402 1372 1590 1405 exemplum
1614 1366 1781 1399 tueatur“.
1828 1371 1932 1398 Prae-

1126 1421 1188 1446 stat
1239 1416 1493 1451 coniunctivus;
1543 1417 1576 1445 in
1623 1423 1662 1444 eo
1712 1415 1796 1444 enim
1845 1415 1931 1444 inest

1125 1463 1321 1496 exhortatio,
1340 1467 1372 1491 ut
1393 1463 1532 1498 Calybe,
1554 1468 1651 1496 quam
1669 1461 1783 1491 matris
1799 1463 1926 1490 honore

1125 1513 1312 1543 nuncupat,
1343 1508 1480 1537 desistat
1510 1514 1639 1544 curare,
1666 1515 1752 1542 quae
1778 1507 1851 1536 eius
1881 1506 1932 1535 of-

1126 1554 1189 1582 ficii
1212 1562 1278 1582 non
1310 1555 1395 1589 sint;
1423 1554 1456 1582 in
1478 1553 1586 1582 futuro
1613 1556 1697 1582 baec
1718 1557 1770 1582 est
1794 1556 1931 1582 senlen-

1125 1599 1179 1635 tia,
1205 1607 1293 1628 vano
1314 1607 1386 1628 eam
1412 1601 1525 1629 labore
1548 1599 1679 1634 fatigari
1696 1600 1736 1627 de
1763 1607 1809 1636 re,
1832 1606 1930 1633 quam

1125 1645 1190 1674 iam
1217 1646 1272 1674 alii
1297 1646 1418 1680 optime
1444 1646 1509 1674 sint
1534 1646 1738 1674 exsecuturi.
1788 1646 1828 1674 At
1859 1646 1932 1673 bel-

1124 1693 1191 1719 lum
1223 1692 1288 1720 iam
1320 1692 1444 1721 instare
1481 1693 1612 1720 Turnus
1651 1695 1761 1726 negat.
1818 1690 1930 1719 Simile

1126 1737 1245 1765 dictum
1274 1742 1322 1766 est
1351 1739 1438 1772 apud
1462 1738 1523 1766 Ov.
1549 1739 1593 1765 M.
1629 1735 1688 1773 12,
1724 1735 1804 1766 475.
1852 1738 1930 1766 Her.

1129 1781 1180 1819 13,
1205 1781 1260 1819 84,
1287 1783 1404 1817 quibus
1428 1783 1513 1812 locis
1535 1783 1631 1811 etiam
1656 1784 1786 1824 gerant
1810 1784 1931 1818 proba-

1124 1831 1176 1856 tur
1208 1828 1436 1863 imperativus.
1468 1844 1513 1848 —
1549 1825 1675 1857 Pacem
1709 1835 1833 1869 gerere
1865 1836 1930 1857 non

1127 1874 1268 1903 dixisset
1298 1880 1413 1911 poeta,
1450 1874 1515 1903 nisi
1547 1874 1691 1902 additum
1715 1874 1835 1904 fuisset
1859 1871 1931 1903 bct-

1125 1917 1217 1955 lnm,
1253 1920 1303 1949 sic
1335 1920 1415 1949 dixit
1447 1920 1484 1957 9,
1528 1919 1596 1948 279
1629 1927 1687 1948 seu
1715 1927 1838 1960 pacem
1871 1927 1932 1948 seu

1126 1962 1217 1994 bella
1244 1974 1382 2006 geram,
1415 1967 1509 1995 cuius
1533 1966 1719 2001 zeugmatis
1737 1965 1850 1994 habuit.
1866 1966 1932 1994 iam

1126 2016 1282 2040 auctores
1309 2019 1392 2040 sane
1417 2012 1568 2040 idoneos.
1618 2011 1667 2041 Cf.
1691 2013 1772 2040 Sall.
1794 2013 1865 2047 Ing.
1885 2009 1930 2040 46

1124 2065 1247 2097 pacem
1287 2066 1332 2086 an
1374 2054 1501 2086 bellum
1543 2064 1671 2098 gerens
1702 2054 1933 2095 perniciosior

1127 2105 1225 2132 esset.
1251 2119 1295 2123 ——
1327 2100 1378 2131 Pl.
1406 2104 1490 2132 elicit
1516 2105 1619 2131 verba
1648 2100 1726 2142 quis
1751 2099 1844 2131 bella
1868 2110 1932 2143 ge-

1126 2146 1255 2184 renda,
1297 2153 1454 2183 quantum
1497 2149 1644 2177 iudicare
1687 2155 1826 2183 possum
1856 2149 1930 2177 sine

1126 2201 1269 2229 caussa;
1304 2197 1386 2223 baec
1417 2195 1502 2223 enim
1532 2198 1582 2223 est
1615 2193 1716 2222 Turni
1746 2194 1929 2223 sententia:

1127 2242 1174 2268 Tu
1202 2247 1281 2268 cura
1307 2245 1382 2269 tuas
1409 2248 1465 2269 res
1489 2243 1519 2268 et
1545 2240 1685 2274 quisque
1709 2246 1809 2277 suas,
1836 2240 1932 2268 omit-

1126 2290 1170 2314 tat
1194 2288 1334 2314 alienas.
1384 2286 1434 2314 Ad
1468 2293 1542 2314 eam
1567 2285 1765 2315 sententiam
1790 2287 1931 2320 explen-

1125 2332 1198 2359 dam
1233 2331 1427 2360 necessaria
1459 2336 1534 2360 sunt
1568 2331 1627 2360 illa
1658 2333 1779 2368 verba,
1821 2339 1930 2365 neque

1125 2378 1348 2411 haerendum,
1386 2378 1472 2410 quod
1502 2384 1567 2405 non
1601 2377 1694 2411 pacis
1726 2376 1843 2406 iterum
1877 2376 1931 2405 tiat

1124 2422 1258 2450 mentio.
1305 2423 1355 2451 Ac
1377 2430 1455 2451 num
1482 2423 1557 2457 quid
1578 2421 1713 2451 absurdi
1731 2429 1773 2451 ea
1795 2423 1829 2452 in
1851 2431 1931 2452 sen-

1125 2468 1225 2496 tentia
1254 2468 1358 2504 inest,
1397 2468 1427 2497 si
1462 2469 1535 2502 quis
1566 2468 1641 2497 dicit
1668 2469 1771 2497 haec:
1815 2469 1930 2498 Utrum

1126 2513 1202 2541 belli
1229 2520 1269 2542 an
1296 2521 1363 2548 pax
1380 2514 1440 2550 sit,
1468 2522 1571 2549 penes
1594 2522 1654 2543 eos
1672 2514 1828 2543 iudicium
1844 2517 1929 2551 esto,

1125 2559 1244 2593 quibus
1271 2561 1393 2588 bellum
1420 2561 1601 2595 gerendum
1627 2559 1703 2588 est?

1171 2602 1246 2633 445.
1275 2602 1408 2635 exarsit
1438 2603 1474 2634 in
1504 2602 1578 2634 iras
1608 2604 1649 2634 cf.
1681 2612 1713 2633 v.
1746 2602 1823 2632 577.
1872 2603 1927 2632 Sic

1125 2651 1185 2678 Ov.
1218 2652 1259 2678 Μ.
1286 2650 1323 2687 5,
1359 2649 1397 2679 41
1435 2647 1588 2680 ardescit
1615 2646 1747 2691 vulgus
1772 2645 1809 2677 ἰη
1842 2646 1928 2678 iras.

1124 2697 1203 2724 Luc.
1230 2694 1265 2730 3,
1296 2694 1358 2724 134
1383 2704 1548 2725 accensus
1574 2693 1608 2724 in
1636 2693 1745 2731 iram,
1768 2694 1845 2723 alia.

1169 2739 1247 2770 446.
1274 2739 1409 2778 oranti,
1442 2743 1518 2771 dum
1540 2744 1622 2771 haec
1647 2740 1734 2769 dicit.
1763 2754 1808 2759 —-
1834 2736 1929 2769 subi-

1124 2789 1179 2816 tus
1205 2786 1245 2815 cs.
1270 2786 1307 2817 2.
1332 2786 1410 2816 680.

1169 2830 1245 2860 447.
1273 2829 1463 2871 deriguere
1482 2827 1585 2861 oculi.
1633 2831 1671 2858 In
1689 2837 1817 2858 summo
1841 2831 1926 2860 enim

1124 2885 1249 2913 pavore
1277 2881 1307 2906 et
1332 2878 1447 2906 timore
1475 2877 1562 2905 oculi
1587 2875 1668 2905 sicci
1702 2878 1731 2903 et
1760 2876 1871 2905 exusti
1896 2880 1927 2905 et
1965 2887 1978 2909 ,’

1123 2923 1309 2952 immobiles
1351 2924 1504 2952 videntur
1544 2929 1641 2957 esse3
1696 2928 1803 2955 neque
1852 2922 1926 2951 sine
1964 2928 1967 2965 ,⁴

1125 2976 1253 2998 caussa
1284 2972 1401 3005 pavet,
1432 2975 1507 2996 nam
1537 2966 1648 2995 mullis
1675 2967 1791 3000 hydris
1817 2967 1927 2996 sibilat.
1964 2974 1967 3010 t

1118 3014 1205 3043 furia
1230 3014 1400 3049 aperitque
1421 3020 1516 3042 suam
1534 3012 1650 3041 sacient
1673 3012 1849 3041 terribilem
1869 3021 1926 3042 se-
1964 3026 1966 3034 t

1123 3064 1209 3088 moto
1238 3059 1317 3088 anili
1349 3060 1451 3087 vultu.
1482 3073 1525 3077 —-
1551 3059 1601 3087 tot
1631 3065 1791 3087 caussam
1816 3059 1926 3087 invol—
1962 3064 1964 3069 ’
