2023 3350
315 93 396 131 600

315 205 420 245 Vela
452 202 583 243 dabit.

874 91 907 120 P.
934 89 1127 121 vllztilLll
1152 91 1362 124 MAROMS

643 201 728 241 Vos
765 201 954 241 unanimi
992 200 1163 242 densete
1203 207 1407 257 catervas,

314 262 368 302 Et
406 272 547 312 regem
585 257 704 298 vobis
742 271 885 311 pugna
926 256 1138 298 defendite
1180 264 1361 312 raptum.

313 317 447 366 Dixit,
483 319 525 356 et
562 314 762 356 adversos
797 315 929 356 telum
966 314 1176 355 contorsit
1212 316 1257 356 in
1289 317 1434 361 hostes

313 374 593 422 Procurrens;
635 372 822 413 sonitum
864 371 940 412 dat
979 371 1164 413 stridula
1202 386 1376 426 cornus,
1411 380 1453 417 et
1490 390 1616 419 auras

315 430 440 472 Certa
479 433 606 470 secat.

312 486 490 527 Turbati
525 487 664 537 cunei,
704 485 996 540 calefactaque
1032 486 1162 528 corda
1197 488 1394 529 tumultu.

312 544 450 585 Hasta
488 544 654 594 volans,
692 548 741 585 ut
775 544 886 585 forte
917 557 1065 584 novem
1098 543 1384 597 pulcherrima
1422 544 1602 590 fratrum

315 601 503 655 Corpora
539 602 819 643 constiterant
855 604 1026 653 contra,
1065 615 1172 654 quos
1211 601 1298 642 fida
1335 607 1504 644 crearat

314 659 408 700 Una
445 662 510 700 tot
543 659 726 700 Arcadio
766 659 947 700 coniunx
982 658 1200 712 Tyrrhena
1236 659 1436 713 Gylippo;

312 716 475 757 Horum
512 731 642 758 unum
679 715 735 758 ad
769 716 975 767 medium,
1012 716 1167 757 teritur
1203 730 1288 770 qua
1325 717 1464 758 sutilis
1504 717 1599 758 alvo

313 774 488 815 Balteus
529 777 571 815 et
602 775 786 815 laterum
820 774 1042 815 iuncturas
1082 773 1215 815 fibula
1251 774 1428 825 mordet,

312 831 544 884 Egregium
578 831 715 873 forma
754 832 946 873 iuvenem
986 834 1028 872 et
1064 829 1324 884 fulgentibus
1360 831 1490 873 armis

312 888 584 941 Transadigit
624 893 787 941 costas,
823 889 1024 942 fulvaque
1062 887 1240 930 effundit
1279 903 1419 930 arena.

312 946 369 987 At
402 946 574 997 fratres,
607 946 801 988 animosa
835 946 1023 1001 phalanx
1064 960 1325 1000 accensaque
1355 947 1484 996 luctu,

313 1004 417 1044 Pars
457 1003 622 1057 gladios
660 1005 874 1058 stringunt
911 1003 1124 1054 manibus,

314 1061 578 1114 Corripiunt,
623 1062 822 1114 caecique
863 1065 1003 1102 ruunt.

312 1119 577 1160 Procurrunt
614 1120 886 1160 Laurentum.
946 1119 1027 1160 Hic
1065 1118 1184 1160 densi
1221 1134 1368 1161 rursus
1411 1117 1620 1160 inundant

313 1176 442 1218 Troes
479 1177 749 1231 Agyllinique
786 1180 827 1217 et
863 1176 991 1230 pictis
1032 1176 1221 1218 Arcades
1255 1177 1396 1218 armis.

313 1234 382 1275 Sic
419 1248 562 1276 omnes
597 1248 717 1276 amor
754 1248 861 1275 unus
896 1233 1029 1275 habet
1068 1233 1292 1276 decernere
1330 1234 1456 1276 ferro.

313 1292 540 1344 Diripuere
579 1306 697 1348 aras3
733 1292 768 1333 it
801 1295 895 1333 toto
932 1291 1109 1332 turbida
1147 1292 1265 1333 caelo

313 1349 559 1403 Tempestas
598 1349 783 1391 telorum
820 1363 869 1390 ac
904 1348 1065 1390 ferreus
1097 1349 1260 1404 ingruit
1296 1347 1452 1399 imber3

358 1485 434 1517 ⁶264.
461 1486 599 1518 densete
619 1489 659 1519 cf.
686 1489 715 1525 7,
744 1487 820 1518 794.

357 1533 434 1562 267.
466 1531 654 1570 Procurrit,
676 1539 707 1563 ut
724 1535 834 1573 iaciat,
849 1535 1011 1570 simulque
1027 1542 1106 1563 con-

313 1579 450 1614 spicitur
475 1582 515 1609 ab
541 1580 701 1609 omnibus.

359 1624 435 1654 268.
459 1628 554 1653 certa
584 1622 688 1654 hasta
713 1625 754 1654 cf.
774 1623 806 1661 4,
831 1623 909 1654 564.
932 1640 975 1645 —-
1000 1621 1105 1654 simul

312 1684 357 1690 —
383 1668 485 1699 simul
508 1670 549 1699 cf.
581 1670 608 1709 l,
643 1669 713 1699 144.
739 1686 781 1690 ——
807 1671 936 1700 Clamor
965 1670 1104 1699 maxime

313 1715 559 1751 indignantium.

359 1760 435 1789 269.
470 1757 579 1790 Cunei
610 1761 729 1789 dictum
763 1763 794 1789 h.
822 1763 842 1789 l.
869 1762 908 1789 de
934 1760 1101 1789 ordinibus

313 1807 455 1841 peditum
481 1806 523 1835 cf.
549 1805 581 1840 5,
610 1804 687 1835 664.
736 1808 868 1836 Cuneus
890 1807 1023 1835 militum
1050 1806 1103 1840 uui

313 1852 342 1881 fit
367 1852 399 1880 in
423 1852 504 1887 acie,
543 1856 575 1880 ut
602 1856 786 1887 perrumpat
813 1855 938 1887 hostes,
980 1860 1104 1881 memo-

313 1902 402 1926 ratur
427 1905 459 1925 v.
485 1897 562 1927 575.

357 1941 434 1971 272.
460 1939 580 1971 horum
606 1951 729 1980 unum,
764 1943 815 1972 cui
840 1943 1027 1978 appositum
1054 1947 1104 1972 est

314 1985 470 2018 iuvenem
497 1996 528 2017 v.
554 1987 632 2016 275.

357 2031 434 2062 273.
459 2031 506 2062 ad
530 2031 681 2062 medium
707 2032 760 2061 ΜΞ
783 2035 824 2062 al.
846 2036 1018 2071 „absolute
1037 2033 1056 2062 i.
1075 2041 1104 2062 e.

314 2079 367 2108 ubi
399 2081 474 2108 alvo
519 2079 630 2107 teritur
669 2078 832 2108 balteus.“
867 2083 898 2108 S.
951 2077 1103 2108 Medium

313 2129 365 2154 est
395 2126 638 2153 substantivum
671 2129 700 2153 ut
734 2125 764 2160 7,
791 2124 843 2153 59.
867 2122 944 2154 227.
972 2123 1039 2153 563
1063 2126 1104 2153 al.

314 2168 362 2199 ad
385 2167 533 2199 mediam
561 2173 610 2199 Mc
637 2172 722 2204 quod
745 2170 886 2199 firmatur
918 2171 1008 2199 libris
1041 2178 1106 2199 non

314 2216 420 2251 bonis,
453 2216 483 2244 in
515 2216 632 2250 quibus
665 2213 711 2244 ad
738 2213 885 2245 mediam
909 2238 916 2245 .
935 2238 943 2244 .
961 2238 968 2244 .
987 2214 1106 2244 alvum

311 2262 439 2295 legitur.
488 2264 657 2290 Structura
682 2258 729 2289 ad
751 2259 920 2299 mediam,
966 2269 1035 2301 qua
1059 2266 1106 2289 te-

313 2308 392 2336 ritur
416 2304 496 2335 alvo
520 2311 549 2335 et
573 2307 650 2336 alibi
674 2307 834 2342 reperitur
859 2307 900 2335 cf.
927 2310 962 2336 G.
980 2306 1010 2345 3,
1035 2305 1101 2335 387

314 2350 442 2382 illum
469 2354 596 2390 autem,
620 2350 777 2392 quamvis
804 2350 924 2382 aries
949 2349 993 2381 sit
1019 2361 1102 2381 can-

315 2395 420 2427 didus
454 2395 545 2437 ipse,
578 2395 725 2427 reiicies.
773 2399 865 2427 Adde
890 2398 922 2435 8,
963 2397 1034 2427 168.
1059 2413 1103 2417 -

315 2441 362 2472 acl
386 2441 547 2480 medium,
573 2451 642 2482 qna
668 2458 709 2463 —
732 2441 812 2472 alvo
836 2443 876 2472 cf.
902 2444 933 2478 5,
957 2443 1033 2472 609.
1059 2459 1104 2463 —-

287 2526 292 2530 ἱ
315 2486 456 2518 teritur:
490 2489 625 2526 „Omnia
650 2490 731 2517 enim
756 2489 874 2523 quibus
890 2489 1017 2527 utimur,
1038 2497 1103 2518 non

314 2543 376 2563 nos
401 2538 516 2571 terunt,
543 2536 600 2563 sed
622 2542 660 2563 ea
687 2543 748 2563 nos
774 2533 942 2564 terimus.“
967 2538 997 2563 S.
1024 2531 1103 2563 alvo

314 2583 396 2610 Mss.
419 2585 450 2608 et
474 2583 507 2609 S.
526 2596 568 2600 —
584 2588 670 2609 auro
700 2583 738 2608 M.
761 2588 828 2609 rec.
858 2577 919 2609 Ld.
947 2581 987 2609 At
1007 2581 1102 2609 loeus

315 2627 461 2654 vulneris
486 2626 722 2654 describendus
749 2630 829 2655 erat.

360 2670 436 2700 274.
462 2673 612 2700 Laterum
643 2673 814 2700 iuncturae
849 2679 928 2700 esse
953 2671 1103 2699 videntur

316 2724 394 2745 orae
420 2717 532 2752 baltei,
575 2724 656 2751 quas
683 2717 778 2745 fibula
807 2718 940 2745 mordet.
988 2717 1051 2745 Sed
1074 2717 1105 2745 sl

316 2762 428 2791 Silium
461 2763 644 2799 sequimur,
682 2763 902 2797 intelligemus
935 2762 1103 2791 iuncturas

316 2808 458 2844 loricae,
500 2815 563 2842 qua
597 2815 637 2836 ea
667 2808 731 2836 coit
760 2808 866 2837 fibulis
904 2809 1023 2838 iuncta.
1072 2810 1103 2836 ls

317 2853 401 2881 enim
427 2853 457 2889 7,
476 2852 542 2881 6²24
559 2855 652 2882 habet
680 2856 779 2882 haec:
805 2861 874 2892 qua
883 2850 999 2892 fibula
1017 2861 1106 2881 mor-

318 2905 376 2926 sm
417 2895 545 2927 loricae
590 2896 704 2927 crebro
742 2896 879 2928 lassata
918 2895 1106 2927 resolverat

319 2939 400 2978 ictu,
425 2941 555 2982 accepit
581 2941 685 2973 lateri
707 2942 850 2979 ferrum.
884 2945 995 2978 ltaque
1021 2945 1104 2973 tatus

320 2986 537 3026 significatur,
579 2997 641 3025 quo
668 2991 798 3019 balteus
827 2989 955 3018 fibulam
984 2989 1105 3018 loricae

1849 264 1929 304 265

668 429 800 471 Simul
833 429 935 480 hoc,
973 429 1099 470 simul
1135 429 1280 482 ingens
1319 431 1496 485 clamor,
1535 440 1577 476 et
1619 447 1763 476 omnes

1854 835 1935 875 275

1164 1018 1265 1058 pars
1304 1003 1462 1045 missile
1496 1002 1657 1044 ferrum

1064 1061 1176 1111 Quos
1218 1062 1389 1115 agmina
1427 1064 1578 1102 contra

1857 1121 1937 1160 280

1152 1494 1262 1524 partes
1283 1493 1464 1518 nectentem
1489 1490 1574 1524 tegit.
1601 1505 1642 1509 —
1658 1485 1775 1527 fibula
1798 1485 1940 1517 mordet.

1152 1534 1200 1564 Cf.
1218 1536 1276 1563 Ov.
1292 1537 1332 1563 M.
1357 1534 1388 1571 8,
1413 1534 1480 1562 3¹8
1513 1533 1644 1563 Basili<
1669 1531 1748 1562 ltuic
1772 1542 1941 1562 summam

1151 1577 1328 1609 mordebat
1357 1577 1465 1615 fibula
1498 1583 1634 1610 vestem.
1688 1580 1801 1608 Claud.
1827 1580 1864 1607 de
1889 1580 1940 1607 Pr.

1151 1630 1180 1653 et
1208 1627 1255 1653 01.
1282 1627 1316 1655 C.
1341 1625 1386 1653 88
1412 1623 1598 1666 laxumque
1627 1633 1782 1655 coercens
1809 1622 1942 1654 mordet

1151 1678 1290 1711 gemma
1317 1668 1440 1699 sinum.

1195 1726 1272 1756 275.
1292 1725 1447 1755 iuvenem
1477 1724 1697 1766 transadigit
1720 1728 1849 1756 costas:
1873 1726 1942 1755 Ad-

1150 1773 1234 1800 ditur
1265 1773 1379 1800 eodem
1411 1780 1492 1800 casu
1527 1774 1567 1801 ad
1607 1773 1839 1807 explicandum
1880 1774 1940 1800 ob-

1150 1819 1266 1847 iectum
1293 1819 1382 1846 aliud
1410 1814 1626 1853 vocabuluni,³
1651 1819 1734 1852 quod
1761 1826 1825 1852 qua
1850 1823 1940 1852 parte

1149 1864 1306 1899 imprimis
1345 1864 1505 1892 obiectum
1548 1864 1688 1898 tangitur
1715 1864 1847 1893 indicat.
1896 1865 1944 1893 lta

1157 1910 1204 1941 10,
1230 1909 1297 1938 698
1320 1906 1498 1949 Latagum
1527 1918 1562 1937 os·
1589 1911 1735 1949 occupat
1758 1915 1787 1938 et
1812 1909 1843 1948 5,
1882 1909 1942 1938 ¹72

1155 1953 1298 1984 Esarcit
1321 1953 1438 1983 iuueni
1463 1953 1561 1984 dolor
1585 1953 1727 1984 ossibus.

1195 2009 1270 2040 277.
1296 2010 1431 2049 fratres
1455 2027 1499 2030 ——
1519 2019 1602 2051 pars
1626 2029 1670 2033 —
1690 2021 1776 2053 pars
1814 2014 1853 2044 cf,
1887 2013 1940 2052 lt,

1150 2057 1226 2085 887.
1275 2059 1401 2091 „Bene
1417 2064 1437 2086 a
1460 2065 1606 2095 numero,
1629 2066 1649 2088 a
1672 2061 1895 2099 germanitate,
1921 2068 1940 2090 a

1150 2103 1327 2139 nobilitate,
1355 2110 1374 2131 a
1402 2102 1515 2138 forma,
1548 2105 1586 2132 ab
1614 2110 1732 2142 aetate,
1757 2113 1774 2134 a
1792 2107 1938 2136 vulneris

1151 2156 1282 2184 genere,
1308 2151 1346 2177 ab
1371 2149 1476 2183 ipsius
1499 2151 1605 2185 laude,
1636 2157 1655 2178 a
1679 2158 1798 2185 genere
1824 2154 1938 2182 mortis

1150 2194 1294 2223 incitatio
1333 2194 1440 2222 nata.“
1465 2197 1496 2223 S.
1544 2196 1643 2229 quue
1678 2198 1758 2225 bene
1801 2205 1937 2234 compo-

1153 2240 1228 2275 suit,
1254 2241 1337 2273 quod
1364 2241 1459 2268 talem
1485 2240 1559 2268 fecit
1585 2242 1708 2277 necari,
1742 2243 1837 2272 cuius
1863 2252 1940 2280 pro-

1151 2286 1239 2314 xime
1265 2287 1398 2314 aderant
1424 2288 1556 2314 ultores.

1193 2330 1268 2359 279.
1297 2328 1391 2359 caeci
1420 2331 1560 2368 „salutis
1589 2331 1785 2367 improvidi“
1813 2337 1845 2363 S.
1897 2335 1938 2365 cf.

1148 2375 1180 2414 2,
1204 2375 1283 2405 335.

1193 2420 1270 2450 280.
1298 2419 1472 2451 inundant
1498 2430 1609 2459 „more
1635 2425 1740 2453 undae
1763 2423 1885 2455 fluunt“
1904 2429 1937 2455 S.

1150 2472 1179 2496 et
1223 2470 1388 2502 complent
1420 2467 1460 2496 cf.
1497 2469 1609 2497 lustin.
1643 2467 1696 2504 38,
1733 2467 1752 2498 4
1784 2469 1938 2502 Cimbros

1149 2521 1241 2542 more
1268 2511 1441 2552 procellae
1464 2510 1653 2543 inundasse
1675 2512 1828 2546 Italiam.

1195 2568 1271 2598 381.
1302 2567 1540 2609 Agyllinique,
1582 2572 1772 2608 Caeretani,
1813 2576 1843 2602 ut
1884 2574 1937 2608 qui

1150 2616 1268 2645 Tuscis
1299 2619 1389 2644 erant
1416 2616 1491 2644 betti
1519 2621 1670 2646 auctores
1702 2625 1758 2652 pro
1786 2618 1935 2648 omnibus

1150 2662 1279 2691 Tuscis.
1328 2662 1375 2689 ne
1401 2661 1525 2695 Agylla
1549 2661 1589 2690 cf.
1614 2661 1647 2698 8,
1668 2660 1744 2692 479.
1767 2679 1812 2683 --
1832 2661 1936 2704 pictae's

1154 2704 1307 2736 Arcades
1325 2703 1432 2734 armis
1455 2707 1495 2735 cl.
1521 2705 1553 2743 8,
1574 2705 1651 2736 588.

1194 2761 1271 2790 283.
1298 2758 1470 2801 diripiunt
1520 2771 1618 2801 oras,
1667 2766 1721 2793 vel
1756 2764 1935 2798 impedituri

1151 2815 1281 2837 sacrum
1295 2808 1347 2835 vel
1375 2816 1416 2836 ex
1440 2809 1506 2837 aris
1532 2811 1597 2838 tela
1616 2806 1747 2844 capturi.
1778 2806 1828 2838 ΡΙ.
1847 2811 1931 2840 coni.

1157 2851 1197 2884 D.
1225 2861 1277 2888 α.,·
1298 2849 1321 2880 ἰ.
1348 2854 1371 2881 t.
1397 2851 1533 2883 torrida
1558 2863 1583 2885 c.
1608 2856 1643 2891 t„
1666 2856 1689 2883 t.
1715 2862 1747 2882 a.
1770 2852 1801 2891 f·
1825 2851 1848 2882 i.
1869 2852 1893 2883 i.

1196 2897 1270 2927 284.
1302 2894 1332 2926 lt
1355 2900 1540 2938 tempestas
1565 2897 1709 2929 telorum
1733 2898 1773 2927 cf.
1796 2899 1828 2935 9,
1855 2897 1931 2930 417.

1151 2960 1194 2964 -—
1218 2942 1352 2978 ferreus
1377 2941 1493 2973 imber.
1541 2947 1607 2974 lam
1630 2943 1753 2973 Ennius
1777 2944 1869 2974 dixit:
1884 2944 1933 2986 fit

1148 2987 1286 3028 ferreus
1306 2986 1422 3019 imber.
1469 2989 1516 3020 cf.
1544 2997 1575 3020 v.
1601 2987 1675 3018 654.
