2023 3350
682 91 919 126 AENEIDOS
949 93 1034 125 LIB.
1061 93 1155 126 vlu.

1661 91 1741 131 391

204 207 347 260 Dixit,
381 205 536 249 deinde
572 205 673 248 lacu
710 205 886 247 Fluvius
925 220 971 247 se
1007 205 1201 248 condidit
1233 205 1337 259 alto,

90 267 184 309 Ima
214 269 381 320 petens3
420 278 506 306 nox
541 264 717 306 Aenean
753 276 1012 317 somnusque
1047 263 1236 316 reliquit.

92 323 256 377 Surgit,
294 326 358 374 et,
399 321 582 364 aetherii
621 324 822 375 spectans
858 321 1044 363 orientia
1080 320 1192 363 Solis

91 381 288 432 Lumina,
330 380 412 422 rite
447 379 561 421 cavis
598 379 759 420 undam
797 378 851 420 de
884 378 1058 420 flumine
1095 377 1253 432 palmis

91 439 301 489 Sustinet,
339 451 390 479 ac
428 437 540 478 tales
577 436 757 478 effundit
798 436 854 477 ad
892 437 1070 478 aethera
1103 449 1249 477 voces:

1688 436 1742 475 70

92 495 335 551 Nymphae,
372 495 609 536 Laurentes
641 494 886 548 Nymphae,
922 508 1053 548 genus
1089 493 1285 534 amnibus
1321 491 1436 535 unde
1470 495 1547 545 est,

92 554 259 607 Tuque,
294 566 318 594 o
357 552 519 606 Thybri
556 556 631 593 tuo
674 553 841 605 genitor
881 566 979 593 cum
1019 551 1195 593 flumine
1235 553 1399 601 sancto,

92 611 287 664 Accipite
324 610 499 651 Aenean
537 613 579 651 et
609 609 783 651 tandem
823 613 967 651 arcete
999 608 1186 663 periclis.

90 668 182 719 Quo
221 671 264 710 te
300 681 468 721 cunque
508 667 655 719 lacus,
693 667 971 708 miserantem
1009 663 1283 708 incommoda
1319 665 1481 715 nostra,

88 797 261 833 promissis
280 797 362 834 suis,
379 797 436 832 qui
453 797 494 826 sit
514 798 750 826 demonstrans.
784 796 889 830 Quum

89 851 167 873 vero
190 845 228 871 de
254 851 290 872 se
312 844 400 872 dicat
424 848 454 871 et
477 843 551 878 quis
575 843 616 871 sit
644 844 767 877 doceat,
792 842 890 870 etiam

88 897 222 918 versum
246 888 287 916 65
312 890 422 918 eodem
448 889 607 923 pertinere
635 888 801 923 probabile
831 891 888 916 est.

88 937 125 964 Et
151 935 197 963 ita
219 935 376 969 explicuit
400 935 555 963 Servius:
590 931 665 969 „hic
692 942 733 962 m.
763 942 806 962 m.
829 930 890 961 ‹10-

88 989 184 1008 mus:
219 980 343 1010 scilicet
379 981 467 1009 circa
500 980 624 1009 exitum
657 976 785 1008 suum.‘·‘
841 979 890 1007 Ibi

89 1027 177 1055 enim
205 1030 259 1055 3111
283 1026 317 1054 in
346 1026 488 1054 fontibus
512 1026 605 1054 fluvii
632 1026 779 1054 habitare
804 1024 891 1053 dice-

88 1075 215 1101 bantur.
265 1069 390 1107 „celsis
421 1081 448 1099 c.
491 1080 523 1100 u.
559 1069 648 1106 erit,-
689 1072 727 1100 de
757 1070 890 1106 Tuscia,

89 1125 188 1153 quam
220 1117 288 1145 illis
319 1119 456 1146 multum
485 1121 609 1146 constat
636 1116 784 1145 floruisse
811 1120 890 1143 tem-

88 1161 255 1199 poribus.“
287 1164 318 1191 S.
367 1163 421 1191 Sic
448 1160 540 1191 exire
565 1164 624 1191 Ov.
657 1164 699 1190 M.
730 1158 788 1197 11,
823 1159 889 1188 440

95 1208 208 1247 Carpe
237 1205 347 1244 ciam,
383 1205 490 1236 donec
517 1204 635 1236 venias
664 1203 890 1244 aelflumim‘s

90 1256 231 1287 orttts‚·
258 1250 519 1292 spumiferoque
537 1256 632 1281 tuum
653 1249 792 1290 fonti,
820 1246 888 1290 qffa

85 1297 263 1340 plurimus
296 1296 404 1335 erit,
451 1296 566 1326 Subdc
601 1300 719 1337 caput.
776 1299 889 1331 Itaque

90 1346 144 1374 liic
168 1354 225 1382 ego
252 1345 375 1380 habito,
402 1346 508 1382 caput
530 1351 636 1372 meum
662 1343 682 1372 i.
707 1352 733 1371 e.
760 1343 832 1371 fons
856 1346 890 1370 ut

89 1393 125 1420 G.
159 1388 195 1428 4,
233 1387 297 1418 319
333 1391 371 1418 de
408 1389 506 1419 celsis
543 1390 677 1418 urbibus
715 1388 888 1417 descendit.

89 1438 184 1466 Hanc
207 1436 472 1471 explicationem,
503 1443 603 1464 versu
636 1432 679 1462 74
713 1438 741 1463 et
770 1432 810 1461 75
837 1434 887 1462 fir-

89 1487 211 1512 matam
235 1485 309 1511 sunt
334 1481 389 1516 qui
414 1481 606 1516 improbent,
640 1484 668 1508 et
694 1479 888 1509 vaticinium

88 1529 179 1558 urbis
205 1529 328 1556 Romae
356 1527 408 1555 his
437 1527 546 1555 verbis
571 1527 683 1554 inesse
713 1528 887 1555 censeant:

89 1575 152 1603 Hic
168 1573 249 1602 milti
267 1580 384 1609 magna
404 1573 517 1601 domus
538 1576 647 1608 surget
664 1573 778 1606 Roma,
804 1578 888 1606 quae

86 1619 187 1648 celsis
223 1619 356 1647 urbibus
391 1618 451 1646 erit
488 1622 594 1652 caput.
653 1618 706 1646 Sic
739 1615 800 1646 Rb.
833 1617 888 1651 qui

86 1672 211 1695 comma
228 1664 337 1699 posuit
356 1667 429 1699 post.
451 1661 603 1692 urbibus.
640 1665 677 1691 Et
691 1671 770 1692 vere
784 1664 890 1691 Roma

86 1714 190 1746 potest
223 1712 336 1739 domus
366 1709 429 1738 dici
458 1709 619 1745 Tiberini,
653 1717 751 1744 quum
784 1715 824 1737 ea
855 1709 888 1737 in

87 1759 166 1786 urbe
196 1757 322 1786 colatur
353 1754 412 1790 (cf.
448 1752 483 1791 1,
521 1753 579 1790 16)
615 1759 643 1783 et
676 1756 783 1792 caput
811 1756 888 1783 sub-

87 1801 268 1831 stantivum
286 1805 369 1830 recte
383 1801 491 1829 dativo
505 1800 659 1836 Iungitur,
676 1799 737 1834 (cf.
757 1797 785 1832 1,
801 1798 888 1835 429)

87 1852 117 1876 et
145 1844 238 1875 exire
259 1854 434 1881 exsurgere
459 1849 507 1874 est
532 1846 623 1880 alibi,
647 1845 706 1880 (cf.
730 1848 765 1874 G.
789 1843 817 1881 2,
843 1844 882 1873 bl

88 1890 173 1921 exiit
203 1889 249 1920 (111
277 1889 408 1919 coelum
441 1888 579 1926 arbos),
612 1895 640 1919 et
668 1899 823 1925 praesens
856 1891 889 1918 in

88 1937 270 1971 vaticiniis,
298 1940 330 1965 ut
356 1943 439 1971 quae
463 1944 530 1964 rem
554 1941 804 1973 repraesentent,
832 1945 887 1971 pro

87 1984 196 2013 futuro
221 1983 284 2012 dici
309 1990 406 2017 posse
430 1986 565 2010 constat.
614 1982 657 2009 At
690 1982 796 2016 ipsum
828 1989 889 2010 va-

90 2029 238 2059 ticinium
274 2032 337 2056 tam
369 2030 543 2056 obscurum
579 2031 643 2063 est,
687 2031 718 2055 ut
753 2027 889 2055 Servius

88 2084 151 2104 non
183 2074 356 2108 divinarit,
396 2073 530 2101 Aeneas
563 2076 671 2100 autem
707 2072 890 2106 intelligere

88 2120 227 2156 potuerit
252 2121 341 2148 nullo
366 2120 475 2151 modo,
501 2119 542 2153 is,
568 2118 606 2146 ad
632 2117 726 2146 cuius
753 2122 890 2146 mentem

88 2169 191 2195 verba
233 2166 390 2193 debebant
434 2163 648 2193 accomodari.
698 2165 807 2197 Neque
845 2163 890 2191 ita

88 2213 216 2241 videtur
233 2211 438 2239 intellexisse
455 2210 558 2238 Silius
579 2207 609 2246 4,
627 2205 704 2237 740.
734 2206 762 2236 1.
804 2205 888 2249 Wg.

93 2255 160 2286 Ld.
186 2265 310 2286 mecum
333 2256 486 2286 sentiunt.

176 2333 334 2365 66—80.
382 2331 437 2364 Ad
462 2331 616 2364 Tiberim
641 2330 804 2373 precatio.

136 2390 190 2421 66.
217 2388 361 2427 „Lacus
396 2395 446 2420 est
477 2392 634 2426 quoddam
668 2391 801 2419 latentis
833 2391 892 2419 ad-

89 2441 152 2467 huc
180 2444 284 2473 aquae
313 2439 554 2473 receptaculum
591 2441 619 2466 et
652 2437 758 2466 dictus
794 2433 893 2464 lacus

91 2484 187 2519 quasi
223 2482 373 2519 tamma,
417 2491 459 2512 ex
495 2489 560 2517 qua
599 2490 770 2517 erumpens
805 2489 891 2516 aqua

89 2530 186 2559 efficit
209 2527 362 2566 fontem,
403 2528 458 2563 qui
486 2536 585 2562 quum
617 2528 713 2557 fluere
745 2528 893 2563 coeperit,

91 2573 230 2604 alveum
254 2572 364 2603 facit.“
390 2575 421 2602 S.
455 2575 496 2602 ad
521 2582 554 2602 v.
580 2571 641 2602 74:
687 2575 818 2608 „Lacus
843 2575 891 2602 la-

91 2628 177 2651 cuna
203 2627 340 2655 magna,
375 2620 431 2648 uhi
461 2626 547 2654 aqua
574 2620 732 2649 contineri
757 2617 892 2654 potest.“

90 2668 186 2696 Varr.
218 2667 282 2694 LL.
318 2665 356 2702 5,
396 2663 449 2693 26.
499 2665 553 2694 Sic
587 2662 684 2692 lacus
720 2661 892 2692 Servilius

91 2720 142 2748 ap.
171 2712 236 2741 Cic.
263 2711 336 2739 ΒΑ.
365 2708 424 2747 32,
454 2708 508 2738 89.
558 2711 631 2738 Sen.
656 2710 781 2745 provid.
809 2707 838 2738 3.

139 2755 192 2787 68.
219 2759 337 2786 Preces
356 2761 426 2791 post
441 2756 568 2785 somnia
587 2756 690 2785 factas
708 2755 747 2785 cf.
765 2754 795 2792 3,
817 2752 890 2783 177.

93 2818 132 2824 -—
172 2804 260 2838 Quod
299 2803 387 2831 addit
426 2799 508 2837 rite,
548 2801 779 2838 intelligimus,
828 2808 893 2836 qua

91 2850 217 2879 ratione
264 2850 430 2878 Romanos
464 2847 582 2876 fluv10s
626 2847 781 2877 invocare
815 2855 892 2876 cou-

93 2895 269 2925 sueverint.
310 2910 347 2914 —-
398 2890 534 2922 [tudam
577 2889 618 2921 de
648 2890 816 2931 flumine,
859 2896 892 2920 ut

93 2937 192 2969 homo
217 2938 258 2969 dc
288 2937 386 2979 plebe
419 2939 502 2968 satis
530 2938 652 2967 usitata
683 2938 822 2967 formula
847 2938 893 2966 di-

941 793 1046 825 Solis.
1103 797 1155 825 Ad
1187 795 1350 825 Orientem
1385 795 1576 827 spectabant
1604 790 1741 829 antiqui,

937 843 967 872 si
991 845 1206 878 precabantur
1229 840 1268 870 cf.
1296 837 1355 877 12,
1386 836 1459 867 172.

984 896 1037 927 70.
1066 896 1216 938 effundit
1241 905 1338 927 voces
1363 897 1402 927 cf.
1428 896 1466 932 5,
1499 892 1575 923 482.
1610 909 1649 914 -
1689 889 1740 922 Pl.

935 943 1094 979 improbat
1119 941 1166 972 ad
1198 941 1341 973 aethera
1372 946 1499 978 propter
1533 936 1682 970 aetherii
1707 947 1740 968 v.

938 988 980 1017 68
1009 994 1038 1018 et
1069 990 1151 1019 coni.
1182 991 1321 1028 pectore
1352 989 1454 1017 allato
1488 987 1524 1025 5,
1559 983 1644 1024 452,
1679 992 1741 1020 quo

936 1043 1018 1070 opus
1043 1044 1107 1064 non
1131 1039 1212 1064 erat.

982 1099 1036 1130 71.
1065 1099 1157 1130 unde
1188 1102 1209 1130 i.
1245 1109 1271 1130 e.
1304 1108 1324 1130 a
1353 1101 1490 1138 quibus3
1525 1108 1568 1129 ex
1598 1098 1742 1127 fontibus

936 1148 1021 1176 enim
1048 1155 1171 1176 amnes.
1221 1149 1330 1181 ..Sane
1355 1155 1429 1176 cum
1453 1143 1547 1175 unde
1577 1144 1670 1173 hodie
1701 1144 1742 1171 ad

936 1195 1043 1222 locum
1068 1193 1264 1229 referamus,
1302 1197 1431 1221 veteres
1462 1192 1560 1221 etiam
1593 1189 1743 1225 personis

935 1239 1161 1273 applicabant,
1195 1238 1240 1266 ita
1267 1242 1299 1266 111
1325 1240 1366 1267 ad
1397 1246 1490 1267 omne
1513 1244 1616 1273 genus
1643 1239 1673 1264 et
1700 1236 1742 1263 ad

936 1292 1061 1313 omnem
1081 1292 1250 1312 numerum
1270 1282 1457 1313 referrent.“
1474 1286 1505 1311 S.
1524 1298 1561 1302 -
1579 1281 1632 1310 Sic
1649 1277 1742 1309 unde

935 1334 983 1358 est
1009 1335 1038 1358 et
1065 1338 1086 1358 a
1113 1338 1178 1368 quo
1199 1334 1228 1358 et
1249 1338 1269 1357 a
1294 1327 1439 1368 quibus.-
1463 1337 1566 1363 neque
1582 1327 1743 1363 originem

936 1379 1071 1411 tantum,
1097 1379 1130 1403 ut
1154 1377 1214 1404 hoc
1237 1380 1265 1403 et
1292 1375 1375 1404 locis
1402 1375 1515 1404 allatis
1539 1374 1663 1402 indicat
1684 1373 1741 1401 sed

935 1422 1032 1450 etiam
1060 1428 1214 1450 caussam
1253 1424 1283 1449 et
1319 1425 1494 1457 auctorem,
1528 1421 1621 1448 nulla
1654 1418 1741 1447 enim

935 1467 1061 1495 numeri
1092 1467 1127 1495 in
1157 1467 1311 1495 adverbio
1337 1467 1423 1495 notio
1456 1470 1514 1496 est.
1565 1466 1644 1493 Sall.
1671 1465 1740 1500 lug.

940 1509 978 1540 14
1007 1509 1099 1542 unde
1135 1512 1176 1547 (a
1206 1513 1289 1548 quo)
1323 1510 1467 1542 minime
1499 1508 1633 1546 decuit,
1667 1507 1743 1538 υἰΙα

936 1560 1055 1598 erepta
1090 1560 1149 1587 est.
1197 1559 1264 1588 Cic.
1298 1559 1336 1587 de
1363 1567 1408 1587 or.
1445 1555 1480 1595 1,
1518 1554 1567 1585 15.
1616 1554 1653 1592 2,
1685 1552 1740 1584 87.

935 1605 1006 1633 Ter.
1030 1605 1112 1633 Eun.
1139 1601 1168 1641 1,
1197 1602 1227 1641 2,
1255 1602 1298 1632 34
1329 1601 1485 1633 addebat
1511 1611 1528 1632 e
1551 1598 1743 1643 praedoni-

935 1646 1015 1686 bus,
1040 1647 1134 1678 uncle
1159 1652 1307 1687 emerat,
1337 1657 1372 1678 se
1398 1646 1558 1685 audisse,
1582 1656 1644 1682 quo
1670 1648 1741 1676 loco

936 1692 1030 1724 unde
1059 1700 1105 1724 est
1131 1703 1153 1724 a
1180 1692 1316 1734 quibus,
1346 1699 1379 1724 ut
1407 1696 1482 1724 Hor.
1510 1694 1545 1723 C.
1577 1692 1607 1729 2,
1634 1691 1685 1728 12,
1709 1690 1740 1721 7.

936 1739 967 1777 3,
995 1738 1048 1777 13,
1077 1738 1116 1769 15
1140 1741 1231 1770 alibi.
1281 1742 1336 1770 Sic
1357 1738 1426 1777 ubi,
1449 1741 1534 1775 apud
1558 1747 1639 1775 quos
1659 1740 1740 1767 Sall.

937 1787 971 1815 C.
1005 1784 1058 1815 20.
1095 1795 1180 1826 quo,
1212 1788 1251 1815 ad
1278 1794 1374 1821 quam
1403 1786 1442 1821 5,
1476 1784 1553 1820 489,
1582 1786 1622 1813 ad
1647 1792 1742 1818 quem

937 1833 1032 1861 Caes.
1059 1833 1124 1860 BG.
1141 1832 1171 1864 5,
1206 1830 1257 1867 14,
1284 1837 1312 1861 et
1337 1836 1463 1861 ceterae
1489 1831 1669 1866 particulae
1693 1831 1741 1858 lo-

935 1879 1035 1909 cales.
1062 1882 1093 1906 ut
1118 1874 1199 1906 hinc
1220 1875 1248 1910 1,
1272 1876 1325 1906 21.
1353 1874 1406 1910 10,
1436 1874 1498 1905 145
1521 1874 1601 1905 inde
1625 1875 1655 1911 3,
1676 1873 1741 1902 663

936 1921 983 1952 ibi
1008 1924 1081 1952 Liv.
1114 1922 1140 1959 1,
1166 1921 1208 1951 24
1239 1921 1323 1952 illuc
1347 1925 1423 1953 Τ30.
1449 1924 1491 1952 Α.
1522 1920 1549 1960 1,
1578 1919 1596 1950 3
1627 1921 1666 1951 cf.
1687 1923 1740 1950 Gr.

981 2034 1035 2064 72.
1068 2033 1209 2075 Thybri,
1232 2041 1266 2065 ut
1286 2038 1345 2066 Ov.
1367 2038 1401 2064 F.
1423 2034 1452 2071 3,
1476 2032 1542 2063 524
1565 2035 1742 2065 vocativus

937 2089 1092 2116 graecus;
1121 2086 1152 2110 ut
1174 2079 1276 2110 Alexi
1293 2084 1360 2111 Ecl.
1389 2080 1419 2118 2,
1444 2080 1475 2117 6,
1503 2080 1555 2110 65.
1597 2076 1742 2119 Daphni

936 2127 973 2159 5,
1001 2125 1054 2155 25.
1083 2125 1136 2155 27.
1163 2129 1206 2155 31.
1236 2129 1287 2156 Gr.
1314 2128 1336 2163 g
1363 2125 1422 2163 94,
1457 2127 1487 2155 5.
1523 2142 1560 2146 -
1598 2123 1742 2166 genitor

936 2176 969 2200 ut
993 2173 1071 2200 deus
1099 2169 1132 2207 1,
1159 2170 1235 2200 255.
1264 2187 1302 2191 ——
1337 2180 1410 2200 cum
1430 2169 1583 2210 flumine
1609 2173 1740 2199 sancto.

938 2218 992 2246 Sic
1014 2218 1098 2252 apud
1122 2217 1279 2245 Ennium:
1320 2214 1432 2256 Teque
1452 2219 1554 2256 pater
1582 2213 1742 2244 Tiberine

938 2265 997 2291 tuo
1024 2271 1098 2290 cum
1119 2260 1271 2300 flumine
1298 2263 1418 2289 sancto
1449 2269 1609 2295 veneror,
1643 2261 1682 2290 cf.
1709 2258 1740 2296 9,

938 2306 1004 2337 816
1037 2312 1065 2336 et
1099 2310 1209 2336 Serv.:
1260 2307 1337 2344 „Sic
1376 2307 1463 2335 enim
1501 2307 1673 2335 invocatur
1707 2307 1741 2334 in

939 2354 1104 2389 precibus:
1141 2350 1267 2382 Adesto
1294 2349 1454 2380 'liberine
1476 2360 1552 2380 cum
1581 2349 1651 2380 tuis
1676 2360 1740 2379 un-

940 2397 1005 2428 dis.
1046 2399 1188 2428 Tiberim
1208 2407 1283 2427 vero
1303 2398 1362 2427 alii
1387 2405 1407 2427 a
1427 2406 1501 2434 rege
1523 2397 1740 2433 Aboriginum

939 2446 1058 2474 dictum
1098 2446 1231 2479 volunt,
1270 2444 1325 2479 qui
1361 2444 1455 2472 iuxta
1489 2443 1650 2472 dimicans
1689 2442 1740 2470 in-

940 2495 1114 2526 teremptus
1139 2494 1187 2519 est
1303 2489 1378 2525 alii,
1412 2490 1493 2517 inter
1520 2497 1600 2523 quos
1631 2493 1660 2517 et
1683 2488 1740 2516 Li-

940 2538 1033 2572 vius,
1067 2539 1107 2565 ab
1132 2537 1262 2564 Albano
1289 2544 1380 2572 rege,
1413 2535 1467 2569 qui
1494 2534 1526 2562 in
1553 2543 1625 2563 eum
1656 2533 1740 2563 ceci-

940 2578 1018 2611 dit'.“
1050 2584 1081 2611 S.
1138 2583 1225 2610 Idem
1261 2583 1302 2610 ad
1333 2589 1365 2609 v.
1401 2578 1467 2607 330
1502 2580 1592 2608 Livii
1624 2587 1739 2608 narra-

940 2629 1057 2657 tionem
1084 2627 1246 2663 redarguit
1273 2627 1373 2661 „quia
1397 2626 1495 2655 etiam
1519 2630 1594 2654 ante
1620 2627 1740 2654 Albam

939 2675 1059 2710 Tybris
1079 2674 1183 2702 dictus
1201 2670 1386 2701 invenitur“
1407 2676 1437 2700 et
1456 2673 1526 2706 ipse
1541 2671 1616 2701 facit
1632 2679 1739 2707 regem

940 2721 1134 2754 Tuscorum,
1160 2722 1334 2752 narratque
1359 2718 1428 2746 alia
1453 2719 1570 2754 multa,
1595 2721 1628 2746 ut
1651 2722 1740 2746 certa

939 2766 1053 2800 aliqua
1075 2765 1187 2793 fabula
1212 2764 1379 2792 exstitisse
1405 2771 1469 2792 11011
1493 2763 1652 2792 videatur.

986 2831 1040 2862 73.
1068 2835 1181 2861 arcete
1202 2827 1345 2871 periclis
1366 2815 1444 2866 „pro
1469 2838 1489 2859 a
1509 2839 1559 2860 me
1578 2831 1740 2866 prohibete

940 2878 1118 2916 pe1·icttla.“
1145 2880 1176 2907 S.
1226 2877 1273 2905 Cf.
1301 2873 1337 2910 1,
1363 2873 1415 2904 31.

989 2933 1043 2963 74.
1075 2932 1188 2963 Larus
1213 2933 1415 2962 subterranei
1444 2932 1546 2962 fontes
1570 2934 1657 2962 alere
1683 2941 1741 2968 pu-

93 2987 194 3015 cendi.
244 2985 292 3016 cf.
317 2983 368 3023 11,
393 2982 469 3014 464.
498 3000 535 3005 -
564 2985 725 3024 spectans
747 2980 898 3013 orientia
945 2984 1095 3011 tab-antur
1120 2980 1159 3010 cf.
1184 2982 1219 3008 G.
1248 2977 1285 3016 4,
1314 2976 1390 3007 36⁴.
