2023 3350
700 120 935 154 AENEIDOS
961 122 1048 156 LIB.
1077 123 1118 155 X.
1663 126 1746 165 477

100 233 321 276 Obruitur.
380 233 543 288 Strepit
579 232 762 277 absiduo
801 250 906 279 cava
942 239 1142 292 tempora
1188 237 1349 280 circum

98 292 274 334 Tinnitu
310 292 452 347 galea,
491 295 533 333 et
573 293 689 335 saxis
729 294 870 336 solida
907 308 1011 336 aera
1044 295 1271 349 fatiscunt3

97 350 413 404 Discussaeque
446 348 573 391 iubae
614 351 768 405 capiti3
807 366 886 394 nee
921 352 1082 395 suffieit
1117 353 1247 396 umbo
1662 357 1747 397 810

97 408 278 460 Ictibus;
317 408 583 461 ingeminant
618 409 756 451 hastis
796 414 839 452 et
876 411 1007 453 Troes
1041 415 1082 453 et
1119 412 1212 466 ipse

96 466 343 508 Fulmineus
380 465 639 509 Mnestheus.
699 468 805 510 Tum
844 471 939 510 toto
976 483 1156 523 corpore
1195 468 1327 511 sudor

97 524 297 577 Liquitur
332 527 374 564 et
408 524 576 578 piceum
614 551 671 556 —
709 540 786 568 nec
816 527 1034 580 respirare
1069 531 1260 581 potestas
1291 553 1348 558 —-

96 582 273 624 Flumen
308 581 420 635 agit3
457 581 592 624 fessos
634 585 777 638 quatit
818 599 946 638 aeger
984 585 1198 627 anhelitus
1234 589 1369 627 artus.

95 639 199 680 Tum
237 639 409 681 demum
444 655 652 694 praeceps
684 642 798 684 saltu
834 656 925 684 sese
965 643 1161 685 omnibus
1201 644 1334 686 armis
1661 645 1744 684 815

92 697 143 738 In
180 696 358 738 fluvium
390 697 519 740 dedit.
585 699 665 742 Ille
699 715 775 742 suo
811 714 907 742 eum
945 701 1116 755 gurgite
1152 701 1263 743 flavo

91 755 272 808 Accepit
309 756 548 798 venientem
582 771 633 800 ae
671 758 873 800 mollibus
910 759 1066 800 extulit
1105 760 1244 812 undis,

91 812 149 854 Et
180 813 343 855 laetum
381 815 510 857 sociis
546 815 695 859 abluta
730 817 861 859 caede
900 817 1076 859 remisit.

135 930 214 962 809.
241 930 356 963 solida
388 942 473 963 aera
504 932 702 973 fatiscunt.-
732 937 893 973 gravibus
985 933 1062 965 817.
1091 933 1254 965 mollibus
1276 932 1392 974 undis,
1414 937 1556 966 molliter
1578 937 1720 966 deduxit.

88 979 208 1009 ictibus
231 982 327 1017 galea
351 981 453 1010 rimas
480 982 557 1018 agit.
607 982 646 1011 cf.
676 981 704 1019 l,
733 981 806 1012 123.
986 980 1063 1011 818.
1090 979 1211 1011 abluta
1239 979 1345 1011 caede
1364 983 1384 1011 i.
1409 991 1436 1011 e.
1460 983 1621 1020 sanguine
1647 985 1745 1013 caede

135 1024 213 1056 81⁰.
241 1026 344 1056 umbo
369 1027 453 1057 scuti
475 1032 509 1056 ut
536 1025 567 1065 7,
594 1025 670 1057 6:33.
939 1027 1034 1057 facto.
1063 1043 1101 1047 —
1133 1026 1276 1064 laetum,
1308 1030 1391 1063 quod
1417 1034 1570 1058 servatus
1592 1033 1649 1058 est.

135 1070 212 1102 811.
243 1070 599 1113 Ingeminnnthastis
612 1074 634 1103 i.
653 1083 680 1104 e.
697 1075 776 1104 aliis
795 1083 894 1110 super
986 1075 1100 1103 Rutuli
1128 1076 1218 1103 vallo
1245 1075 1374 1104 exclusi
1398 1083 1460 1103 non
1487 1080 1623 1110 possunt
1648 1076 1683 1104 vi
1709 1076 1744 1105 in

88 1120 176 1148 alias
200 1119 314 1148 missis
341 1120 379 1149 cf.
410 1117 438 1154 1,
464 1117 540 1149 747.
940 1125 1050 1149 castra
1093 1120 1251 1149 invadere
1299 1129 1402 1156 neque
1449 1123 1612 1151 auxillum
1660 1122 1744 1152 ferre

133 1163 212 1194 813.
238 1166 314 1194 Val.
342 1167 388 1195 Fl.
418 1164 448 1201 3,
470 1164 536 1194 576
568 1163 654 1195 Tum
670 1174 752 1195 vero
776 1164 894 1206 pallor
940 1167 1059 1195 Turno.
1123 1168 1202 1195 Sunt
1241 1167 1328 1195 enim
1362 1168 1497 1196 Troiani
1536 1169 1591 1203 qui
1632 1174 1744 1197 castra

88 1213 121 1241 et
146 1220 268 1241 amens
296 1221 369 1240 cum
396 1210 495 1252 piceo
524 1210 649 1241 sudore
670 1210 782 1253 rigor.
939 1212 1127 1249 defendant,
1158 1221 1263 1247 neque
1289 1221 1418 1248 omnes,
1446 1218 1480 1242 ut
1501 1223 1543 1243 ex
1567 1215 1643 1250 ipsa
1666 1222 1743 1244 nar-

132 1256 210 1288 814.
238 1256 318 1300 agit
333 1256 481 1298 flumen,
509 1263 541 1287 ut
571 1266 679 1300 agere
718 1255 891 1299 gemitum
938 1259 1065 1288 ratione
1087 1263 1239 1295 apparet,
1276 1263 1389 1288 contra
1418 1260 1561 1289 Turnum
1587 1266 1742 1297 pugnant.

88 1302 119 1341 6,
146 1302 224 1334 874,
938 1305 1052 1333 Rutuli
1077 1305 1175 1341 igitur
1199 1306 1232 1333 in
1264 1307 1479 1342 oppugnando
1505 1312 1658 1343 pergunt,
1686 1309 1743 1336 sed

132 1349 210 1380 815.
237 1347 396 1380 omnibus
423 1347 531 1380 armis
559 1351 598 1380 cf.
625 1348 701 1379 686.
938 1352 1022 1385 quod
1048 1351 1128 1379 nillil
1151 1352 1191 1380 ad
1208 1352 1414 1380 liberandum
1433 1352 1600 1382 conferunt
1617 1355 1742 1393 ducem,

131 1394 210 1427 816.
237 1405 313 1426 cum
339 1395 506 1437 gurgite.-
540 1397 610 1433 ipse
644 1398 723 1425 deus
757 1396 892 1431 eiusque
938 1397 1045 1426 omnis
1069 1405 1179 1426 eorum
1201 1405 1301 1433 opera
1324 1398 1451 1427 siletur.

85 1444 212 1482 flumen,
240 1444 286 1472 ita
310 1440 342 1480 8,
368 1440 422 1472 72.
