<?xml version="1.0" encoding="UTF-8"?>
<!DOCTYPE html PUBLIC "-//W3C//DTD XHTML 1.0 Transitional//EN"
    "http://www.w3.org/TR/xhtml1/DTD/xhtml1-transitional.dtd">
<html xmlns="http://www.w3.org/1999/xhtml" xml:lang="en" lang="en">
 <head>
  <title>
</title>
<meta http-equiv="Content-Type" content="text/html;charset=utf-8" />
  <meta name='ocr-system' content='tesseract 3.04.00' />
  <meta name='ocr-capabilities' content='ocr_page ocr_carea ocr_par ocr_line ocrx_word'/>
</head>
<body>
  <div class='ocr_page' id='page_1' title='image "aeneisvi00virguoft_0414.png"; bbox 0 0 2023 3350; ppageno 0'>
   <div class='ocr_carea' id='block_1_1' title="bbox 292 137 375 177">
    <p class='ocr_par' dir='ltr' id='par_1_1' title="bbox 292 137 375 177">
     <span class='ocr_line' id='line_1_1' title="bbox 292 137 375 177; baseline 0 0"><span class='ocrx_word' id='word_1_1' title='bbox 292 137 375 177; x_wconf 75' lang='lat'>388</span> 
     </span>
    </p>
   </div>
   <div class='ocr_carea' id='block_1_2' title="bbox 859 132 1363 166">
    <p class='ocr_par' dir='ltr' id='par_1_2' title="bbox 859 132 1363 166">
     <span class='ocr_line' id='line_1_2' title="bbox 859 132 1363 166; baseline 0.002 -2"><span class='ocrx_word' id='word_1_2' title='bbox 859 133 896 164; x_wconf 89' lang='lat' dir='ltr'>P.</span> <span class='ocrx_word' id='word_1_3' title='bbox 923 132 1120 165; x_wconf 83' lang='lat' dir='ltr'>VIRGILI!</span> <span class='ocrx_word' id='word_1_4' title='bbox 1149 132 1363 166; x_wconf 76' lang='lat' dir='ltr'>MARONJS</span> 
     </span>
    </p>
   </div>
   <div class='ocr_carea' id='block_1_3' title="bbox 292 243 1486 357">
    <p class='ocr_par' dir='ltr' id='par_1_3' title="bbox 292 243 1486 357">
     <span class='ocr_line' id='line_1_3' title="bbox 292 243 1486 301; baseline -0.001 -11"><span class='ocrx_word' id='word_1_5' title='bbox 292 248 390 290; x_wconf 83' lang='lat' dir='ltr'>Sole</span> <span class='ocrx_word' id='word_1_6' title='bbox 429 258 726 300; x_wconf 88' lang='lat' dir='ltr'>repercussum</span> <span class='ocrx_word' id='word_1_7' title='bbox 759 247 836 286; x_wconf 87' lang='lat' dir='ltr'>aut</span> <span class='ocrx_word' id='word_1_8' title='bbox 869 243 1082 286; x_wconf 84' lang='lat' dir='ltr'>radiantis</span> <span class='ocrx_word' id='word_1_9' title='bbox 1116 246 1305 301; x_wconf 81' lang='lat' dir='ltr'>imagine</span> <span class='ocrx_word' id='word_1_10' title='bbox 1340 247 1486 289; x_wconf 89' lang='lat' dir='ltr'>Lunae</span> 
     </span>
     <span class='ocr_line' id='line_1_4' title="bbox 293 301 1474 357; baseline 0 -11"><span class='ocrx_word' id='word_1_11' title='bbox 293 304 447 346; x_wconf 84' lang='lat' dir='ltr'>Omnia</span> <span class='ocrx_word' id='word_1_12' title='bbox 481 302 715 357; x_wconf 75' lang='lat' dir='ltr'>pervolitat</span> <span class='ocrx_word' id='word_1_13' title='bbox 748 301 836 343; x_wconf 91' lang='lat' dir='ltr'>late</span> <span class='ocrx_word' id='word_1_14' title='bbox 873 302 989 353; x_wconf 86' lang='lat' dir='ltr'>loca,</span> <span class='ocrx_word' id='word_1_15' title='bbox 1023 302 1196 356; x_wconf 90' lang='lat' dir='ltr'>iamque</span> <span class='ocrx_word' id='word_1_16' title='bbox 1230 304 1309 346; x_wconf 90' lang='lat' dir='ltr'>sub</span> <span class='ocrx_word' id='word_1_17' title='bbox 1345 319 1474 347; x_wconf 88' lang='lat' dir='ltr'>auras</span> 
     </span>
    </p>
   </div>
   <div class='ocr_carea' id='block_1_4' title="bbox 293 359 1309 414">
    <p class='ocr_par' dir='ltr' id='par_1_4' title="bbox 293 359 1309 414">
     <span class='ocr_line' id='line_1_5' title="bbox 293 359 1309 414; baseline 0 -11"><span class='ocrx_word' id='word_1_18' title='bbox 293 361 488 414; x_wconf 82' lang='lat' dir='ltr'>Erigitur</span> <span class='ocrx_word' id='word_1_19' title='bbox 520 360 762 413; x_wconf 79' lang='lat' dir='ltr'>summique</span> <span class='ocrx_word' id='word_1_20' title='bbox 792 359 896 401; x_wconf 85' lang='lat' dir='ltr'>ferit</span> <span class='ocrx_word' id='word_1_21' title='bbox 932 359 1157 412; x_wconf 78' lang='lat' dir='ltr'>laquearia</span> <span class='ocrx_word' id='word_1_22' title='bbox 1192 363 1309 403; x_wconf 89' lang='lat' dir='ltr'>tecti.</span> 
     </span>
    </p>
   </div>
   <div class='ocr_carea' id='block_1_5' title="bbox 292 416 1551 642">
    <p class='ocr_par' dir='ltr' id='par_1_5' title="bbox 292 416 1551 642">
     <span class='ocr_line' id='line_1_6' title="bbox 292 416 1483 472; baseline -0.001 -12"><span class='ocrx_word' id='word_1_23' title='bbox 292 420 388 460; x_wconf 78' lang='lat' dir='ltr'>Nox</span> <span class='ocrx_word' id='word_1_24' title='bbox 423 420 537 469; x_wconf 83' lang='lat' dir='ltr'>erat,</span> <span class='ocrx_word' id='word_1_25' title='bbox 574 420 617 458; x_wconf 92' lang='lat' dir='ltr'>et</span> <span class='ocrx_word' id='word_1_26' title='bbox 651 421 792 458; x_wconf 84' lang='lat' dir='ltr'>terras</span> <span class='ocrx_word' id='word_1_27' title='bbox 828 416 1033 458; x_wconf 83' lang='lat' dir='ltr'>animalia</span> <span class='ocrx_word' id='word_1_28' title='bbox 1069 416 1184 459; x_wconf 85' lang='lat' dir='ltr'>fessa</span> <span class='ocrx_word' id='word_1_29' title='bbox 1218 432 1297 472; x_wconf 88' lang='lat' dir='ltr'>per</span> <span class='ocrx_word' id='word_1_30' title='bbox 1335 432 1483 460; x_wconf 86' lang='lat' dir='ltr'>omnes</span> 
     </span>
     <span class='ocr_line' id='line_1_7' title="bbox 292 474 1551 528; baseline 0 -11"><span class='ocrx_word' id='word_1_31' title='bbox 292 476 487 517; x_wconf 82' lang='lat' dir='ltr'>Alituum</span> <span class='ocrx_word' id='word_1_32' title='bbox 523 474 821 528; x_wconf 85' lang='lat' dir='ltr'>pecudumque</span> <span class='ocrx_word' id='word_1_33' title='bbox 859 487 992 528; x_wconf 85' lang='lat' dir='ltr'>genus</span> <span class='ocrx_word' id='word_1_34' title='bbox 1026 487 1158 528; x_wconf 91' lang='lat' dir='ltr'>sopor</span> <span class='ocrx_word' id='word_1_35' title='bbox 1192 476 1306 517; x_wconf 84' lang='lat' dir='ltr'>altus</span> <span class='ocrx_word' id='word_1_36' title='bbox 1339 475 1551 517; x_wconf 86' lang='lat' dir='ltr'>habebat:</span> 
     </span>
     <span class='ocr_line' id='line_1_8' title="bbox 294 531 1529 586; baseline 0.001 -12"><span class='ocrx_word' id='word_1_37' title='bbox 294 534 433 584; x_wconf 81' lang='lat' dir='ltr'>Quum</span> <span class='ocrx_word' id='word_1_38' title='bbox 465 536 591 586; x_wconf 87' lang='lat' dir='ltr'>pater</span> <span class='ocrx_word' id='word_1_39' title='bbox 628 532 673 572; x_wconf 93' lang='lat' dir='ltr'>in</span> <span class='ocrx_word' id='word_1_40' title='bbox 713 532 809 584; x_wconf 84' lang='lat' dir='ltr'>ripa</span> <span class='ocrx_word' id='word_1_41' title='bbox 850 531 1066 585; x_wconf 84' lang='lat' dir='ltr'>gelidique</span> <span class='ocrx_word' id='word_1_42' title='bbox 1103 531 1184 574; x_wconf 90' lang='lat' dir='ltr'>sub</span> <span class='ocrx_word' id='word_1_43' title='bbox 1223 533 1410 575; x_wconf 87' lang='lat' dir='ltr'>aetheris</span> <span class='ocrx_word' id='word_1_44' title='bbox 1449 547 1529 574; x_wconf 79' lang='lat' dir='ltr'>axe</span> 
     </span>
     <span class='ocr_line' id='line_1_9' title="bbox 292 589 1245 642; baseline -0.002 -10"><span class='ocrx_word' id='word_1_45' title='bbox 292 592 478 641; x_wconf 78' lang='lat' dir='ltr'>Aeneas,</span> <span class='ocrx_word' id='word_1_46' title='bbox 515 589 633 630; x_wconf 84' lang='lat' dir='ltr'>tristi</span> <span class='ocrx_word' id='word_1_47' title='bbox 666 589 869 630; x_wconf 82' lang='lat' dir='ltr'>turbatus</span> <span class='ocrx_word' id='word_1_48' title='bbox 906 593 1086 642; x_wconf 78' lang='lat' dir='ltr'>pectora</span> <span class='ocrx_word' id='word_1_49' title='bbox 1118 589 1245 641; x_wconf 88' lang='lat' dir='ltr'>bello,</span> 
     </span>
    </p>
   </div>
   <div class='ocr_carea' id='block_1_6' title="bbox 293 646 1537 700">
    <p class='ocr_par' dir='ltr' id='par_1_6' title="bbox 293 646 1537 700">
     <span class='ocr_line' id='line_1_10' title="bbox 293 646 1537 700; baseline -0.002 -10"><span class='ocrx_word' id='word_1_50' title='bbox 293 647 550 698; x_wconf 85' lang='lat' dir='ltr'>Procubuit,</span> <span class='ocrx_word' id='word_1_51' title='bbox 587 659 816 699; x_wconf 87' lang='lat' dir='ltr'>seramque</span> <span class='ocrx_word' id='word_1_52' title='bbox 848 646 968 687; x_wconf 86' lang='lat' dir='ltr'>dedit</span> <span class='ocrx_word' id='word_1_53' title='bbox 1000 660 1078 700; x_wconf 90' lang='lat' dir='ltr'>per</span> <span class='ocrx_word' id='word_1_54' title='bbox 1109 646 1304 688; x_wconf 87' lang='lat' dir='ltr'>membra</span> <span class='ocrx_word' id='word_1_55' title='bbox 1338 646 1537 700; x_wconf 89' lang='lat' dir='ltr'>quietem.</span> 
     </span>
    </p>
   </div>
   <div class='ocr_carea' id='block_1_7' title="bbox 1887 645 1940 684">
    <p class='ocr_par' dir='ltr' id='par_1_7' title="bbox 1887 645 1940 684">
     <span class='ocr_line' id='line_1_11' title="bbox 1887 645 1940 684; baseline -0.019 0"><span class='ocrx_word' id='word_1_56' title='bbox 1887 645 1940 684; x_wconf 84' lang='lat'>30</span> 
     </span>
    </p>
   </div>
   <div class='ocr_carea' id='block_1_8' title="bbox 293 703 1453 930">
    <p class='ocr_par' dir='ltr' id='par_1_8' title="bbox 293 703 1453 930">
     <span class='ocr_line' id='line_1_12' title="bbox 294 703 1435 757; baseline -0.001 -10"><span class='ocrx_word' id='word_1_57' title='bbox 294 706 406 747; x_wconf 89' lang='lat' dir='ltr'>Huic</span> <span class='ocrx_word' id='word_1_58' title='bbox 445 704 549 746; x_wconf 88' lang='lat' dir='ltr'>deus</span> <span class='ocrx_word' id='word_1_59' title='bbox 583 703 677 757; x_wconf 90' lang='lat' dir='ltr'>ipse</span> <span class='ocrx_word' id='word_1_60' title='bbox 715 703 801 744; x_wconf 92' lang='lat' dir='ltr'>loci</span> <span class='ocrx_word' id='word_1_61' title='bbox 831 703 960 745; x_wconf 87' lang='lat' dir='ltr'>fluvio</span> <span class='ocrx_word' id='word_1_62' title='bbox 1002 703 1226 746; x_wconf 87' lang='lat' dir='ltr'>Tiberinus</span> <span class='ocrx_word' id='word_1_63' title='bbox 1257 718 1435 746; x_wconf 88' lang='lat' dir='ltr'>amoeno</span> 
     </span>
     <span class='ocr_line' id='line_1_13' title="bbox 293 761 1353 816; baseline -0.002 -12"><span class='ocrx_word' id='word_1_64' title='bbox 293 761 507 816; x_wconf 88' lang='lat' dir='ltr'>Populeas</span> <span class='ocrx_word' id='word_1_65' title='bbox 535 761 649 803; x_wconf 89' lang='lat' dir='ltr'>inter</span> <span class='ocrx_word' id='word_1_66' title='bbox 684 761 827 802; x_wconf 84' lang='lat' dir='ltr'>senior</span> <span class='ocrx_word' id='word_1_67' title='bbox 866 774 910 802; x_wconf 82' lang='lat' dir='ltr'>se</span> <span class='ocrx_word' id='word_1_68' title='bbox 944 762 1147 803; x_wconf 80' lang='lat' dir='ltr'>attollere</span> <span class='ocrx_word' id='word_1_69' title='bbox 1177 761 1353 803; x_wconf 84' lang='lat' dir='ltr'>frondes</span> 
     </span>
     <span class='ocr_line' id='line_1_14' title="bbox 293 818 1342 872; baseline -0.002 -10"><span class='ocrx_word' id='word_1_70' title='bbox 293 821 441 872; x_wconf 83' lang='lat' dir='ltr'>Visus3</span> <span class='ocrx_word' id='word_1_71' title='bbox 478 832 574 861; x_wconf 88' lang='lat' dir='ltr'>eum</span> <span class='ocrx_word' id='word_1_72' title='bbox 607 818 749 860; x_wconf 90' lang='lat' dir='ltr'>tenuis</span> <span class='ocrx_word' id='word_1_73' title='bbox 789 818 942 872; x_wconf 81' lang='lat' dir='ltr'>glauco</span> <span class='ocrx_word' id='word_1_74' title='bbox 975 819 1150 861; x_wconf 70' lang='lat' dir='ltr'>velabat</span> <span class='ocrx_word' id='word_1_75' title='bbox 1181 820 1342 860; x_wconf 87' lang='lat' dir='ltr'>amictu</span> 
     </span>
     <span class='ocr_line' id='line_1_15' title="bbox 296 875 1453 930; baseline -0.002 -10"><span class='ocrx_word' id='word_1_76' title='bbox 296 877 533 928; x_wconf 87' lang='lat' dir='ltr'>Carbasus,</span> <span class='ocrx_word' id='word_1_77' title='bbox 573 879 616 918; x_wconf 90' lang='lat' dir='ltr'>et</span> <span class='ocrx_word' id='word_1_78' title='bbox 650 876 789 917; x_wconf 87' lang='lat' dir='ltr'>crines</span> <span class='ocrx_word' id='word_1_79' title='bbox 820 875 1027 918; x_wconf 85' lang='lat' dir='ltr'>umbrosa</span> <span class='ocrx_word' id='word_1_80' title='bbox 1057 876 1234 930; x_wconf 81' lang='lat' dir='ltr'>tegebat</span> <span class='ocrx_word' id='word_1_81' title='bbox 1266 875 1453 928; x_wconf 82' lang='lat' dir='ltr'>arundo3</span> 
     </span>
    </p>
   </div>
   <div class='ocr_carea' id='block_1_9' title="bbox 256 933 1429 977">
    <p class='ocr_par' dir='ltr' id='par_1_9' title="bbox 256 933 1429 977">
     <span class='ocr_line' id='line_1_16' title="bbox 256 933 1429 977; baseline -0.002 0"><span class='ocrx_word' id='word_1_82' title='bbox 256 939 262 947; x_wconf 64' lang='lat'><strong>⁶</strong></span> <span class='ocrx_word' id='word_1_83' title='bbox 294 935 402 977; x_wconf 88' lang='lat' dir='ltr'>Tum</span> <span class='ocrx_word' id='word_1_84' title='bbox 438 935 499 976; x_wconf 85' lang='lat' dir='ltr'>sic</span> <span class='ocrx_word' id='word_1_85' title='bbox 539 933 682 975; x_wconf 86' lang='lat' dir='ltr'>adfari</span> <span class='ocrx_word' id='word_1_86' title='bbox 722 937 766 974; x_wconf 90' lang='lat' dir='ltr'>et</span> <span class='ocrx_word' id='word_1_87' title='bbox 801 947 928 974; x_wconf 85' lang='lat' dir='ltr'>curas</span> <span class='ocrx_word' id='word_1_88' title='bbox 966 933 1033 975; x_wconf 90' lang='lat' dir='ltr'>his</span> <span class='ocrx_word' id='word_1_89' title='bbox 1073 934 1245 976; x_wconf 90' lang='lat' dir='ltr'>demere</span> <span class='ocrx_word' id='word_1_90' title='bbox 1279 933 1429 975; x_wconf 86' lang='lat' dir='ltr'>dictis:</span> 
     </span>
    </p>
   </div>
   <div class='ocr_carea' id='block_1_10' title="bbox 295 988 1715 1215">
    <p class='ocr_par' dir='ltr' id='par_1_10' title="bbox 295 988 1715 1160">
     <span class='ocr_line' id='line_1_17' title="bbox 412 988 1715 1044; baseline -0.003 -11"><span class='ocrx_word' id='word_1_91' title='bbox 412 991 446 1033; x_wconf 91' lang='lat' dir='ltr'>O</span> <span class='ocrx_word' id='word_1_92' title='bbox 484 994 578 1032; x_wconf 88' lang='lat' dir='ltr'>sate</span> <span class='ocrx_word' id='word_1_93' title='bbox 615 994 741 1044; x_wconf 87' lang='lat' dir='ltr'>gente</span> <span class='ocrx_word' id='word_1_94' title='bbox 781 990 929 1042; x_wconf 89' lang='lat' dir='ltr'>deum,</span> <span class='ocrx_word' id='word_1_95' title='bbox 965 991 1198 1033; x_wconf 85' lang='lat' dir='ltr'>Troianam</span> <span class='ocrx_word' id='word_1_96' title='bbox 1240 1005 1292 1033; x_wconf 82' lang='lat' dir='ltr'>ex</span> <span class='ocrx_word' id='word_1_97' title='bbox 1328 990 1525 1032; x_wconf 84' lang='lat' dir='ltr'>hostibus</span> <span class='ocrx_word' id='word_1_98' title='bbox 1563 988 1715 1030; x_wconf 87' lang='lat' dir='ltr'>urbem</span> 
     </span>
     <span class='ocr_line' id='line_1_18' title="bbox 295 1048 1470 1103; baseline 0 -13"><span class='ocrx_word' id='word_1_99' title='bbox 295 1049 378 1100; x_wconf 84' lang='lat' dir='ltr'>Qui</span> <span class='ocrx_word' id='word_1_100' title='bbox 412 1048 579 1090; x_wconf 81' lang='lat' dir='ltr'>revehis</span> <span class='ocrx_word' id='word_1_101' title='bbox 612 1048 736 1090; x_wconf 90' lang='lat' dir='ltr'>nobis</span> <span class='ocrx_word' id='word_1_102' title='bbox 771 1052 1035 1102; x_wconf 83' lang='lat' dir='ltr'>aeternaque</span> <span class='ocrx_word' id='word_1_103' title='bbox 1069 1049 1278 1103; x_wconf 86' lang='lat' dir='ltr'>Pergama</span> <span class='ocrx_word' id='word_1_104' title='bbox 1313 1063 1470 1100; x_wconf 87' lang='lat' dir='ltr'>servas,</span> 
     </span>
     <span class='ocr_line' id='line_1_19' title="bbox 295 1105 1361 1160; baseline 0 -13"><span class='ocrx_word' id='word_1_105' title='bbox 295 1108 536 1160; x_wconf 76' lang='lat' dir='ltr'>Expectate</span> <span class='ocrx_word' id='word_1_106' title='bbox 571 1106 663 1147; x_wconf 91' lang='lat' dir='ltr'>solo</span> <span class='ocrx_word' id='word_1_107' title='bbox 703 1105 909 1147; x_wconf 82' lang='lat' dir='ltr'>Laurenti</span> <span class='ocrx_word' id='word_1_108' title='bbox 949 1106 1149 1160; x_wconf 68' lang='lat' dir='ltr'>arvisque</span> <span class='ocrx_word' id='word_1_109' title='bbox 1182 1107 1361 1158; x_wconf 87' lang='lat' dir='ltr'>Latinis,</span> 
     </span>
    </p>

    <p class='ocr_par' dir='ltr' id='par_1_11' title="bbox 296 1162 1585 1215">
     <span class='ocr_line' id='line_1_20' title="bbox 296 1162 1585 1215; baseline -0.002 -10"><span class='ocrx_word' id='word_1_110' title='bbox 296 1164 378 1205; x_wconf 91' lang='lat' dir='ltr'>Hic</span> <span class='ocrx_word' id='word_1_111' title='bbox 413 1163 496 1205; x_wconf 88' lang='lat' dir='ltr'>tibi</span> <span class='ocrx_word' id='word_1_112' title='bbox 529 1166 649 1204; x_wconf 89' lang='lat' dir='ltr'>certa</span> <span class='ocrx_word' id='word_1_113' title='bbox 687 1162 859 1214; x_wconf 82' lang='lat' dir='ltr'>domuS,</span> <span class='ocrx_word' id='word_1_114' title='bbox 899 1164 1026 1215; x_wconf 88' lang='lat' dir='ltr'>certi,</span> <span class='ocrx_word' id='word_1_115' title='bbox 1071 1178 1124 1205; x_wconf 93' lang='lat' dir='ltr'>ne</span> <span class='ocrx_word' id='word_1_116' title='bbox 1165 1164 1345 1215; x_wconf 88' lang='lat' dir='ltr'>absiste,</span> <span class='ocrx_word' id='word_1_117' title='bbox 1382 1163 1585 1213; x_wconf 84' lang='lat' dir='ltr'>Penates;</span> 
     </span>
    </p>
   </div>
   <div class='ocr_carea' id='block_1_11' title="bbox 295 1220 898 1321">
    <p class='ocr_par' dir='ltr' id='par_1_12' title="bbox 295 1220 898 1321">
     <span class='ocr_line' id='line_1_21' title="bbox 295 1220 898 1264; baseline -0.005 -1"><span class='ocrx_word' id='word_1_118' title='bbox 295 1222 391 1264; x_wconf 85' lang='lat' dir='ltr'>Neu</span> <span class='ocrx_word' id='word_1_119' title='bbox 422 1220 527 1262; x_wconf 87' lang='lat' dir='ltr'>belli</span> <span class='ocrx_word' id='word_1_120' title='bbox 558 1224 724 1261; x_wconf 90' lang='lat' dir='ltr'>terrere</span> <span class='ocrx_word' id='word_1_121' title='bbox 760 1220 898 1261; x_wconf 89' lang='lat' dir='ltr'>minis.</span> 
     </span>
     <span class='ocr_line' id='line_1_22' title="bbox 298 1277 728 1321; baseline -0.007 -1"><span class='ocrx_word' id='word_1_122' title='bbox 298 1280 555 1321; x_wconf 85' lang='lat' dir='ltr'>Concessere</span> <span class='ocrx_word' id='word_1_123' title='bbox 592 1277 728 1318; x_wconf 87' lang='lat' dir='ltr'>deum.</span> 
     </span>
    </p>
   </div>
   <div class='ocr_carea' id='block_1_12' title="bbox 959 1220 1499 1263">
    <p class='ocr_par' dir='ltr' id='par_1_13' title="bbox 959 1220 1499 1263">
     <span class='ocr_line' id='line_1_23' title="bbox 959 1220 1499 1263; baseline -0.002 -1"><span class='ocrx_word' id='word_1_124' title='bbox 959 1220 1116 1262; x_wconf 91' lang='lat' dir='ltr'>Tumor</span> <span class='ocrx_word' id='word_1_125' title='bbox 1152 1222 1290 1263; x_wconf 87' lang='lat' dir='ltr'>omnis</span> <span class='ocrx_word' id='word_1_126' title='bbox 1331 1224 1374 1262; x_wconf 93' lang='lat' dir='ltr'>et</span> <span class='ocrx_word' id='word_1_127' title='bbox 1406 1221 1499 1261; x_wconf 88' lang='lat' dir='ltr'>irae</span> 
     </span>
    </p>
   </div>
   <div class='ocr_carea' id='block_1_13' title="bbox 1887 1220 1942 1259">
    <p class='ocr_par' dir='ltr' id='par_1_14' title="bbox 1887 1220 1942 1259">
     <span class='ocr_line' id='line_1_24' title="bbox 1887 1220 1942 1259; baseline 0 0"><span class='ocrx_word' id='word_1_128' title='bbox 1887 1220 1942 1259; x_wconf 85' lang='lat'>40</span> 
     </span>
    </p>
   </div>
   <div class='ocr_carea' id='block_1_14' title="bbox 296 1334 1588 1391">
    <p class='ocr_par' dir='ltr' id='par_1_15' title="bbox 296 1334 1588 1391">
     <span class='ocr_line' id='line_1_25' title="bbox 296 1334 1588 1391; baseline -0.004 -12"><span class='ocrx_word' id='word_1_129' title='bbox 296 1337 474 1391; x_wconf 81' lang='lat' dir='ltr'>Iamque</span> <span class='ocrx_word' id='word_1_130' title='bbox 509 1334 611 1387; x_wconf 85' lang='lat' dir='ltr'>tibi,</span> <span class='ocrx_word' id='word_1_131' title='bbox 646 1348 699 1376; x_wconf 89' lang='lat' dir='ltr'>ne</span> <span class='ocrx_word' id='word_1_132' title='bbox 733 1346 844 1375; x_wconf 86' lang='lat' dir='ltr'>vana</span> <span class='ocrx_word' id='word_1_133' title='bbox 882 1336 1008 1388; x_wconf 89' lang='lat' dir='ltr'>putes</span> <span class='ocrx_word' id='word_1_134' title='bbox 1046 1334 1153 1377; x_wconf 90' lang='lat' dir='ltr'>haec</span> <span class='ocrx_word' id='word_1_135' title='bbox 1187 1334 1346 1389; x_wconf 86' lang='lat' dir='ltr'>fingere</span> <span class='ocrx_word' id='word_1_136' title='bbox 1383 1347 1588 1385; x_wconf 88' lang='lat' dir='ltr'>somnum,</span> 
     </span>
    </p>
   </div>
   <div class='ocr_carea' id='block_1_15' title="bbox 297 1473 1103 3054">
    <p class='ocr_par' dir='ltr' id='par_1_16' title="bbox 297 1473 1097 1553">
     <span class='ocr_line' id='line_1_26' title="bbox 345 1473 1097 1518; baseline -0.003 -12"><span class='ocrx_word' id='word_1_137' title='bbox 345 1475 398 1506; x_wconf 87' lang='lat'>23.</span> <span class='ocrx_word' id='word_1_138' title='bbox 424 1484 624 1518; x_wconf 84' lang='lat' dir='ltr'>repercusso</span> <span class='ocrx_word' id='word_1_139' title='bbox 657 1476 739 1507; x_wconf 87' lang='lat' dir='ltr'>coni.</span> <span class='ocrx_word' id='word_1_140' title='bbox 775 1473 835 1514; x_wconf 88' lang='lat' dir='ltr'>Hs.</span> <span class='ocrx_word' id='word_1_141' title='bbox 867 1484 929 1505; x_wconf 89' lang='lat' dir='ltr'>rec.</span> <span class='ocrx_word' id='word_1_142' title='bbox 965 1473 1028 1505; x_wconf 78' lang='lat' dir='ltr'>Rb.</span> <span class='ocrx_word' id='word_1_143' title='bbox 1064 1476 1097 1504; x_wconf 89' lang='lat' dir='ltr'>in</span> 
     </span>
     <span class='ocr_line' id='line_1_27' title="bbox 297 1523 450 1553; baseline -0.013 0"><span class='ocrx_word' id='word_1_144' title='bbox 297 1525 345 1553; x_wconf 76' lang='lat' dir='ltr'>etl.</span> <span class='ocrx_word' id='word_1_145' title='bbox 372 1523 450 1552; x_wconf 90' lang='lat' dir='ltr'>min.</span> 
     </span>
    </p>

    <p class='ocr_par' dir='ltr' id='par_1_17' title="bbox 344 1564 1095 1605">
     <span class='ocr_line' id='line_1_28' title="bbox 344 1564 1095 1605; baseline -0.004 -8"><span class='ocrx_word' id='word_1_146' title='bbox 344 1567 398 1597; x_wconf 74' lang='lat'>24.</span> <span class='ocrx_word' id='word_1_147' title='bbox 429 1565 500 1596; x_wconf 77' lang='lat' dir='ltr'>Sub</span> <span class='ocrx_word' id='word_1_148' title='bbox 524 1574 634 1596; x_wconf 85' lang='lat' dir='ltr'>auras</span> <span class='ocrx_word' id='word_1_149' title='bbox 653 1571 702 1596; x_wconf 86' lang='lat' dir='ltr'>est</span> <span class='ocrx_word' id='word_1_150' title='bbox 729 1574 880 1602; x_wconf 79' lang='lat' dir='ltr'>sursum,</span> <span class='ocrx_word' id='word_1_151' title='bbox 905 1567 944 1596; x_wconf 82' lang='lat' dir='ltr'>cf.</span> <span class='ocrx_word' id='word_1_152' title='bbox 969 1565 999 1605; x_wconf 88' lang='lat'>3,</span> <span class='ocrx_word' id='word_1_153' title='bbox 1019 1564 1095 1595; x_wconf 82' lang='lat'>422.</span> 
     </span>
    </p>

    <p class='ocr_par' dir='ltr' id='par_1_18' title="bbox 297 1610 1103 2280">
     <span class='ocr_line' id='line_1_29' title="bbox 343 1610 1098 1653; baseline -0.003 -11"><span class='ocrx_word' id='word_1_154' title='bbox 343 1614 397 1643; x_wconf 81' lang='grc'>25.</span> <span class='ocrx_word' id='word_1_155' title='bbox 423 1610 622 1653; x_wconf 83' lang='lat' dir='ltr'>laquearia,</span> <span class='ocrx_word' id='word_1_156' title='bbox 641 1613 821 1649; x_wconf 81' lang='lat' dir='ltr'>singularis</span> <span class='ocrx_word' id='word_1_157' title='bbox 839 1610 998 1641; x_wconf 82' lang='lat' dir='ltr'>lacunar.</span> <span class='ocrx_word' id='word_1_158' title='bbox 1045 1610 1098 1640; x_wconf 84' lang='lat' dir='ltr'>la-</span> 
     </span>
     <span class='ocr_line' id='line_1_30' title="bbox 297 1656 1097 1690; baseline -0.005 0"><span class='ocrx_word' id='word_1_159' title='bbox 297 1657 424 1690; x_wconf 84' lang='lat' dir='ltr'>cuaria</span> <span class='ocrx_word' id='word_1_160' title='bbox 448 1656 513 1687; x_wconf 78' lang='lat' dir='ltr'>Rb.</span> <span class='ocrx_word' id='word_1_161' title='bbox 555 1659 610 1687; x_wconf 84' lang='lat' dir='ltr'>Ad</span> <span class='ocrx_word' id='word_1_162' title='bbox 629 1667 695 1688; x_wconf 90' lang='lat' dir='ltr'>rem</span> <span class='ocrx_word' id='word_1_163' title='bbox 713 1659 752 1687; x_wconf 82' lang='lat' dir='ltr'>cf.</span> <span class='ocrx_word' id='word_1_164' title='bbox 774 1656 826 1686; x_wconf 82' lang='lat'>66.</span> <span class='ocrx_word' id='word_1_165' title='bbox 875 1659 1006 1687; x_wconf 85' lang='lat' dir='ltr'>Tectum</span> <span class='ocrx_word' id='word_1_166' title='bbox 1029 1663 1097 1686; x_wconf 85' lang='lat' dir='ltr'>erat</span> 
     </span>
     <span class='ocr_line' id='line_1_31' title="bbox 297 1704 1097 1740; baseline -0.003 -6"><span class='ocrx_word' id='word_1_167' title='bbox 297 1706 398 1740; x_wconf 68' lang='lat' dir='ltr'>tignis</span> <span class='ocrx_word' id='word_1_168' title='bbox 436 1704 638 1733; x_wconf 85' lang='lat' dir='ltr'>transversis</span> <span class='ocrx_word' id='word_1_169' title='bbox 678 1704 713 1732; x_wconf 90' lang='lat' dir='ltr'>in</span> <span class='ocrx_word' id='word_1_170' title='bbox 751 1705 929 1738; x_wconf 77' lang='lat' dir='ltr'>quadratas</span> <span class='ocrx_word' id='word_1_171' title='bbox 967 1705 1097 1738; x_wconf 82' lang='lat' dir='ltr'>depres-</span> 
     </span>
     <span class='ocr_line' id='line_1_32' title="bbox 297 1745 1097 1787; baseline -0.004 -7"><span class='ocrx_word' id='word_1_172' title='bbox 297 1752 408 1780; x_wconf 87' lang='lat' dir='ltr'>siones</span> <span class='ocrx_word' id='word_1_173' title='bbox 427 1758 452 1778; x_wconf 85' lang='lat' dir='ltr'>s.</span> <span class='ocrx_word' id='word_1_174' title='bbox 470 1751 690 1778; x_wconf 82' lang='lat' dir='ltr'>loculamenta</span> <span class='ocrx_word' id='word_1_175' title='bbox 709 1745 831 1787; x_wconf 78' lang='lat' dir='ltr'>(lacus</span> <span class='ocrx_word' id='word_1_176' title='bbox 850 1751 905 1778; x_wconf 80' lang='lat' dir='ltr'>vel</span> <span class='ocrx_word' id='word_1_177' title='bbox 925 1746 1097 1787; x_wconf 83' lang='lat' dir='ltr'>lacunas)</span> 
     </span>
     <span class='ocr_line' id='line_1_33' title="bbox 297 1795 1097 1831; baseline -0.004 -6"><span class='ocrx_word' id='word_1_178' title='bbox 297 1797 458 1831; x_wconf 78' lang='lat' dir='ltr'>divisum,</span> <span class='ocrx_word' id='word_1_179' title='bbox 494 1802 576 1830; x_wconf 80' lang='lat' dir='ltr'>quae</span> <span class='ocrx_word' id='word_1_180' title='bbox 608 1803 704 1830; x_wconf 80' lang='lat' dir='ltr'>auro,</span> <span class='ocrx_word' id='word_1_181' title='bbox 742 1795 924 1831; x_wconf 79' lang='lat' dir='ltr'>eoloribuS,</span> <span class='ocrx_word' id='word_1_182' title='bbox 961 1795 1097 1830; x_wconf 84' lang='lat' dir='ltr'>picturis</span> 
     </span>
     <span class='ocr_line' id='line_1_34' title="bbox 298 1841 1099 1876; baseline -0.004 -5"><span class='ocrx_word' id='word_1_183' title='bbox 298 1843 559 1871; x_wconf 73' lang='lat' dir='ltr'>illustrabantur.</span> <span class='ocrx_word' id='word_1_184' title='bbox 631 1842 753 1876; x_wconf 79' lang='lat' dir='ltr'>Magna</span> <span class='ocrx_word' id='word_1_185' title='bbox 794 1841 830 1868; x_wconf 87' lang='lat' dir='ltr'>in</span> <span class='ocrx_word' id='word_1_186' title='bbox 871 1843 931 1869; x_wconf 87' lang='lat' dir='ltr'>hoc</span> <span class='ocrx_word' id='word_1_187' title='bbox 982 1848 1099 1876; x_wconf 79' lang='lat' dir='ltr'>genere</span> 
     </span>
     <span class='ocr_line' id='line_1_35' title="bbox 297 1883 1098 1923; baseline -0.005 -7"><span class='ocrx_word' id='word_1_188' title='bbox 297 1888 431 1917; x_wconf 86' lang='lat' dir='ltr'>luxuria</span> <span class='ocrx_word' id='word_1_189' title='bbox 461 1890 529 1915; x_wconf 83' lang='lat' dir='ltr'>erat</span> <span class='ocrx_word' id='word_1_190' title='bbox 562 1885 602 1915; x_wconf 83' lang='lat' dir='ltr'>cf.</span> <span class='ocrx_word' id='word_1_191' title='bbox 634 1884 667 1923; x_wconf 94' lang='grc'>1,</span> <span class='ocrx_word' id='word_1_192' title='bbox 704 1883 780 1913; x_wconf 79' lang='grc'><strong>726.</strong></span> <span class='ocrx_word' id='word_1_193' title='bbox 830 1886 914 1914; x_wconf 90' lang='lat' dir='ltr'>Plin.</span> <span class='ocrx_word' id='word_1_194' title='bbox 947 1887 1014 1914; x_wconf 74' lang='lat' dir='ltr'>NH.</span> <span class='ocrx_word' id='word_1_195' title='bbox 1044 1884 1098 1921; x_wconf 83' lang='lat'>33,</span> 
     </span>
     <span class='ocr_line' id='line_1_36' title="bbox 298 1929 1099 1969; baseline -0.002 -8"><span class='ocrx_word' id='word_1_196' title='bbox 298 1932 328 1969; x_wconf 87' lang='grc'>3,</span> <span class='ocrx_word' id='word_1_197' title='bbox 361 1931 410 1961; x_wconf 81' lang='grc'>18.</span> <span class='ocrx_word' id='word_1_198' title='bbox 461 1934 534 1961; x_wconf 87' lang='lat' dir='ltr'>Sen.</span> <span class='ocrx_word' id='word_1_199' title='bbox 554 1933 612 1966; x_wconf 84' lang='lat' dir='ltr'>Ep.</span> <span class='ocrx_word' id='word_1_200' title='bbox 641 1929 682 1959; x_wconf 83' lang='lat'>14</span> <span class='ocrx_word' id='word_1_201' title='bbox 706 1936 735 1960; x_wconf 88' lang='lat' dir='ltr'>et</span> <span class='ocrx_word' id='word_1_202' title='bbox 757 1939 856 1965; x_wconf 81' lang='lat' dir='ltr'>saepe</span> <span class='ocrx_word' id='word_1_203' title='bbox 878 1932 963 1966; x_wconf 85' lang='lat' dir='ltr'>apud</span> <span class='ocrx_word' id='word_1_204' title='bbox 987 1936 1099 1966; x_wconf 79' lang='lat' dir='ltr'>poetas</span> 
     </span>
     <span class='ocr_line' id='line_1_37' title="bbox 297 1977 1099 2011; baseline -0.002 -4"><span class='ocrx_word' id='word_1_205' title='bbox 297 1982 502 2008; x_wconf 83' lang='lat' dir='ltr'>memoratur.</span> <span class='ocrx_word' id='word_1_206' title='bbox 567 1977 715 2006; x_wconf 85' lang='lat' dir='ltr'>Similem</span> <span class='ocrx_word' id='word_1_207' title='bbox 753 1977 893 2005; x_wconf 71' lang='lat' dir='ltr'>instituit</span> <span class='ocrx_word' id='word_1_208' title='bbox 929 1984 1099 2011; x_wconf 81' lang='lat' dir='ltr'>eompara-</span> 
     </span>
     <span class='ocr_line' id='line_1_38' title="bbox 297 2019 1102 2061; baseline -0.004 -8"><span class='ocrx_word' id='word_1_209' title='bbox 297 2025 418 2053; x_wconf 84' lang='lat' dir='ltr'>tionem</span> <span class='ocrx_word' id='word_1_210' title='bbox 447 2024 506 2052; x_wconf 90' lang='lat' dir='ltr'>Sil.</span> <span class='ocrx_word' id='word_1_211' title='bbox 537 2020 575 2059; x_wconf 85' lang='lat'>7,</span> <span class='ocrx_word' id='word_1_212' title='bbox 608 2020 671 2050; x_wconf 78' lang='lat'>142</span> <span class='ocrx_word' id='word_1_213' title='bbox 705 2019 896 2061; x_wconf 80' lang='lat' dir='ltr'>Miscelque</span> <span class='ocrx_word' id='word_1_214' title='bbox 927 2030 1102 2051; x_wconf 63' lang='lat' dir='ltr'>exacuens</span> 
     </span>
     <span class='ocr_line' id='line_1_39' title="bbox 297 2064 1102 2107; baseline -0.004 -9"><span class='ocrx_word' id='word_1_215' title='bbox 297 2067 402 2098; x_wconf 85' lang='lat' dir='ltr'>varia</span> <span class='ocrx_word' id='word_1_216' title='bbox 423 2066 470 2097; x_wconf 83' lang='lat' dir='ltr'>ad</span> <span class='ocrx_word' id='word_1_217' title='bbox 491 2065 677 2096; x_wconf 83' lang='lat' dir='ltr'>conamina</span> <span class='ocrx_word' id='word_1_218' title='bbox 700 2069 857 2096; x_wconf 83' lang='lat' dir='ltr'>mentem.</span> <span class='ocrx_word' id='word_1_219' title='bbox 878 2064 967 2096; x_wconf 75' lang='lat' dir='ltr'>sicul</span> <span class='ocrx_word' id='word_1_220' title='bbox 985 2075 1102 2107; x_wconf 82' lang='lat' dir='ltr'>aquae</span> 
     </span>
     <span class='ocr_line' id='line_1_40' title="bbox 297 2110 1103 2154; baseline -0.002 -11"><span class='ocrx_word' id='word_1_221' title='bbox 297 2111 465 2154; x_wconf 81' lang='lat' dir='ltr'>splendor</span> <span class='ocrx_word' id='word_1_222' title='bbox 485 2111 651 2142; x_wconf 78' lang='lat' dir='ltr'>radiatus</span> <span class='ocrx_word' id='word_1_223' title='bbox 676 2110 842 2151; x_wconf 79' lang='lat' dir='ltr'>lampade</span> <span class='ocrx_word' id='word_1_224' title='bbox 866 2110 950 2141; x_wconf 84' lang='lat' dir='ltr'>solis</span> <span class='ocrx_word' id='word_1_225' title='bbox 973 2110 1103 2141; x_wconf 76' lang='lat' dir='ltr'>dissul-</span> 
     </span>
     <span class='ocr_line' id='line_1_41' title="bbox 297 2155 1102 2199; baseline -0.004 -10"><span class='ocrx_word' id='word_1_226' title='bbox 297 2162 351 2190; x_wconf 76' lang='lat' dir='ltr'>tat</span> <span class='ocrx_word' id='word_1_227' title='bbox 366 2167 428 2199; x_wconf 85' lang='lat' dir='ltr'>per</span> <span class='ocrx_word' id='word_1_228' title='bbox 447 2160 551 2193; x_wconf 79' lang='lat' dir='ltr'>tecta,</span> <span class='ocrx_word' id='word_1_229' title='bbox 573 2166 673 2199; x_wconf 79' lang='lat' dir='ltr'>vaga</span> <span class='ocrx_word' id='word_1_230' title='bbox 687 2156 748 2186; x_wconf 88' lang='lat' dir='ltr'>sub</span> <span class='ocrx_word' id='word_1_231' title='bbox 767 2155 927 2198; x_wconf 79' lang='lat' dir='ltr'>imagine</span> <span class='ocrx_word' id='word_1_232' title='bbox 948 2156 1102 2195; x_wconf 80' lang='lat' dir='ltr'>vibrans,</span> 
     </span>
     <span class='ocr_line' id='line_1_42' title="bbox 298 2200 1103 2243; baseline 0.001 -10"><span class='ocrx_word' id='word_1_233' title='bbox 298 2202 444 2234; x_wconf 82' lang='lat' dir='ltr'>luminis</span> <span class='ocrx_word' id='word_1_234' title='bbox 479 2205 511 2233; x_wconf 84' lang='lat' dir='ltr'>el</span> <span class='ocrx_word' id='word_1_235' title='bbox 542 2200 694 2233; x_wconf 76' lang='lat' dir='ltr'>tremula</span> <span class='ocrx_word' id='word_1_236' title='bbox 723 2201 910 2243; x_wconf 82' lang='lat' dir='ltr'>laquearia</span> <span class='ocrx_word' id='word_1_237' title='bbox 943 2202 1103 2234; x_wconf 80' lang='lat' dir='ltr'>verberat</span> 
     </span>
     <span class='ocr_line' id='line_1_43' title="bbox 298 2248 433 2280; baseline -0.007 0"><span class='ocrx_word' id='word_1_238' title='bbox 298 2248 433 2280; x_wconf 85' lang='lat' dir='ltr'>umbra.</span> 
     </span>
    </p>

    <p class='ocr_par' dir='ltr' id='par_1_19' title="bbox 297 2290 1098 2466">
     <span class='ocr_line' id='line_1_44' title="bbox 346 2290 1098 2329; baseline -0.003 -5"><span class='ocrx_word' id='word_1_239' title='bbox 346 2294 399 2324; x_wconf 83' lang='lat'>27.</span> <span class='ocrx_word' id='word_1_240' title='bbox 426 2292 577 2324; x_wconf 84' lang='lat' dir='ltr'>alituum</span> <span class='ocrx_word' id='word_1_241' title='bbox 602 2302 658 2329; x_wconf 83' lang='lat' dir='ltr'>pro</span> <span class='ocrx_word' id='word_1_242' title='bbox 678 2290 824 2328; x_wconf 76' lang='lat' dir='ltr'>alilum5</span> <span class='ocrx_word' id='word_1_243' title='bbox 852 2294 900 2323; x_wconf 85' lang='lat' dir='ltr'>sic</span> <span class='ocrx_word' id='word_1_244' title='bbox 921 2294 988 2323; x_wconf 85' lang='lat' dir='ltr'>iam</span> <span class='ocrx_word' id='word_1_245' title='bbox 1003 2295 1098 2323; x_wconf 88' lang='lat' dir='ltr'>Lucr.</span> 
     </span>
     <span class='ocr_line' id='line_1_45' title="bbox 298 2337 1098 2378; baseline -0.001 -9"><span class='ocrx_word' id='word_1_246' title='bbox 298 2339 329 2377; x_wconf 83' lang='lat'>2,</span> <span class='ocrx_word' id='word_1_247' title='bbox 356 2338 433 2369; x_wconf 83' lang='grc'><strong>927.</strong></span> <span class='ocrx_word' id='word_1_248' title='bbox 468 2339 499 2378; x_wconf 90' lang='grc'>5,</span> <span class='ocrx_word' id='word_1_249' title='bbox 525 2337 590 2367; x_wconf 89' lang='grc'><strong>799</strong></span> <span class='ocrx_word' id='word_1_250' title='bbox 613 2344 641 2368; x_wconf 89' lang='lat' dir='ltr'>et</span> <span class='ocrx_word' id='word_1_251' title='bbox 663 2341 762 2368; x_wconf 87' lang='lat' dir='ltr'>multo</span> <span class='ocrx_word' id='word_1_252' title='bbox 783 2343 853 2374; x_wconf 85' lang='lat' dir='ltr'>post</span> <span class='ocrx_word' id='word_1_253' title='bbox 869 2340 990 2368; x_wconf 79' lang='lat' dir='ltr'>Avien.</span> <span class='ocrx_word' id='word_1_254' title='bbox 1013 2341 1098 2368; x_wconf 80' lang='lat' dir='ltr'>desc.</span> 
     </span>
     <span class='ocr_line' id='line_1_46' title="bbox 297 2383 1098 2423; baseline -0.002 -8"><span class='ocrx_word' id='word_1_255' title='bbox 297 2389 364 2415; x_wconf 86' lang='lat' dir='ltr'>orb.</span> <span class='ocrx_word' id='word_1_256' title='bbox 395 2391 469 2415; x_wconf 81' lang='lat' dir='ltr'>terr.</span> <span class='ocrx_word' id='word_1_257' title='bbox 507 2383 602 2413; x_wconf 83' lang='grc'><strong>1359.</strong></span> <span class='ocrx_word' id='word_1_258' title='bbox 653 2386 731 2414; x_wconf 83' lang='lat' dir='ltr'>Stat.</span> <span class='ocrx_word' id='word_1_259' title='bbox 767 2385 849 2413; x_wconf 84' lang='lat' dir='ltr'>silv.</span> <span class='ocrx_word' id='word_1_260' title='bbox 888 2384 919 2423; x_wconf 92' lang='grc'>1,</span> <span class='ocrx_word' id='word_1_261' title='bbox 954 2384 990 2421; x_wconf 96' lang='grc'>2,</span> <span class='ocrx_word' id='word_1_262' title='bbox 1024 2383 1098 2414; x_wconf 66' lang='lat'>1134.</span> 
     </span>
     <span class='ocr_line' id='line_1_47' title="bbox 299 2428 688 2466; baseline -0.01 -5"><span class='ocrx_word' id='word_1_263' title='bbox 299 2432 347 2462; x_wconf 83' lang='lat' dir='ltr'>Cf.</span> <span class='ocrx_word' id='word_1_264' title='bbox 369 2433 422 2460; x_wconf 88' lang='lat' dir='ltr'>Gr.</span> <span class='ocrx_word' id='word_1_265' title='bbox 447 2431 469 2466; x_wconf 78' lang='lat'>§</span> <span class='ocrx_word' id='word_1_266' title='bbox 496 2429 539 2458; x_wconf 81' lang='grc'>86</span> <span class='ocrx_word' id='word_1_267' title='bbox 566 2430 630 2458; x_wconf 86' lang='lat' dir='ltr'>An.</span> <span class='ocrx_word' id='word_1_268' title='bbox 658 2428 688 2458; x_wconf 90' lang='lat'>7.</span> 
     </span>
    </p>

    <p class='ocr_par' dir='ltr' id='par_1_20' title="bbox 298 2475 1100 2692">
     <span class='ocr_line' id='line_1_48' title="bbox 346 2475 1100 2513; baseline -0.003 -8"><span class='ocrx_word' id='word_1_269' title='bbox 346 2475 398 2505; x_wconf 85' lang='lat'>30.</span> <span class='ocrx_word' id='word_1_270' title='bbox 425 2478 502 2504; x_wconf 90' lang='lat' dir='ltr'>Sero</span> <span class='ocrx_word' id='word_1_271' title='bbox 539 2480 663 2504; x_wconf 86' lang='lat' dir='ltr'>tantum</span> <span class='ocrx_word' id='word_1_272' title='bbox 701 2482 813 2503; x_wconf 85' lang='lat' dir='ltr'>somno</span> <span class='ocrx_word' id='word_1_273' title='bbox 850 2482 886 2503; x_wconf 87' lang='lat' dir='ltr'>se</span> <span class='ocrx_word' id='word_1_274' title='bbox 926 2476 995 2511; x_wconf 84' lang='lat' dir='ltr'>dat;</span> <span class='ocrx_word' id='word_1_275' title='bbox 1037 2482 1100 2513; x_wconf 81' lang='lat' dir='ltr'>per</span> 
     </span>
     <span class='ocr_line' id='line_1_49' title="bbox 299 2521 1099 2555; baseline -0.004 -4"><span class='ocrx_word' id='word_1_276' title='bbox 299 2521 450 2551; x_wconf 85' lang='lat' dir='ltr'>membra</span> <span class='ocrx_word' id='word_1_277' title='bbox 476 2525 583 2550; x_wconf 83' lang='lat' dir='ltr'>autem</span> <span class='ocrx_word' id='word_1_278' title='bbox 610 2521 730 2548; x_wconf 82' lang='lat' dir='ltr'>diditur</span> <span class='ocrx_word' id='word_1_279' title='bbox 754 2528 898 2553; x_wconf 80' lang='lat' dir='ltr'>somnus,</span> <span class='ocrx_word' id='word_1_280' title='bbox 930 2525 962 2549; x_wconf 89' lang='lat' dir='ltr'>ut</span> <span class='ocrx_word' id='word_1_281' title='bbox 989 2521 1099 2555; x_wconf 74' lang='lat' dir='ltr'>quivis</span> 
     </span>
     <span class='ocr_line' id='line_1_50' title="bbox 298 2563 1099 2603; baseline -0.005 -6"><span class='ocrx_word' id='word_1_282' title='bbox 298 2568 463 2603; x_wconf 77' lang='lat' dir='ltr'>intelligit,</span> <span class='ocrx_word' id='word_1_283' title='bbox 490 2567 546 2601; x_wconf 83' lang='lat' dir='ltr'>qui</span> <span class='ocrx_word' id='word_1_284' title='bbox 565 2566 708 2595; x_wconf 85' lang='lat' dir='ltr'>renitens</span> <span class='ocrx_word' id='word_1_285' title='bbox 729 2566 945 2594; x_wconf 73' lang='lat' dir='ltr'>obdormiscit.</span> <span class='ocrx_word' id='word_1_286' title='bbox 974 2580 1012 2584; x_wconf 89' lang='lat'>—</span> <span class='ocrx_word' id='word_1_287' title='bbox 1041 2563 1099 2593; x_wconf 74' lang='lat' dir='ltr'>(Ic-</span> 
     </span>
     <span class='ocr_line' id='line_1_51' title="bbox 299 2608 1100 2653; baseline -0.005 -11"><span class='ocrx_word' id='word_1_288' title='bbox 299 2612 351 2643; x_wconf 76' lang='lat' dir='ltr'>‹Iic</span> <span class='ocrx_word' id='word_1_289' title='bbox 378 2611 525 2653; x_wconf 78' lang='lat' dir='ltr'>quietem</span> <span class='ocrx_word' id='word_1_290' title='bbox 550 2620 612 2651; x_wconf 83' lang='lat' dir='ltr'>per</span> <span class='ocrx_word' id='word_1_291' title='bbox 638 2608 808 2640; x_wconf 84' lang='lat' dir='ltr'>membra:</span> <span class='ocrx_word' id='word_1_292' title='bbox 833 2618 953 2646; x_wconf 78' lang='lat' dir='ltr'>passus</span> <span class='ocrx_word' id='word_1_293' title='bbox 977 2615 1024 2639; x_wconf 83' lang='lat' dir='ltr'>est</span> <span class='ocrx_word' id='word_1_294' title='bbox 1046 2620 1100 2639; x_wconf 85' lang='lat' dir='ltr'>so-</span> 
     </span>
     <span class='ocr_line' id='line_1_52' title="bbox 298 2655 1027 2692; baseline -0.005 -4"><span class='ocrx_word' id='word_1_295' title='bbox 298 2666 409 2688; x_wconf 89' lang='lat' dir='ltr'>mnum</span> <span class='ocrx_word' id='word_1_296' title='bbox 434 2666 490 2692; x_wconf 81' lang='lat' dir='ltr'>per</span> <span class='ocrx_word' id='word_1_297' title='bbox 514 2659 657 2687; x_wconf 82' lang='lat' dir='ltr'>membra</span> <span class='ocrx_word' id='word_1_298' title='bbox 681 2656 826 2685; x_wconf 74' lang='lat' dir='ltr'>diffundi.</span> <span class='ocrx_word' id='word_1_299' title='bbox 877 2657 922 2685; x_wconf 82' lang='lat' dir='ltr'>Cf.</span> <span class='ocrx_word' id='word_1_300' title='bbox 952 2655 1027 2684; x_wconf 72' lang='lat'>406.</span> 
     </span>
    </p>

    <p class='ocr_par' dir='ltr' id='par_1_21' title="bbox 298 2701 1099 2959">
     <span class='ocr_line' id='line_1_53' title="bbox 346 2701 1099 2740; baseline -0.004 -8"><span class='ocrx_word' id='word_1_301' title='bbox 346 2701 399 2732; x_wconf 88' lang='grc'>31.</span> <span class='ocrx_word' id='word_1_302' title='bbox 425 2705 485 2740; x_wconf 85' lang='lat' dir='ltr'>„ln</span> <span class='ocrx_word' id='word_1_303' title='bbox 517 2703 623 2732; x_wconf 79' lang='lat' dir='ltr'>sacris</span> <span class='ocrx_word' id='word_1_304' title='bbox 655 2702 847 2737; x_wconf 85' lang='lat' dir='ltr'>Tiberinus,</span> <span class='ocrx_word' id='word_1_305' title='bbox 886 2702 919 2730; x_wconf 89' lang='lat' dir='ltr'>in</span> <span class='ocrx_word' id='word_1_306' title='bbox 953 2703 1099 2730; x_wconf 86' lang='lat' dir='ltr'>coenole-</span> 
     </span>
     <span class='ocr_line' id='line_1_54' title="bbox 298 2747 1098 2783; baseline -0.004 -5"><span class='ocrx_word' id='word_1_307' title='bbox 298 2750 357 2779; x_wconf 82' lang='lat' dir='ltr'>xia</span> <span class='ocrx_word' id='word_1_308' title='bbox 375 2749 513 2783; x_wconf 83' lang='lat' dir='ltr'>Tiberis,</span> <span class='ocrx_word' id='word_1_309' title='bbox 538 2749 571 2777; x_wconf 91' lang='lat' dir='ltr'>in</span> <span class='ocrx_word' id='word_1_310' title='bbox 592 2752 738 2782; x_wconf 81' lang='lat' dir='ltr'>poemate</span> <span class='ocrx_word' id='word_1_311' title='bbox 760 2747 868 2775; x_wconf 82' lang='lat' dir='ltr'>Tibris</span> <span class='ocrx_word' id='word_1_312' title='bbox 894 2747 1098 2783; x_wconf 53' lang='lat' dir='ltr'>(Thybris‘f)</span> 
     </span>
     <span class='ocr_line' id='line_1_55' title="bbox 299 2791 1098 2828; baseline -0.005 -4"><span class='ocrx_word' id='word_1_313' title='bbox 299 2794 467 2824; x_wconf 73' lang='lat' dir='ltr'>vocatur.‘&#39;·</span> <span class='ocrx_word' id='word_1_314' title='bbox 493 2795 524 2822; x_wconf 89' lang='lat' dir='ltr'>S.</span> <span class='ocrx_word' id='word_1_315' title='bbox 574 2795 623 2822; x_wconf 84' lang='lat' dir='ltr'>Ita</span> <span class='ocrx_word' id='word_1_316' title='bbox 654 2801 690 2822; x_wconf 91' lang='lat' dir='ltr'>se</span> <span class='ocrx_word' id='word_1_317' title='bbox 719 2793 827 2828; x_wconf 82' lang='lat' dir='ltr'>ipsum</span> <span class='ocrx_word' id='word_1_318' title='bbox 860 2797 955 2821; x_wconf 77' lang='lat' dir='ltr'>vocat</span> <span class='ocrx_word' id='word_1_319' title='bbox 985 2801 1017 2821; x_wconf 79' lang='lat' dir='ltr'>v.</span> <span class='ocrx_word' id='word_1_320' title='bbox 1045 2791 1098 2821; x_wconf 72' lang='lat'>64.</span> 
     </span>
     <span class='ocr_line' id='line_1_56' title="bbox 300 2836 1097 2875; baseline -0.004 -6"><span class='ocrx_word' id='word_1_321' title='bbox 300 2840 347 2869; x_wconf 76' lang='lat' dir='ltr'>Cf.</span> <span class='ocrx_word' id='word_1_322' title='bbox 368 2838 399 2874; x_wconf 91' lang='grc'>7,</span> <span class='ocrx_word' id='word_1_323' title='bbox 426 2837 490 2867; x_wconf 86' lang='grc'>797</span> <span class='ocrx_word' id='word_1_324' title='bbox 518 2844 548 2867; x_wconf 84' lang='lat' dir='ltr'>et</span> <span class='ocrx_word' id='word_1_325' title='bbox 572 2839 645 2867; x_wconf 84' lang='lat' dir='ltr'>Liv.</span> <span class='ocrx_word' id='word_1_326' title='bbox 665 2836 696 2875; x_wconf 87' lang='lat'>2,</span> <span class='ocrx_word' id='word_1_327' title='bbox 726 2837 775 2867; x_wconf 86' lang='lat'>10.</span> <span class='ocrx_word' id='word_1_328' title='bbox 825 2838 998 2867; x_wconf 84' lang='lat' dir='ltr'>Tiberinus</span> <span class='ocrx_word' id='word_1_329' title='bbox 1016 2840 1097 2867; x_wconf 79' lang='lat' dir='ltr'>deus</span> 
     </span>
     <span class='ocr_line' id='line_1_57' title="bbox 300 2883 1095 2915; baseline -0.001 -2"><span class='ocrx_word' id='word_1_330' title='bbox 300 2886 491 2915; x_wconf 77' lang='lat' dir='ltr'>describitur</span> <span class='ocrx_word' id='word_1_331' title='bbox 523 2891 543 2913; x_wconf 82' lang='lat' dir='ltr'>a</span> <span class='ocrx_word' id='word_1_332' title='bbox 571 2885 753 2913; x_wconf 85' lang='lat' dir='ltr'>Claudiano</span> <span class='ocrx_word' id='word_1_333' title='bbox 788 2883 822 2911; x_wconf 91' lang='lat' dir='ltr'>in</span> <span class='ocrx_word' id='word_1_334' title='bbox 851 2884 944 2912; x_wconf 88' lang='lat' dir='ltr'>Prob.</span> <span class='ocrx_word' id='word_1_335' title='bbox 986 2888 1014 2913; x_wconf 84' lang='lat' dir='ltr'>et</span> <span class='ocrx_word' id='word_1_336' title='bbox 1047 2886 1095 2913; x_wconf 89' lang='lat'>01.</span> 
     </span>
     <span class='ocr_line' id='line_1_58' title="bbox 300 2928 679 2959; baseline -0.003 0"><span class='ocrx_word' id='word_1_337' title='bbox 300 2939 387 2959; x_wconf 80' lang='lat' dir='ltr'>cons.</span> <span class='ocrx_word' id='word_1_338' title='bbox 414 2939 445 2959; x_wconf 76' lang='lat' dir='ltr'>v.</span> <span class='ocrx_word' id='word_1_339' title='bbox 472 2928 679 2958; x_wconf 79' lang='lat'>209—225.</span> 
     </span>
    </p>

    <p class='ocr_par' dir='ltr' id='par_1_22' title="bbox 301 2974 1096 3054">
     <span class='ocr_line' id='line_1_59' title="bbox 348 2974 1096 3011; baseline 0 -8"><span class='ocrx_word' id='word_1_340' title='bbox 348 2974 399 3004; x_wconf 83' lang='lat'>33.</span> <span class='ocrx_word' id='word_1_341' title='bbox 426 2976 539 3004; x_wconf 82' lang='lat' dir='ltr'>Fluvii</span> <span class='ocrx_word' id='word_1_342' title='bbox 568 2977 683 3011; x_wconf 75' lang='lat' dir='ltr'>glauco</span> <span class='ocrx_word' id='word_1_343' title='bbox 715 2975 769 3002; x_wconf 78' lang='lat' dir='ltr'>vel</span> <span class='ocrx_word' id='word_1_344' title='bbox 798 2975 946 3002; x_wconf 81' lang='lat' dir='ltr'>caeruleo</span> <span class='ocrx_word' id='word_1_345' title='bbox 977 2974 1096 3003; x_wconf 82' lang='lat' dir='ltr'>amictu</span> 
     </span>
     <span class='ocr_line' id='line_1_60' title="bbox 301 3019 1096 3054; baseline -0.001 -6"><span class='ocrx_word' id='word_1_346' title='bbox 301 3021 484 3049; x_wconf 67' lang='lat' dir='ltr'>vestiuntur</span> <span class='ocrx_word' id='word_1_347' title='bbox 517 3025 544 3049; x_wconf 87' lang='lat' dir='ltr'>et</span> <span class='ocrx_word' id='word_1_348' title='bbox 577 3022 727 3050; x_wconf 84' lang='lat' dir='ltr'>velantur</span> <span class='ocrx_word' id='word_1_349' title='bbox 754 3019 929 3053; x_wconf 77' lang='lat' dir='ltr'>arundine;</span> <span class='ocrx_word' id='word_1_350' title='bbox 964 3020 1009 3048; x_wconf 81' lang='lat' dir='ltr'>ita</span> <span class='ocrx_word' id='word_1_351' title='bbox 1045 3019 1096 3054; x_wconf 81' lang='lat'>10,</span> 
     </span>
    </p>
   </div>
   <div class='ocr_carea' id='block_1_16' title="bbox 1142 1472 1947 3057">
    <p class='ocr_par' dir='ltr' id='par_1_23' title="bbox 1142 1472 1945 1741">
     <span class='ocr_line' id='line_1_61' title="bbox 1144 1472 1942 1513; baseline -0.003 -9"><span class='ocrx_word' id='word_1_352' title='bbox 1144 1475 1220 1506; x_wconf 87' lang='grc'><strong>205.</strong></span> <span class='ocrx_word' id='word_1_353' title='bbox 1250 1474 1302 1513; x_wconf 82' lang='grc'>12,</span> <span class='ocrx_word' id='word_1_354' title='bbox 1330 1474 1406 1505; x_wconf 80' lang='grc'><strong>885.</strong></span> <span class='ocrx_word' id='word_1_355' title='bbox 1449 1477 1508 1505; x_wconf 84' lang='lat' dir='ltr'>Ov.</span> <span class='ocrx_word' id='word_1_356' title='bbox 1533 1476 1568 1504; x_wconf 82' lang='lat' dir='ltr'>F.</span> <span class='ocrx_word' id='word_1_357' title='bbox 1590 1474 1621 1513; x_wconf 88' lang='grc'>5,</span> <span class='ocrx_word' id='word_1_358' title='bbox 1644 1472 1709 1503; x_wconf 81' lang='grc'><strong>637</strong></span> <span class='ocrx_word' id='word_1_359' title='bbox 1732 1475 1775 1504; x_wconf 85' lang='lat' dir='ltr'>al.</span> <span class='ocrx_word' id='word_1_360' title='bbox 1798 1473 1838 1504; x_wconf 84' lang='lat' dir='ltr'>cf.</span> <span class='ocrx_word' id='word_1_361' title='bbox 1855 1474 1942 1503; x_wconf 75' lang='lat' dir='ltr'>Vell.</span> 
     </span>
     <span class='ocr_line' id='line_1_62' title="bbox 1144 1518 1945 1560; baseline -0.004 -9"><span class='ocrx_word' id='word_1_362' title='bbox 1144 1521 1174 1559; x_wconf 89' lang='grc'>2,</span> <span class='ocrx_word' id='word_1_363' title='bbox 1192 1521 1235 1550; x_wconf 81' lang='grc'><strong>82</strong></span> <span class='ocrx_word' id='word_1_364' title='bbox 1262 1519 1375 1560; x_wconf 75' lang='lat' dir='ltr'>Quum</span> <span class='ocrx_word' id='word_1_365' title='bbox 1395 1519 1616 1550; x_wconf 74' lang='lat' dir='ltr'>merulentus</span> <span class='ocrx_word' id='word_1_366' title='bbox 1636 1523 1668 1550; x_wconf 80' lang='lat' dir='ltr'>et</span> <span class='ocrx_word' id='word_1_367' title='bbox 1687 1518 1806 1551; x_wconf 80' lang='lat' dir='ltr'>nudus</span> <span class='ocrx_word' id='word_1_368' title='bbox 1822 1522 1945 1560; x_wconf 73' lang='lat' dir='ltr'>capin-</span> 
     </span>
     <span class='ocr_line' id='line_1_63' title="bbox 1143 1564 1945 1608; baseline -0.002 -12"><span class='ocrx_word' id='word_1_369' title='bbox 1143 1576 1207 1608; x_wconf 81' lang='lat' dir='ltr'>que</span> <span class='ocrx_word' id='word_1_370' title='bbox 1230 1565 1414 1596; x_wconf 77' lang='lat' dir='ltr'>redimitus</span> <span class='ocrx_word' id='word_1_371' title='bbox 1436 1564 1613 1596; x_wconf 81' lang='lat' dir='ltr'>arundine</span> <span class='ocrx_word' id='word_1_372' title='bbox 1641 1568 1673 1596; x_wconf 74' lang='lat' dir='ltr'>et</span> <span class='ocrx_word' id='word_1_373' title='bbox 1698 1564 1851 1595; x_wconf 78' lang='lat' dir='ltr'>caudam</span> <span class='ocrx_word' id='word_1_374' title='bbox 1871 1568 1945 1595; x_wconf 81' lang='lat' dir='ltr'>tra-</span> 
     </span>
     <span class='ocr_line' id='line_1_64' title="bbox 1142 1609 1945 1653; baseline -0.001 -11"><span class='ocrx_word' id='word_1_375' title='bbox 1142 1612 1226 1642; x_wconf 83' lang='lat' dir='ltr'>hens</span> <span class='ocrx_word' id='word_1_376' title='bbox 1244 1611 1396 1653; x_wconf 83' lang='lat' dir='ltr'>genibus</span> <span class='ocrx_word' id='word_1_377' title='bbox 1413 1610 1556 1641; x_wconf 72' lang='lat' dir='ltr'>innixus</span> <span class='ocrx_word' id='word_1_378' title='bbox 1575 1609 1748 1641; x_wconf 82' lang='lat' dir='ltr'>Glaucum</span> <span class='ocrx_word' id='word_1_379' title='bbox 1767 1610 1945 1641; x_wconf 79' lang='lat' dir='ltr'>saltasset.</span> 
     </span>
     <span class='ocr_line' id='line_1_65' title="bbox 1143 1655 1944 1695; baseline -0.002 -8"><span class='ocrx_word' id='word_1_380' title='bbox 1143 1659 1268 1688; x_wconf 73' lang='lat' dir='ltr'>viridis</span> <span class='ocrx_word' id='word_1_381' title='bbox 1294 1659 1397 1687; x_wconf 73' lang='lat' dir='ltr'>vestis</span> <span class='ocrx_word' id='word_1_382' title='bbox 1423 1662 1470 1687; x_wconf 87' lang='lat' dir='ltr'>est</span> <span class='ocrx_word' id='word_1_383' title='bbox 1493 1657 1592 1686; x_wconf 84' lang='lat' dir='ltr'>fluvio</span> <span class='ocrx_word' id='word_1_384' title='bbox 1617 1658 1703 1693; x_wconf 82' lang='lat' dir='ltr'>apud</span> <span class='ocrx_word' id='word_1_385' title='bbox 1726 1659 1785 1686; x_wconf 81' lang='lat' dir='ltr'>Ov.</span> <span class='ocrx_word' id='word_1_386' title='bbox 1810 1660 1884 1686; x_wconf 86' lang='lat' dir='ltr'>Met.</span> <span class='ocrx_word' id='word_1_387' title='bbox 1911 1655 1944 1695; x_wconf 85' lang='grc'>9,</span> 
     </span>
     <span class='ocr_line' id='line_1_66' title="bbox 1144 1701 1624 1741; baseline -0.002 -8"><span class='ocrx_word' id='word_1_388' title='bbox 1144 1703 1197 1733; x_wconf 83' lang='grc'>32.</span> <span class='ocrx_word' id='word_1_389' title='bbox 1226 1719 1264 1724; x_wconf 86' lang='lat'>·—</span> <span class='ocrx_word' id='word_1_390' title='bbox 1295 1702 1391 1732; x_wconf 83' lang='lat' dir='ltr'>visus</span> <span class='ocrx_word' id='word_1_391' title='bbox 1416 1704 1454 1733; x_wconf 87' lang='lat' dir='ltr'>cf.</span> <span class='ocrx_word' id='word_1_392' title='bbox 1484 1701 1520 1741; x_wconf 82' lang='lat'>2,</span> <span class='ocrx_word' id='word_1_393' title='bbox 1547 1701 1624 1732; x_wconf 85' lang='grc'><strong>271.</strong></span> 
     </span>
    </p>

    <p class='ocr_par' dir='ltr' id='par_1_24' title="bbox 1192 1746 1706 1786">
     <span class='ocr_line' id='line_1_67' title="bbox 1192 1746 1706 1786; baseline -0.002 -9"><span class='ocrx_word' id='word_1_394' title='bbox 1192 1747 1243 1777; x_wconf 73' lang='lat'>34.</span> <span class='ocrx_word' id='word_1_395' title='bbox 1277 1747 1453 1778; x_wconf 78' lang='lat' dir='ltr'>Carbasus</span> <span class='ocrx_word' id='word_1_396' title='bbox 1477 1749 1514 1778; x_wconf 83' lang='lat' dir='ltr'>cf.</span> <span class='ocrx_word' id='word_1_397' title='bbox 1546 1746 1601 1786; x_wconf 89' lang='grc'>11,</span> <span class='ocrx_word' id='word_1_398' title='bbox 1629 1746 1706 1776; x_wconf 90' lang='grc'><strong>775.</strong></span> 
     </span>
    </p>

    <p class='ocr_par' dir='ltr' id='par_1_25' title="bbox 1191 1791 1758 1831">
     <span class='ocr_line' id='line_1_68' title="bbox 1191 1791 1758 1831; baseline -0.002 -8"><span class='ocrx_word' id='word_1_399' title='bbox 1191 1793 1243 1823; x_wconf 84' lang='grc'>35.</span> <span class='ocrx_word' id='word_1_400' title='bbox 1270 1796 1357 1823; x_wconf 80' lang='lat' dir='ltr'>Idem</span> <span class='ocrx_word' id='word_1_401' title='bbox 1382 1803 1414 1823; x_wconf 78' lang='lat' dir='ltr'>v.</span> <span class='ocrx_word' id='word_1_402' title='bbox 1442 1792 1478 1831; x_wconf 92' lang='grc'>2,</span> <span class='ocrx_word' id='word_1_403' title='bbox 1507 1792 1583 1822; x_wconf 89' lang='grc'><strong>775.</strong></span> <span class='ocrx_word' id='word_1_404' title='bbox 1619 1792 1654 1831; x_wconf 84' lang='grc'>3,</span> <span class='ocrx_word' id='word_1_405' title='bbox 1685 1791 1758 1822; x_wconf 87' lang='grc'><strong>153.</strong></span> 
     </span>
    </p>

    <p class='ocr_par' dir='ltr' id='par_1_26' title="bbox 1144 1837 1947 2149">
     <span class='ocr_line' id='line_1_69' title="bbox 1190 1837 1946 1879; baseline -0.001 -11"><span class='ocrx_word' id='word_1_406' title='bbox 1190 1839 1243 1868; x_wconf 82' lang='grc'>36.</span> <span class='ocrx_word' id='word_1_407' title='bbox 1277 1837 1304 1868; x_wconf 92' lang='grc'>0</span> <span class='ocrx_word' id='word_1_408' title='bbox 1323 1842 1398 1868; x_wconf 74' lang='lat' dir='ltr'>sale</span> <span class='ocrx_word' id='word_1_409' title='bbox 1417 1841 1525 1879; x_wconf 79' lang='lat' dir='ltr'>gente</span> <span class='ocrx_word' id='word_1_410' title='bbox 1542 1837 1654 1868; x_wconf 78' lang='lat' dir='ltr'>deum.</span> <span class='ocrx_word' id='word_1_411' title='bbox 1700 1839 1831 1868; x_wconf 85' lang='lat' dir='ltr'>Similia</span> <span class='ocrx_word' id='word_1_412' title='bbox 1846 1846 1946 1873; x_wconf 79' lang='lat' dir='ltr'>saepe</span> 
     </span>
     <span class='ocr_line' id='line_1_70' title="bbox 1144 1882 1945 1921; baseline -0.001 -7"><span class='ocrx_word' id='word_1_413' title='bbox 1144 1887 1178 1915; x_wconf 92' lang='lat' dir='ltr'>in</span> <span class='ocrx_word' id='word_1_414' title='bbox 1197 1886 1420 1915; x_wconf 79' lang='lat' dir='ltr'>exhortatione</span> <span class='ocrx_word' id='word_1_415' title='bbox 1439 1885 1478 1914; x_wconf 88' lang='lat' dir='ltr'>cf.</span> <span class='ocrx_word' id='word_1_416' title='bbox 1503 1883 1534 1921; x_wconf 88' lang='grc'>6,</span> <span class='ocrx_word' id='word_1_417' title='bbox 1564 1883 1635 1913; x_wconf 84' lang='grc'><strong>125.</strong></span> <span class='ocrx_word' id='word_1_418' title='bbox 1659 1882 1734 1913; x_wconf 87' lang='grc'><strong>322.</strong></span> <span class='ocrx_word' id='word_1_419' title='bbox 1761 1900 1800 1904; x_wconf 92' lang='lat'>--</span> <span class='ocrx_word' id='word_1_420' title='bbox 1827 1883 1945 1914; x_wconf 82' lang='lat' dir='ltr'>urbem</span> 
     </span>
     <span class='ocr_line' id='line_1_71' title="bbox 1146 1927 1945 1966; baseline -0.003 -6"><span class='ocrx_word' id='word_1_421' title='bbox 1146 1928 1300 1966; x_wconf 74' lang='lat' dir='ltr'>revehis5</span> <span class='ocrx_word' id='word_1_422' title='bbox 1334 1932 1442 1959; x_wconf 88' lang='lat' dir='ltr'>simile</span> <span class='ocrx_word' id='word_1_423' title='bbox 1473 1931 1593 1959; x_wconf 81' lang='lat' dir='ltr'>dictum</span> <span class='ocrx_word' id='word_1_424' title='bbox 1628 1927 1662 1966; x_wconf 87' lang='grc'>1,</span> <span class='ocrx_word' id='word_1_425' title='bbox 1691 1927 1734 1958; x_wconf 86' lang='grc'>68</span> <span class='ocrx_word' id='word_1_426' title='bbox 1768 1927 1873 1958; x_wconf 77' lang='lat' dir='ltr'>Ilium</span> <span class='ocrx_word' id='word_1_427' title='bbox 1907 1927 1945 1958; x_wconf 83' lang='grc' dir='ltr'>ἰη</span> 
     </span>
     <span class='ocr_line' id='line_1_72' title="bbox 1148 1975 1945 2016; baseline -0.004 -10"><span class='ocrx_word' id='word_1_428' title='bbox 1148 1975 1292 2006; x_wconf 76' lang='lat' dir='ltr'>Italiam</span> <span class='ocrx_word' id='word_1_429' title='bbox 1327 1979 1488 2016; x_wconf 74' lang='lat' dir='ltr'>portans,</span> <span class='ocrx_word' id='word_1_430' title='bbox 1536 1977 1671 2005; x_wconf 81' lang='lat' dir='ltr'>Aeneae</span> <span class='ocrx_word' id='word_1_431' title='bbox 1702 1979 1751 2004; x_wconf 78' lang='lat' dir='ltr'>est</span> <span class='ocrx_word' id='word_1_432' title='bbox 1783 1976 1945 2004; x_wconf 79' lang='lat' dir='ltr'>Dardani-</span> 
     </span>
     <span class='ocr_line' id='line_1_73' title="bbox 1145 2023 1947 2057; baseline -0.002 -6"><span class='ocrx_word' id='word_1_433' title='bbox 1145 2025 1203 2051; x_wconf 76' lang='lat' dir='ltr'>das</span> <span class='ocrx_word' id='word_1_434' title='bbox 1237 2023 1270 2050; x_wconf 89' lang='lat' dir='ltr'>in</span> <span class='ocrx_word' id='word_1_435' title='bbox 1302 2029 1395 2051; x_wconf 80' lang='lat' dir='ltr'>suam</span> <span class='ocrx_word' id='word_1_436' title='bbox 1428 2026 1545 2050; x_wconf 85' lang='lat' dir='ltr'>terram</span> <span class='ocrx_word' id='word_1_437' title='bbox 1570 2023 1739 2056; x_wconf 80' lang='lat' dir='ltr'>reducere;</span> <span class='ocrx_word' id='word_1_438' title='bbox 1771 2025 1802 2050; x_wconf 85' lang='lat' dir='ltr'>et</span> <span class='ocrx_word' id='word_1_439' title='bbox 1828 2023 1947 2057; x_wconf 75' lang='lat' dir='ltr'>gaudet,</span> 
     </span>
     <span class='ocr_line' id='line_1_74' title="bbox 1146 2067 1945 2104; baseline -0.001 -8"><span class='ocrx_word' id='word_1_440' title='bbox 1146 2068 1298 2104; x_wconf 77' lang='lat' dir='ltr'>Thybris.</span> <span class='ocrx_word' id='word_1_441' title='bbox 1319 2069 1401 2103; x_wconf 76' lang='lat' dir='ltr'>quod</span> <span class='ocrx_word' id='word_1_442' title='bbox 1418 2068 1480 2096; x_wconf 83' lang='lat' dir='ltr'>sibi</span> <span class='ocrx_word' id='word_1_443' title='bbox 1498 2068 1596 2096; x_wconf 81' lang='lat' dir='ltr'>etiam</span> <span class='ocrx_word' id='word_1_444' title='bbox 1612 2067 1686 2096; x_wconf 84' lang='lat' dir='ltr'>inde</span> <span class='ocrx_word' id='word_1_445' title='bbox 1702 2067 1808 2103; x_wconf 84' lang='lat' dir='ltr'>gloria</span> <span class='ocrx_word' id='word_1_446' title='bbox 1824 2074 1945 2097; x_wconf 83' lang='lat' dir='ltr'>nasca-</span> 
     </span>
     <span class='ocr_line' id='line_1_75' title="bbox 1145 2110 1582 2149; baseline -0.005 -6"><span class='ocrx_word' id='word_1_447' title='bbox 1145 2120 1211 2149; x_wconf 77' lang='lat' dir='ltr'>tur,</span> <span class='ocrx_word' id='word_1_448' title='bbox 1237 2121 1337 2148; x_wconf 85' lang='lat' dir='ltr'>quare</span> <span class='ocrx_word' id='word_1_449' title='bbox 1362 2114 1451 2142; x_wconf 81' lang='lat' dir='ltr'>addit</span> <span class='ocrx_word' id='word_1_450' title='bbox 1474 2110 1582 2143; x_wconf 81' lang='lat' dir='ltr'>nobis.</span> 
     </span>
    </p>

    <p class='ocr_par' dir='ltr' id='par_1_27' title="bbox 1195 2157 1943 2198">
     <span class='ocr_line' id='line_1_76' title="bbox 1195 2157 1943 2198; baseline 0 -12"><span class='ocrx_word' id='word_1_451' title='bbox 1195 2157 1247 2187; x_wconf 86' lang='lat'>37.</span> <span class='ocrx_word' id='word_1_452' title='bbox 1274 2160 1321 2188; x_wconf 92' lang='lat' dir='ltr'>Tu</span> <span class='ocrx_word' id='word_1_453' title='bbox 1351 2166 1485 2198; x_wconf 80' lang='lat' dir='ltr'>servas,</span> <span class='ocrx_word' id='word_1_454' title='bbox 1526 2162 1562 2188; x_wconf 75' lang='lat' dir='ltr'>ut.</span> <span class='ocrx_word' id='word_1_455' title='bbox 1598 2162 1731 2187; x_wconf 83' lang='lat' dir='ltr'>aeterna</span> <span class='ocrx_word' id='word_1_456' title='bbox 1761 2157 1838 2186; x_wconf 90' lang='lat' dir='ltr'>sint.</span> <span class='ocrx_word' id='word_1_457' title='bbox 1895 2157 1943 2186; x_wconf 80' lang='lat' dir='ltr'>Cf.</span> 
     </span>
    </p>

    <p class='ocr_par' dir='ltr' id='par_1_28' title="bbox 1146 2244 1946 2467">
     <span class='ocr_line' id='line_1_77' title="bbox 1193 2244 1946 2287; baseline -0.003 -9"><span class='ocrx_word' id='word_1_458' title='bbox 1193 2248 1245 2278; x_wconf 87' lang='grc'>39.</span> <span class='ocrx_word' id='word_1_459' title='bbox 1278 2247 1381 2280; x_wconf 81' lang='lat' dir='ltr'>Certa</span> <span class='ocrx_word' id='word_1_460' title='bbox 1415 2245 1538 2278; x_wconf 81' lang='lat' dir='ltr'>domus</span> <span class='ocrx_word' id='word_1_461' title='bbox 1570 2253 1604 2277; x_wconf 84' lang='lat' dir='ltr'>ut</span> <span class='ocrx_word' id='word_1_462' title='bbox 1643 2246 1679 2286; x_wconf 83' lang='lat'>3,</span> <span class='ocrx_word' id='word_1_463' title='bbox 1712 2245 1756 2276; x_wconf 85' lang='lat'>89</span> <span class='ocrx_word' id='word_1_464' title='bbox 1797 2244 1946 2287; x_wconf 83' lang='lat' dir='ltr'>propria</span> 
     </span>
     <span class='ocr_line' id='line_1_78' title="bbox 1148 2293 1944 2331; baseline -0.001 -8"><span class='ocrx_word' id='word_1_465' title='bbox 1148 2293 1280 2324; x_wconf 74' lang='lat' dir='ltr'>domus.</span> <span class='ocrx_word' id='word_1_466' title='bbox 1336 2297 1447 2329; x_wconf 78' lang='lat' dir='ltr'>ltaque</span> <span class='ocrx_word' id='word_1_467' title='bbox 1482 2295 1547 2323; x_wconf 84' lang='lat' dir='ltr'>iam</span> <span class='ocrx_word' id='word_1_468' title='bbox 1586 2303 1650 2322; x_wconf 91' lang='lat' dir='ltr'>non</span> <span class='ocrx_word' id='word_1_469' title='bbox 1681 2298 1729 2322; x_wconf 79' lang='lat' dir='ltr'>est</span> <span class='ocrx_word' id='word_1_470' title='bbox 1760 2294 1944 2331; x_wconf 85' lang='lat' dir='ltr'>timendum,</span> 
     </span>
     <span class='ocr_line' id='line_1_79' title="bbox 1147 2339 1945 2375; baseline -0.003 -6"><span class='ocrx_word' id='word_1_471' title='bbox 1147 2349 1186 2369; x_wconf 91' lang='lat' dir='ltr'>ne</span> <span class='ocrx_word' id='word_1_472' title='bbox 1223 2341 1299 2369; x_wconf 84' lang='lat' dir='ltr'>hinc</span> <span class='ocrx_word' id='word_1_473' title='bbox 1337 2340 1533 2375; x_wconf 59' lang='lat' dir='ltr'>expellaris,</span> <span class='ocrx_word' id='word_1_474' title='bbox 1571 2344 1601 2368; x_wconf 86' lang='lat' dir='ltr'>et</span> <span class='ocrx_word' id='word_1_475' title='bbox 1638 2339 1779 2375; x_wconf 81' lang='lat' dir='ltr'>profecto</span> <span class='ocrx_word' id='word_1_476' title='bbox 1811 2340 1945 2368; x_wconf 83' lang='lat' dir='ltr'>Aeneas</span> 
     </span>
     <span class='ocr_line' id='line_1_80' title="bbox 1147 2386 1946 2421; baseline 0 -7"><span class='ocrx_word' id='word_1_477' title='bbox 1147 2395 1202 2421; x_wconf 82' lang='lat' dir='ltr'>per</span> <span class='ocrx_word' id='word_1_478' title='bbox 1226 2386 1385 2421; x_wconf 82' lang='lat' dir='ltr'>reliquum</span> <span class='ocrx_word' id='word_1_479' title='bbox 1408 2393 1538 2415; x_wconf 84' lang='lat' dir='ltr'>carmen</span> <span class='ocrx_word' id='word_1_480' title='bbox 1560 2386 1740 2421; x_wconf 72' lang='lat' dir='ltr'>Intrepidus</span> <span class='ocrx_word' id='word_1_481' title='bbox 1763 2393 1829 2414; x_wconf 89' lang='lat' dir='ltr'>rem</span> <span class='ocrx_word' id='word_1_482' title='bbox 1850 2392 1946 2415; x_wconf 85' lang='lat' dir='ltr'>suam</span> 
     </span>
     <span class='ocr_line' id='line_1_81' title="bbox 1146 2431 1236 2467; baseline -0.011 -7"><span class='ocrx_word' id='word_1_483' title='bbox 1146 2431 1236 2467; x_wconf 79' lang='lat' dir='ltr'>gerit.</span> 
     </span>
    </p>

    <p class='ocr_par' dir='ltr' id='par_1_29' title="bbox 1146 2475 1945 2596">
     <span class='ocr_line' id='line_1_82' title="bbox 1193 2475 1945 2511; baseline 0 -7"><span class='ocrx_word' id='word_1_484' title='bbox 1193 2475 1246 2505; x_wconf 77' lang='lat'>40.</span> <span class='ocrx_word' id='word_1_485' title='bbox 1273 2476 1376 2511; x_wconf 74' lang='lat' dir='ltr'>„Mire</span> <span class='ocrx_word' id='word_1_486' title='bbox 1407 2476 1537 2510; x_wconf 83' lang='lat' dir='ltr'>quidam</span> <span class='ocrx_word' id='word_1_487' title='bbox 1569 2475 1728 2505; x_wconf 74' lang='lat' dir='ltr'>conclusit</span> <span class='ocrx_word' id='word_1_488' title='bbox 1760 2477 1846 2504; x_wconf 89' lang='lat' dir='ltr'>hunc</span> <span class='ocrx_word' id='word_1_489' title='bbox 1869 2483 1945 2504; x_wconf 79' lang='lat' dir='ltr'>ver-</span> 
     </span>
     <span class='ocr_line' id='line_1_83' title="bbox 1146 2517 1944 2558; baseline -0.001 -8"><span class='ocrx_word' id='word_1_490' title='bbox 1146 2530 1219 2550; x_wconf 80' lang='lat' dir='ltr'>sum</span> <span class='ocrx_word' id='word_1_491' title='bbox 1236 2522 1365 2551; x_wconf 81' lang='lat' dir='ltr'>dicens:</span> <span class='ocrx_word' id='word_1_492' title='bbox 1385 2522 1530 2558; x_wconf 82' lang='lat' dir='ltr'>profugis</span> <span class='ocrx_word' id='word_1_493' title='bbox 1547 2527 1635 2550; x_wconf 82' lang='lat' dir='ltr'>nova</span> <span class='ocrx_word' id='word_1_494' title='bbox 1647 2521 1776 2550; x_wconf 88' lang='lat' dir='ltr'>moenia</span> <span class='ocrx_word' id='word_1_495' title='bbox 1787 2517 1944 2550; x_wconf 80' lang='lat' dir='ltr'>Teucris“</span> 
     </span>
     <span class='ocr_line' id='line_1_84' title="bbox 1147 2567 1474 2596; baseline 0.003 -1"><span class='ocrx_word' id='word_1_496' title='bbox 1147 2569 1178 2596; x_wconf 85' lang='lat' dir='ltr'>S.</span> <span class='ocrx_word' id='word_1_497' title='bbox 1204 2569 1295 2595; x_wconf 80' lang='lat' dir='ltr'>MPR</span> <span class='ocrx_word' id='word_1_498' title='bbox 1317 2567 1474 2596; x_wconf 83' lang='lat' dir='ltr'>omittunt.</span> 
     </span>
    </p>

    <p class='ocr_par' dir='ltr' id='par_1_30' title="bbox 1142 2610 1945 3057">
     <span class='ocr_line' id='line_1_85' title="bbox 1192 2610 1945 2642; baseline -0.004 -1"><span class='ocrx_word' id='word_1_499' title='bbox 1192 2610 1245 2641; x_wconf 83' lang='lat'>42.</span> <span class='ocrx_word' id='word_1_500' title='bbox 1272 2614 1342 2642; x_wconf 85' lang='lat' dir='ltr'>Hac</span> <span class='ocrx_word' id='word_1_501' title='bbox 1367 2614 1405 2641; x_wconf 75' lang='lat' dir='ltr'>tle</span> <span class='ocrx_word' id='word_1_502' title='bbox 1426 2622 1460 2642; x_wconf 91' lang='lat' dir='ltr'>re</span> <span class='ocrx_word' id='word_1_503' title='bbox 1484 2613 1550 2642; x_wconf 85' lang='lat' dir='ltr'>iam</span> <span class='ocrx_word' id='word_1_504' title='bbox 1573 2612 1718 2641; x_wconf 85' lang='lat' dir='ltr'>Helenus</span> <span class='ocrx_word' id='word_1_505' title='bbox 1745 2610 1945 2640; x_wconf 84' lang='lat' dir='ltr'>vaticinatus</span> 
     </span>
     <span class='ocr_line' id='line_1_86' title="bbox 1145 2656 1945 2695; baseline -0.004 -8"><span class='ocrx_word' id='word_1_506' title='bbox 1145 2662 1193 2687; x_wconf 83' lang='lat' dir='ltr'>est</span> <span class='ocrx_word' id='word_1_507' title='bbox 1220 2658 1278 2693; x_wconf 83' lang='lat' dir='ltr'>(cf.</span> <span class='ocrx_word' id='word_1_508' title='bbox 1307 2657 1337 2695; x_wconf 84' lang='lat'>3,</span> <span class='ocrx_word' id='word_1_509' title='bbox 1364 2656 1481 2686; x_wconf 73' lang='lat'><strong>389—</strong></span> <span class='ocrx_word' id='word_1_510' title='bbox 1496 2656 1581 2694; x_wconf 82' lang='lat'><strong>393)</strong></span> <span class='ocrx_word' id='word_1_511' title='bbox 1606 2664 1708 2692; x_wconf 80' lang='lat' dir='ltr'>paene</span> <span class='ocrx_word' id='word_1_512' title='bbox 1730 2657 1845 2685; x_wconf 86' lang='lat' dir='ltr'>iisdem</span> <span class='ocrx_word' id='word_1_513' title='bbox 1869 2664 1945 2684; x_wconf 85' lang='lat' dir='ltr'>ver-</span> 
     </span>
     <span class='ocr_line' id='line_1_87' title="bbox 1145 2701 1943 2737; baseline -0.004 -5"><span class='ocrx_word' id='word_1_514' title='bbox 1145 2704 1206 2732; x_wconf 85' lang='lat' dir='ltr'>bis.</span> <span class='ocrx_word' id='word_1_515' title='bbox 1256 2705 1354 2733; x_wconf 86' lang='lat' dir='ltr'>Recte</span> <span class='ocrx_word' id='word_1_516' title='bbox 1387 2702 1428 2732; x_wconf 82' lang='lat'>46</span> <span class='ocrx_word' id='word_1_517' title='bbox 1459 2701 1516 2733; x_wconf 83' lang='lat' dir='ltr'>hic</span> <span class='ocrx_word' id='word_1_518' title='bbox 1545 2701 1641 2732; x_wconf 84' lang='lat' dir='ltr'>locus</span> <span class='ocrx_word' id='word_1_519' title='bbox 1672 2702 1727 2737; x_wconf 85' lang='lat' dir='ltr'>qui</span> <span class='ocrx_word' id='word_1_520' title='bbox 1758 2705 1809 2731; x_wconf 87' lang='lat' dir='ltr'>est</span> <span class='ocrx_word' id='word_1_521' title='bbox 1839 2709 1878 2729; x_wconf 83' lang='lat' dir='ltr'>eo</span> <span class='ocrx_word' id='word_1_522' title='bbox 1909 2701 1943 2730; x_wconf 92' lang='lat' dir='ltr'>in</span> 
     </span>
     <span class='ocr_line' id='line_1_88' title="bbox 1144 2744 1942 2787; baseline -0.006 -9"><span class='ocrx_word' id='word_1_523' title='bbox 1144 2751 1232 2787; x_wconf 89' lang='lat' dir='ltr'>loco,</span> <span class='ocrx_word' id='word_1_524' title='bbox 1264 2749 1298 2777; x_wconf 90' lang='lat' dir='ltr'>in</span> <span class='ocrx_word' id='word_1_525' title='bbox 1322 2757 1384 2784; x_wconf 81' lang='lat' dir='ltr'>quo</span> <span class='ocrx_word' id='word_1_526' title='bbox 1410 2754 1459 2778; x_wconf 82' lang='lat' dir='ltr'>est</span> <span class='ocrx_word' id='word_1_527' title='bbox 1489 2749 1544 2784; x_wconf 86' lang='lat' dir='ltr'>qui</span> <span class='ocrx_word' id='word_1_528' title='bbox 1568 2748 1725 2784; x_wconf 83' lang='lat' dir='ltr'>loquitur,</span> <span class='ocrx_word' id='word_1_529' title='bbox 1754 2750 1785 2776; x_wconf 84' lang='lat' dir='ltr'>et</span> <span class='ocrx_word' id='word_1_530' title='bbox 1808 2744 1846 2783; x_wconf 86' lang='lat'>3,</span> <span class='ocrx_word' id='word_1_531' title='bbox 1876 2744 1942 2774; x_wconf 82' lang='lat'>393</span> 
     </span>
     <span class='ocr_line' id='line_1_89' title="bbox 1148 2792 1942 2829; baseline -0.004 -6"><span class='ocrx_word' id='word_1_532' title='bbox 1148 2792 1178 2823; x_wconf 86' lang='lat' dir='ltr'>is</span> <span class='ocrx_word' id='word_1_533' title='bbox 1201 2792 1296 2823; x_wconf 88' lang='lat' dir='ltr'>locus</span> <span class='ocrx_word' id='word_1_534' title='bbox 1320 2795 1374 2829; x_wconf 82' lang='lat' dir='ltr'>qui</span> <span class='ocrx_word' id='word_1_535' title='bbox 1400 2799 1447 2823; x_wconf 85' lang='lat' dir='ltr'>est</span> <span class='ocrx_word' id='word_1_536' title='bbox 1470 2802 1507 2823; x_wconf 89' lang='lat' dir='ltr'>eo</span> <span class='ocrx_word' id='word_1_537' title='bbox 1531 2795 1565 2823; x_wconf 89' lang='lat' dir='ltr'>in</span> <span class='ocrx_word' id='word_1_538' title='bbox 1586 2795 1672 2829; x_wconf 85' lang='lat' dir='ltr'>loeo,</span> <span class='ocrx_word' id='word_1_539' title='bbox 1702 2793 1740 2821; x_wconf 85' lang='lat' dir='ltr'>de</span> <span class='ocrx_word' id='word_1_540' title='bbox 1762 2799 1824 2826; x_wconf 85' lang='lat' dir='ltr'>quo</span> <span class='ocrx_word' id='word_1_541' title='bbox 1851 2792 1942 2821; x_wconf 85' lang='lat' dir='ltr'>locu—</span> 
     </span>
     <span class='ocr_line' id='line_1_90' title="bbox 1144 2837 1941 2876; baseline -0.003 -8"><span class='ocrx_word' id='word_1_542' title='bbox 1144 2844 1195 2869; x_wconf 83' lang='lat' dir='ltr'>tus</span> <span class='ocrx_word' id='word_1_543' title='bbox 1212 2845 1270 2876; x_wconf 79' lang='lat' dir='ltr'>est,</span> <span class='ocrx_word' id='word_1_544' title='bbox 1300 2840 1355 2874; x_wconf 81' lang='lat' dir='ltr'>qui</span> <span class='ocrx_word' id='word_1_545' title='bbox 1373 2840 1524 2874; x_wconf 84' lang='lat' dir='ltr'>loquitur.</span> <span class='ocrx_word' id='word_1_546' title='bbox 1566 2838 1691 2867; x_wconf 85' lang='lat' dir='ltr'>Poteris</span> <span class='ocrx_word' id='word_1_547' title='bbox 1713 2837 1766 2865; x_wconf 85' lang='lat' dir='ltr'>liis</span> <span class='ocrx_word' id='word_1_548' title='bbox 1789 2837 1871 2866; x_wconf 84' lang='lat' dir='ltr'>locis</span> <span class='ocrx_word' id='word_1_549' title='bbox 1895 2838 1941 2866; x_wconf 92' lang='lat' dir='ltr'>uti</span> 
     </span>
     <span class='ocr_line' id='line_1_91' title="bbox 1143 2882 1942 2920; baseline -0.003 -7"><span class='ocrx_word' id='word_1_550' title='bbox 1143 2886 1183 2913; x_wconf 84' lang='lat' dir='ltr'>ad</span> <span class='ocrx_word' id='word_1_551' title='bbox 1203 2887 1315 2914; x_wconf 86' lang='lat' dir='ltr'>horuin</span> <span class='ocrx_word' id='word_1_552' title='bbox 1343 2886 1567 2920; x_wconf 83' lang='lat' dir='ltr'>pronominum</span> <span class='ocrx_word' id='word_1_553' title='bbox 1591 2882 1860 2919; x_wconf 83' lang='lat' dir='ltr'>significationem</span> <span class='ocrx_word' id='word_1_554' title='bbox 1888 2884 1942 2911; x_wconf 79' lang='lat' dir='ltr'>tle-</span> 
     </span>
     <span class='ocr_line' id='line_1_92' title="bbox 1142 2932 1394 2960; baseline -0.008 0"><span class='ocrx_word' id='word_1_555' title='bbox 1142 2932 1394 2960; x_wconf 81' lang='lat' dir='ltr'>monstrandam.</span> 
     </span>
     <span class='ocr_line' id='line_1_93' title="bbox 1143 2974 1944 3011; baseline -0.004 -6"><span class='ocrx_word' id='word_1_556' title='bbox 1143 2985 1184 3005; x_wconf 89' lang='lat' dir='ltr'>ex</span> <span class='ocrx_word' id='word_1_557' title='bbox 1216 2984 1277 3010; x_wconf 87' lang='lat' dir='ltr'>quo</span> <span class='ocrx_word' id='word_1_558' title='bbox 1315 2980 1384 3011; x_wconf 80' lang='lat' dir='ltr'>post</span> <span class='ocrx_word' id='word_1_559' title='bbox 1419 2975 1551 3011; x_wconf 85' lang='lat' dir='ltr'>triginta</span> <span class='ocrx_word' id='word_1_560' title='bbox 1587 2980 1691 3002; x_wconf 81' lang='lat' dir='ltr'>annos</span> <span class='ocrx_word' id='word_1_561' title='bbox 1729 2974 1858 3002; x_wconf 77' lang='lat' dir='ltr'>condita</span> <span class='ocrx_word' id='word_1_562' title='bbox 1893 2978 1944 3003; x_wconf 82' lang='lat' dir='ltr'>est.</span> 
     </span>
     <span class='ocr_line' id='line_1_94' title="bbox 1142 3016 1941 3057; baseline -0.004 -7"><span class='ocrx_word' id='word_1_563' title='bbox 1142 3023 1248 3054; x_wconf 62' lang='lat' dir='ltr'>Alb-‘⁴13</span> <span class='ocrx_word' id='word_1_564' title='bbox 1288 3022 1435 3055; x_wconf 85' lang='lat' dir='ltr'>idemque</span> <span class='ocrx_word' id='word_1_565' title='bbox 1468 3020 1561 3048; x_wconf 79' lang='lat' dir='ltr'>tradit</span> <span class='ocrx_word' id='word_1_566' title='bbox 1593 3020 1698 3047; x_wconf 70' lang='lat' dir='ltr'>Varro</span> <span class='ocrx_word' id='word_1_567' title='bbox 1731 3019 1800 3047; x_wconf 89' lang='lat' dir='ltr'>RR.</span> <span class='ocrx_word' id='word_1_568' title='bbox 1839 3018 1877 3057; x_wconf 77' lang='lat'>2,</span> <span class='ocrx_word' id='word_1_569' title='bbox 1910 3016 1941 3048; x_wconf 71' lang='lat'>4.</span> 
     </span>
    </p>
   </div>
   <div class='ocr_carea' id='block_1_17' title="bbox 1451 2928 2005 2965">
    <p class='ocr_par' dir='ltr' id='par_1_31' title="bbox 1451 2928 2005 2965">
     <span class='ocr_line' id='line_1_95' title="bbox 1451 2928 2005 2965; baseline -0.004 -6"><span class='ocrx_word' id='word_1_570' title='bbox 1451 2931 1511 2959; x_wconf 85' lang='lat' dir='ltr'>Hic</span> <span class='ocrx_word' id='word_1_571' title='bbox 1547 2931 1638 2958; x_wconf 89' lang='lat' dir='ltr'>locus</span> <span class='ocrx_word' id='word_1_572' title='bbox 1673 2932 1721 2956; x_wconf 88' lang='lat' dir='ltr'>est</span> <span class='ocrx_word' id='word_1_573' title='bbox 1751 2928 1942 2965; x_wconf 82' lang='lat' dir='ltr'>Lavinium,</span> <span class='ocrx_word' id='word_1_574' title='bbox 2003 2945 2005 2957; x_wconf 84' lang='lat'><em>.</em></span> 
     </span>
    </p>
   </div>
  </div>
 </body>
</html>
