2023 3350
738 99 978 134 AENEIDOS
1005 102 1090 134 LIB.
1123 103 1199 134 VH.

1714 105 1794 144 339

135 217 261 259 Nunc
299 219 467 270 repeto,
506 213 716 256 Anchises
754 213 945 256 fatorum
980 228 1142 257 arcana
1177 215 1373 270 reliquit:

135 275 276 326 Quum
311 278 372 326 te,
412 275 530 324 nate,
571 271 706 314 fames
745 272 896 326 ignota
939 273 996 314 ad
1031 273 1164 316 litora
1203 278 1370 315 vectum

134 333 300 375 Accisis
340 335 467 386 coget
504 330 690 385 dapibus
730 344 982 373 consumere
1024 345 1206 383 mensas,

1713 335 1794 373 125

133 391 242 432 Tum
284 403 461 444 sperare
499 388 650 430 domos
688 388 904 441 defessus,
942 389 1090 444 ibique
1127 394 1343 431 memento

130 449 277 491 Prima
317 448 462 491 locare
499 461 630 489 manu
666 447 898 501 molirique
935 462 1096 502 aggere
1132 451 1256 490 tecta.

133 507 253 548 Haec
293 510 388 548 erat
424 506 501 547 illa
542 505 697 557 fames3
738 505 846 548 haec
885 520 965 549 nos
1005 519 1210 560 suprema
1245 506 1460 557 manebat,

132 564 290 606 Exitiis
328 564 527 619 positura
559 563 746 605 modum.

132 622 274 673 Quare
308 623 446 676 agite,
486 626 527 664 et
563 622 703 676 primo
745 622 849 664 laeti
888 636 985 663 cum
1024 621 1184 663 lumine
1222 622 1338 673 solis,

1711 624 1791 662 130

131 681 249 731 Quae
284 681 400 731 loca,
445 680 570 735 quive
607 679 799 722 habeant
835 679 1046 731 homines,
1084 679 1159 721 ubi
1197 681 1369 721 moenia
1410 680 1561 731 gentis.

130 738 424 792 Vestigemus,
463 743 506 780 et
546 753 571 779 a
611 742 744 792 portu
788 738 960 780 diversa
999 740 1210 792 petamus.

131 797 256 838 Nunc
294 801 471 851 pateras
509 795 645 838 libate
682 796 795 847 Iovi,
833 796 1124 850 precibusque
1160 800 1311 836 vocate

128 854 347 897 Anchisen
388 855 645 909 genitorem,
688 859 731 896 et
769 855 869 896 vina
909 854 1104 909 reponite
1137 853 1306 895 mensis.

129 912 200 955 Sic
238 913 393 955 deinde
432 912 588 954 effatus
631 912 851 954 frondenti
893 917 1093 966 tempora
1128 925 1251 953 ramo
1712 916 1775 953 1.:

1740 916 1761 953 υἱ)

1772 916 1790 953 Nu!

127 971 353 1025 Implicat,
391 975 433 1013 et
472 970 741 1024 Geniumque
781 970 883 1021 loci,
919 971 1190 1024 primamque
1232 969 1409 1010 deorum

128 1029 366 1081 Tellurem,
396 1028 724 1084 Nymphasque,
766 1033 808 1070 et
846 1028 989 1070 adhuc
1021 1028 1172 1081 ignota
1210 1030 1416 1081 precatur

128 1087 347 1139 Flumina3
381 1090 474 1129 tum
512 1087 714 1139 Noctem,
753 1087 989 1140 Noctisque
1023 1085 1208 1127 orientia
1246 1085 1382 1137 signu,

128 1145 394 1200 Idaeumque
432 1145 592 1197 Iovem,
629 1144 948 1199 Phrygiamque
986 1158 1038 1185 ex
1076 1142 1228 1184 ordine
1261 1142 1448 1184 Matrem

131 1203 328 1256 Invocat,
366 1207 409 1245 et
446 1203 640 1258 duplices
679 1202 898 1256 Caeloque
936 1200 1166 1255 Ereboque
1195 1203 1408 1255 parentes.

175 1320 252 1352 123.
279 1324 398 1363 repeto
430 1333 474 1353 sc.
510 1324 667 1352 memoria
701 1322 740 1352 cf.
780 1320 818 1359 3,
859 1319 932 1349 18⁴.

131 1384 169 1388 —-
194 1369 370 1406 Anchises,
398 1374 430 1399 ut
448 1371 603 1406 vidimus,
631 1370 749 1404 ubique
774 1368 832 1397 suit
859 1369 934 1396 deo—

129 1423 201 1444 rum
231 1416 391 1451 interpres
416 1421 444 1445 et
477 1421 571 1445 vates
600 1416 639 1445 cf.
666 1415 703 1452 5,
737 1412 799 1449 47;
833 1422 934 1449 quare

127 1462 225 1491 etiam
257 1469 379 1492 arcana
415 1462 555 1491 fatorum
593 1462 769 1496 reliquisse
806 1461 932 1494 dieitur,

126 1515 212 1543 quae
237 1510 277 1537 ab
303 1517 339 1537 00
370 1512 402 1537 ut
427 1509 495 1537 alia
520 1509 553 1537 in
578 1508 693 1544 Elysio
717 1508 853 1536 Aeneas
883 1507 932 1536 vi-

126 1555 219 1584 detur
258 1555 436 1589 accepisse.
504 1556 593 1583 llaec
637 1562 761 1583 arcana
796 1554 933 1582 tinxisse

126 1600 306 1637 Virgilium
331 1603 391 1630 1100
416 1603 497 1638 1000,
524 1608 722 1636 (utantquam
748 1604 845 1629 antea
869 1609 932 1629 non

125 1647 369 1685 memoraverit,
404 1656 468 1676 non
499 1652 550 1677 est
582 1649 665 1683 quod
697 1647 932 1681 vituperemus.

126 1694 235 1728 Neque
258 1693 330 1722 iure
354 1694 611 1731 reprehenditur,
637 1695 721 1729 quod
748 1701 845 1728 quum
872 1694 933 1722 Ce-

126 1740 221 1769 laeno
247 1739 330 1769 illud
354 1743 523 1769 oraculum
549 1740 691 1769 dedisset
718 1738 753 1776 3,
786 1737 869 1775 255,
902 1743 933 1767 et

126 1786 288 1815 Helenum
311 1786 382 1821 ipse
408 1788 446 1815 de
480 1795 517 1815 eo
544 1786 767 1816 consuluisset
795 1794 827 1814 v.
854 1782 932 1821 394,

126 1833 187 1861 hoc
209 1833 279 1861 1000
301 1832 406 1866 patris
431 1833 626 1861 vaticinium
652 1832 772 1860 intulit.
824 1833 932 1865 Neque

126 1878 213 1907 0111111
256 1878 414 1915 Celaeno,
458 1887 563 1914 neque
598 1880 762 1911 Helenus,
803 1878 932 1912 quando

127 1930 262 1953 mensas
301 1929 545 1961 consumerent,
592 1928 719 1958 tempus
753 1928 782 1952 et
824 1924 932 1953 10011111

126 1970 218 1999 urbis
243 1971 428 1999 condendae
453 1970 519 1999 iani
547 1971 664 1999 adesse
690 1970 852 1998 dixerunt.
897 1970 932 1998 ld

125 2016 194 2045 sore
227 2025 245 2044 e
277 2020 365 2050 patre
389 2017 526 2045 audivit.
579 2018 687 2050 Neque
724 2015 845 2044 furiam
880 2015 931 2043 in—

126 2062 234 2091 fausto
271 2062 379 2090 omine
410 2066 565 2092 memorat
600 2063 655 2091 sed
683 2066 814 2096 patrem.
868 2058 930 2090 Rb.

125 2108 159 2137 in
186 2110 246 2138 1100
270 2108 449 2137 offenditur.

173 2151 250 2182 126.
281 2151 370 2183 Tum
393 2156 564 2184 memento
589 2161 733 2194 sperare
757 2155 788 2183 ct
815 2150 934 2182 locare

126 2202 189 2231 etc.

173 2243 248 2274 127.
275 2243 462 2286 molirique
493 2253 632 2286 aggere
667 2247 780 2281 tccta;
821 2248 931 2274 urbem

125 2293 263 2322 condere
293 2299 412 2329 aggere
443 2296 473 2321 et
508 2294 598 2322 vallo
631 2294 724 2321 ducto
757 2293 796 2321 cf.
829 2290 866 2329 3,
900 2290 929 2319 6.

129 2335 182 2368 Pl.
229 2338 317 2367 eiicit
356 2336 515 2376 defessus
555 2354 599 2358 —
641 2340 758 2373 ἰθείας
809 2335 929 2366 locare

125 2386 218 2414 tecta
244 2384 283 2413 cf.
312 2382 350 2421 3,
380 2381 431 2412 17.

174 2427 249 2458 129.
277 2427 393 2459 exiliis
428 2432 551 2469 MPybc
589 2438 692 2467 grave
731 2432 929 2460 vocabulum

125 2484 183 2512 pro
218 2476 412 2513 infortunio,
453 2476 501 2505 ita
535 2475 591 2515 10,
626 2475 703 2505 850.
761 2478 828 2506 Hoc
860 2478 930 2506 1000

126 2519 237 2552 exitia
279 2526 353 2551 sunt
397 2530 480 2557 quae
527 2527 706 2553 nascuntur
746 2524 929 2559 erroribus3

125 2564 244 2597 exiliis
275 2569 327 2597 dat
355 2565 418 2597 Rb.

125 2619 288 2649 ponerent.

174 2658 248 2689 133.
275 2661 327 2689 Ad
350 2660 429 2689 litus
453 2660 596 2697 appulsi,
624 2660 723 2689 fatale
749 2669 784 2689 se
810 2668 928 2689 arvum

125 2709 233 2736 tenere
270 2707 472 2743 nescientes,
514 2706 621 2735 cibum
658 2710 793 2743 parant,
834 2707 926 2735 modo

125 2756 159 2782 ut
182 2752 360 2789 satientur3
396 2753 463 2782 iam
496 2760 575 2781 vero
608 2752 715 2781 omine
749 2757 816 2782 tam
840 2753 926 2781 laeto

125 2803 256 2834 accepto
291 2804 322 2829 et
350 2799 477 2836 gratiae
508 2798 574 2827 diis
599 2799 745 2835 agendae
773 2803 864 2836 sunt,
886 2802 927 2827 .et

124 2853 224 2880 quum
249 2854 286 2875 eo
310 2846 382 2881 ipso
405 2847 475 2875 loco
496 2845 693 2874 manendum
719 2845 780 2883 sit,
808 2845 853 2874 dii
876 2845 928 2874 in-

126 2891 249 2928 digetes
275 2896 350 2921 sunt
374 2891 563 2921 venerandi.
586 2906 624 2910 —
648 2892 760 2926 Itaque
788 2892 928 2926 primum

126 2937 201 2966 Iovi
234 2941 264 2966 et
298 2938 485 2975 Anchisae,
524 2937 582 2972 qui
619 2937 687 2966 iam
726 2937 812 2966 inter
851 2939 929 2966 deos

126 2984 249 3013 relatus
274 2988 323 3014 est
348 2984 387 3014 cf.
409 2984 441 3022 5,
465 2980 510 3013 58
535 2992 596 3020 sq.,
621 2983 754 3021 libatur,
781 2985 865 3018 quod
886 2985 928 3013 ab

127 3028 170 3058 iis
203 3033 252 3059 est
282 3032 471 3067 oraculum3
509 3030 624 3060 deinde
655 3030 750 3067 genio
780 3030 860 3066 loci,
894 3030 928 3060 in

472 2565 657 2606 Positum,
689 2570 863 2598 constituta
897 2574 930 2598 ut

1710 1204 1789 1242 140

983 1330 1044 1356 quo
1071 1321 1218 1350 mansuri
1245 1325 1330 1350 sunt.
1383 1319 1504 1348 Deinde
1525 1320 1603 1348 aliis
1627 1320 1788 1350 omnihus.

983 1377 1022 1396 ne
1047 1369 1221 1403 quisquam
1253 1375 1362 1395 00111111
1392 1366 1569 1394 offendatur
1595 1367 1636 1395 ef.
1665 1366 1701 1404 3,
1738 1366 1787 1396 19.

986 1430 1021 1433 -
1051 1415 1200 1453 pulcras
1227 1411 1340 1442 libare
1367 1412 1405 1442 es.
1434 1410 1470 1449 3,
1499 1410 1575 1440 354.

1033 1457 1107 1488 134.
1140 1457 1312 1499 Reponite
1339 1455 1469 1487 mensis
1503 1458 1641 1488 sornntla
1666 1465 1715 1488 est
1740 1461 1789 1488 di-

981 1507 1073 1535 cendi
1099 1506 1138 1534 es.
1170 1504 1202 1540 1,
1230 1504 1306 1534 216.
1361 1502 1423 1533 leb.
1450 1505 1536 1533 eiieit
1566 1507 1598 1534 ct
1625 1521 1668 1525 ——
1694 1514 1789 1536 men-

981 1551 1039 1586 sis,
1065 1553 1242 1589 „quoniam
1270 1559 1402 1581 mensas
1424 1554 1732 1586 constunpserant*'·.

1030 1596 1105 1627 135.
1134 1596 1262 1628 ‹lcintlc
1291 1599 1330 1628 es.
1358 1598 1396 1631 5,
1437 1595 1487 1626 14.
1523 1613 1561 1617 —-
1598 1607 1697 1628 ramo
1725 1596 1788 1628 im-

978 1642 1107 1686 plicat,
1141 1649 1172 1674 ut
1207 1653 1333 1680 semper
1366 1644 1460 1673 festis
1490 1644 1604 1673 diebus
1635 1649 1662 1673 et
1696 1646 1730 1674 in
1754 1654 1788 1675 re

980 1700 1076 1721 saera
1106 1692 1146 1720 tit.

1030 1747 1104 1777 136.
1131 1745 1279 1789 genium
1309 1744 1378 1777 loci
1405 1748 1444 1777 ef.
1474 1748 1511 1785 5,
1544 1746 1598 1777 95.
1638 1765 1675 1768 -
1713 1747 1788 1789 pri-

981 1802 1144 1833 mamque
1180 1792 1322 1823 deornm
1369 1790 1564 1828 Tellurem,
1614 1795 1653 1823 cf.
1689 1797 1785 1830 soph.

982 1842 1059 1869 Ant.
1098 1837 1162 1869 333
1203 1835 1306 1869 &miv
1342 1832 1413 1869 τὰν
1448 1831 1660 1878 ὑπερτάταν
1700 1838 1785 1870 Γᾶν.

982 1888 1093 1916 Prima
1124 1890 1171 1915 est
1207 1888 1357 1916 1100111111.
1403 1893 1501 1920 quum
1542 1894 1583 1915 ex
1618 1894 1657 1915 ea
1688 1888 1786 1917 ceteri

982 1934 1047 1961 sint
1079 1933 1239 1969 generati,
1275 1932 1314 1962 cf.
1342 1933 1419 1960 Hes.
1442 1932 1562 1968 'l'lteog.
1591 1930 1650 1970 44,
1686 1941 1787 1968 quare

980 1980 1168 2008 etiamnunc
1190 1979 1329 2014 prinnini
1347 1983 1373 2007 et
1394 1978 1685 2008 honoratissimum
1704 1979 1787 2009 inter

979 2034 1036 2054 eos
1067 2027 1174 2055 locum
1204 2025 1334 2054 obtinet.
1390 2024 1473 2052 Atia
1502 2029 1549 2053 est
1587 2025 1783 2060 explicatio:

979 2075 1007 2100 et
1032 2072 1171 2106 primam
1193 2071 1278 2100 inter
1298 2072 1376 2099 deos
1397 2070 1527 2099 invocat
1546 2071 1721 2101 Tellurem.
1744 2089 1782 2092 —

984 2114 1139 2146 Primam
1173 2115 1316 2146 deorum
1351 2117 1470 2146 dietum
1503 2120 1551 2145 est
1581 2121 1614 2146 ut
1645 2119 1720 2147 Hor.
1752 2121 1783 2147 S.

984 2160 1017 2199 1,
1057 2161 1092 2200 i,
1139 2160 1202 2191 too
1236 2160 1436 2199 fortissima
1483 2160 1784 2202 Tyndaridarum.

979 2210 1065 2237 Flor.
1090 2207 1121 2246 3,
1150 2206 1190 2236 10
1217 2205 1467 2237 immanissimi
1487 2206 1648 2247 gentium
1674 2206 1784 2239 Galli.

981 2257 1090 2290 Neque
1119 2255 1215 2284 aliter
1241 2254 1304 2283 11101
1339 2258 1450 2289 potest.
1501 2253 1549 2281 (ff.
1578 2256 1629 2282 Gr.
1659 2255 1680 2289 ἕ
1707 2253 1783 2292 235,

980 2302 1042 2330 An.
1071 2299 1102 2329 6.

1029 2356 1102 2387 138.
1130 2355 1257 2399 ignota
1291 2354 1447 2396 flumina
1482 2364 1527 2385 se.
1562 2357 1705 2386 Tiberim
1744 2359 1782 2387 cf.

983 2402 1040 2441 11,
1069 2402 1146 2433 659.

1028 2460 1101 2491 139.
1129 2470 1169 2491 ex
1194 2458 1318 2490 ordine
1347 2460 1386 2490 cf.
1419 2456 1499 2497 177,
1531 2468 1572 2488 ex
1601 2464 1689 2489 certa
1719 2461 1785 2489 for-

978 2511 1079 2546 mula,
1097 2517 1117 2537 a
1132 2515 1195 2543 qua
1212 2508 1363 2537 decedere
1377 2505 1471 2535 nefas
1484 2511 1543 2535 est.
1563 2522 1600 2525 —
1622 2503 1784 2547 Phrygia

977 2557 1092 2584 mater
1117 2555 1251 2591 Cybele.
1300 2553 1381 2582 Eius
1410 2554 1518 2582 cultus
1545 2553 1674 2581 tandem
1697 2554 1783 2582 bello

979 2602 1102 2631 Punico
1128 2601 1269 2630 secundo
1300 2600 1452 2628 inductus
1479 2603 1545 2635 est,
1578 2606 1677 2633 quum
1702 2600 1784 2628 Pes-

977 2648 1108 2676 sinunte
1126 2647 1198 2676 eius
1216 2647 1431 2675 simulacrum
1452 2647 1697 2674 arcessebatur:
1725 2644 1784 2680 (de

976 2702 1042 2729 qua
1063 2703 1096 2723 10
1125 2693 1164 2723 cf.
1189 2697 1316 2728 praeter
1339 2691 1424 2720 alios
1444 2692 1503 2719 Ov.
1529 2692 1616 2719 Fast.
1646 2689 1684 2728 4,
1718 2688 1779 2720 181

976 2742 1046 2776 sq.)
1069 2741 1125 2769 sed
1150 2741 1225 2773 Vgl.
1253 2738 1342 2775 fingit
1369 2745 1440 2766 eum
1464 2736 1530 2765 iam
1555 2739 1596 2766 ab
1620 2737 1785 2772 antiquis-

975 2787 1070 2815 simis
1102 2786 1300 2821 temporibus
1330 2783 1498 2820 viguisse3
1531 2787 1561 2812 et
1593 2783 1622 2812 si
1648 2784 1783 2813 Troiani

975 2833 1245 2866 immigraverant
1279 2835 1308 2860 et
1349 2829 1521 2865 imperium
1555 2834 1647 2858 erant.
1682 2830 1782 2866 nacti,

975 2879 1124 2915 Phrygia
1160 2882 1262 2908 mater
1299 2878 1386 2906 culta
1420 2877 1555 2905 debebat
1587 2884 1671 2906 esse.
1732 2876 1781 2905 Cf.

976 2927 1018 2955 ad
1044 2923 1081 2963 3,
1109 2922 1184 2954 111.

1024 2979 1101 3011 140.
1129 2978 1287 3022 duplices
1320 2982 1398 3018 duo,
1431 2982 1534 3009 ambo.
1595 2979 1643 3008 Cf.
1673 2980 1715 3008 ad
1751 2976 1784 3017 1,

977 3027 1030 3058 93.
1060 3044 1098 3049 κ-
1127 3030 1165 3057 Ιιι
1191 3024 1298 3058 Caelo
1334 3027 1467 3064 Venus,
1507 3026 1542 3054 in
1576 3022 1688 3055 Erebo
1709 3026 1783 3055 An-
