2023 3350
310 132 394 171 494

874 128 912 159 P.
942 127 1137 160 VlltGlLll
1171 127 1383 161 MARONIS

310 242 415 283 Tum
456 240 517 281 sic
559 239 756 291 ignarum
796 239 1066 294 adloquitur:
1103 240 1340 295 vigilasne,
1376 241 1502 284 deum
1542 254 1667 295 gens,

309 298 481 340 Aenea?
540 296 698 349 Vigila,
732 299 774 337 et
808 297 912 339 velis
946 298 1130 339 immitte
1172 299 1387 341 rudentes.

309 357 398 397 Nos
436 368 598 405 sumus,
637 353 792 395 Idaeae
832 368 956 396 sacro
991 355 1044 397 de
1080 356 1238 397 vertice
1272 357 1417 410 pinus,

308 414 431 454 Nunc
461 412 602 465 pelagi
640 411 878 466 Nymphae,
917 413 1066 454 classis
1100 416 1187 454 tua.

308 470 570 522 Praecipites
608 468 722 510 ferro
764 470 948 512 Rutulus
989 471 1246 524 fiammaque
1280 471 1523 525 premebat,

308 528 515 581 Rupimus
553 527 712 568 invitae
749 530 826 569 tua
860 528 1047 578 vincula,
1089 532 1218 581 teque
1242 543 1319 582 per
1349 542 1515 583 aequor

308 585 573 635 Quaerimus.

306 643 362 684 Et
399 642 517 684 dedit
552 656 643 683 esse
677 641 780 684 deas
814 657 1049 697 aevumque
1083 644 1249 697 agitare
1285 643 1363 686 sub
1402 644 1539 685 undis.

306 702 364 741 At
402 714 508 753 puer
541 700 750 742 Ascanius
792 715 915 743 muro
952 701 1162 755 fossisque
1199 705 1368 743 tenetur

306 757 409 799 Tela
441 758 555 798 inter
582 757 723 799 media
757 762 888 812 atque
919 758 1143 800 horrentes
1182 759 1322 801 Marte
1358 759 1550 800 Latinos.

305 815 398 857 Iam
434 815 532 856 loca
563 815 682 857 iussa
718 819 835 857 tenet
870 816 976 858 forti
1011 816 1250 870 permixtus
1284 817 1466 858 Etrusco

308 874 440 914 Arcas
476 887 615 927 eques.

675 873 839 914 Medias
877 875 963 915 illis
1001 888 1217 929 opponere
1252 878 1439 925 turmas,

304 931 369 972 Ne
410 931 564 972 castris
594 931 795 984 iungant,
827 935 945 973 certa
981 936 1046 973 est
1080 932 1293 974 sententia
1330 932 1484 973 Turno.

306 988 441 1041 Surge
480 1002 578 1042 age,
619 992 661 1029 et
698 989 869 1030 Aurora
906 990 1046 1031 socios
1080 990 1275 1032 veniente
1307 989 1453 1032 vocari

304 1046 474 1087 Primus
511 1047 556 1087 in
593 1060 714 1087 arma
748 1046 867 1098 iube,
901 1051 943 1089 et
975 1048 1159 1101 clipeum
1195 1061 1320 1101 cape,
1358 1060 1486 1101 quem
1520 1044 1640 1086 dedit
1677 1043 1770 1097 ipse

303 1104 515 1145 Invictum
549 1104 793 1158 ignipotens
834 1108 965 1159 atque
1004 1119 1101 1147 oras

1856 356 1938 396 230

1246 414 1436 455 Perfidus
1475 416 1525 455 ut
1564 426 1641 454 nos

633 584 754 625 Hanc
786 585 990 626 Genetrix
1026 585 1179 627 faciem
1213 586 1416 628 miserata
1445 585 1612 637 refecit,
1858 643 1934 683 23?

1915 656 1938 682 o

1857 930 1940 968 240

1147 1105 1299 1147 ambiit
1337 1119 1454 1146 auro.

1857 1217 1938 1256 245

305 1161 505 1204 Crastina
538 1161 630 1212 lux,
667 1176 763 1203 mea
801 1162 837 1204 si
873 1177 959 1204 non
995 1163 1128 1204 inrita
1164 1163 1280 1205 dicta
1313 1162 1498 1217 putaris,

303 1220 502 1272 Ingentes
539 1220 724 1261 Rutulae
759 1221 974 1273 spectabit
1014 1220 1159 1262 caedis
1195 1234 1383 1263 acervos.

303 1277 503 1330 Dixerat,
542 1281 586 1319 et
621 1277 774 1319 dextra
813 1278 1035 1321 discedens
1071 1279 1243 1332 impulit
1280 1279 1433 1329 altam,

347 1450 426 1480 228.
457 1448 633 1492 vigilasne
675 1448 774 1480 deum
817 1460 925 1492 gens:

304 1503 378 1527 sunt
429 1504 615 1533 sacrorum;
665 1505 739 1525 nam
782 1498 929 1532 virgines
977 1500 1099 1527 Vestae

304 1548 392 1572 certo
421 1543 473 1571 die
496 1544 584 1571 ibant
610 1544 649 1571 ad
667 1551 776 1578 regem
802 1551 971 1572 sacrorum
997 1549 1026 1572 et
1053 1545 1102 1573 tli-

304 1591 437 1618 cebant:
486 1586 665 1628 vigilasne
690 1584 776 1617 rex?
825 1587 961 1628 vigila.-
1008 1591 1100 1624 Quod

305 1637 374 1671 Vgl.
408 1635 477 1662 iure
510 1635 563 1662 dat
594 1636 748 1671 Aeneae,
782 1635 878 1668 quasi
909 1639 940 1663 et
971 1637 1036 1671 regi
1069 1641 1100 1664 et

303 1688 398 1715 quem
425 1680 544 1714 ubique
577 1679 757 1715 pontificem
791 1686 819 1707 et
850 1687 1020 1709 sacrorum
1051 1681 1100 1709 in-

303 1726 388 1756 ducit
419 1725 589 1760 peritum.“
634 1727 665 1753 S.
716 1726 850 1754 Videtur
883 1726 991 1755 sacris
1024 1734 1101 1755 ver-

302 1772 353 1800 bis
379 1772 562 1806 assumptis
591 1775 687 1806 poeta
717 1771 823 1805 ipsius
853 1772 1007 1800 carminis
1041 1779 1101 1800 au-

302 1822 428 1846 cturum
458 1816 565 1845 fuisse
595 1816 800 1851 gravitatem.

302 1864 332 1892 id
364 1864 543 1899 spectavit,
577 1867 607 1890 ut
640 1863 773 1891 Aeneas
804 1866 895 1891 esset
930 1871 986 1898 pro
1022 1871 1100 1898 rege

302 1909 498 1945 sacrificulo,
529 1909 587 1937 sed
614 1909 776 1943 gaudebat
810 1910 850 1936 ad
883 1916 1005 1937 morem
1039 1910 1100 1938 ali-

302 1963 397 1989 quem
423 1960 534 1982 notum
560 1955 718 1989 alludere,
764 1958 796 1982 ut
829 1955 1028 1989 saepissime
1056 1963 1100 1983 ex

303 2001 410 2035 poetis
434 2000 560 2029 Latinis
584 2000 717 2034 singula
741 2001 905 2028 vocabula
931 2005 984 2028 aut
1012 2005 1099 2029 totos

304 2054 409 2082 paene
436 2054 557 2074 versus
583 2046 742 2080 sublegit,
773 2049 805 2073 ut
840 2050 950 2074 notum
977 2047 1097 2080 aliquid

301 2092 451 2120 referens
489 2094 652 2126 legentem
689 2091 831 2119 afficeret
865 2092 952 2120 dulci
976 2100 1100 2120 memo-

303 2139 371 2167 riae
396 2138 607 2165 iucunditate.
658 2137 705 2166 Cf.
732 2138 772 2165 ad
798 2137 830 2172 8,
853 2136 896 2165 46
915 2143 998 2166 extr.

347 2193 423 2221 229.
451 2191 535 2222 uelis
577 2191 722 2222 immitte
770 2191 936 2222 rudentes
980 2194 1021 2222 cf.
1067 2194 1099 2230 8,

301 2239 378 2268 708.

347 2284 424 2314 230.
451 2285 504 2312 Sic
545 2286 617 2312 Ter.
649 2286 731 2312 Eun.
759 2282 790 2319 3,
829 2283 859 2321 3,
891 2283 935 2313 24
970 2282 1099 2324 Ecquis

301 2326 381 2359 hic?
414 2345 458 2350 —-
490 2327 569 2369 Ego
595 2337 685 2365 sum,
721 2327 892 2358 Chremes.
925 2346 970 2349 —
1001 2339 1098 2359 sat-ro

301 2374 344 2406 de
366 2373 502 2413 vertice,
528 2376 601 2403 inde
623 2376 718 2410 ipsae
744 2383 872 2404 sacrae.

345 2432 422 2461 231.
447 2429 603 2471 perfidus
635 2432 714 2468 „qui
745 2437 817 2467 post
857 2432 974 2462 foedus
1011 2435 1098 2462 bella

301 2477 519 2507 commovet.“
547 2480 578 2506 S.
599 2477 639 2506 cf.
667 2476 697 2514 7,
724 2478 800 2506 595.

344 2522 421 2552 232.
447 2520 673 2563 praecipites:
700 2524 804 2558 Quum
829 2532 889 2552 nos
907 2532 990 2557 quae
1001 2532 1098 2559 prae-

300 2570 427 2605 cipites,
455 2571 581 2597 celeres
608 2577 737 2605 sumus,
765 2575 942 2603 premeret,
979 2577 1009 2598 v.
1037 2578 1098 2598 ru-

298 2614 416 2655 pimus
439 2615 458 2643 i.
469 2623 496 2643 e.
509 2616 712 2644 ostendimus
723 2615 922 2644 celeritatem
938 2621 1095 2645 nostram.

301 2661 349 2691 Cf.
378 2660 430 2697 lt,
451 2660 528 2689 213.

345 2705 421 2734 233.
448 2703 592 2741 invitae,
617 2714 712 2740 quum
735 2708 869 2734 mallent
896 2714 1004 2735 naves
1030 2708 1096 2735 Ae-

300 2760 381 2780 neae
403 2759 499 2786 quam
516 2755 681 2787 nymphae
706 2760 802 2786 esse;
828 2753 1096 2786 quidquodnunc

299 2798 395 2825 etiam
416 2799 561 2826 Aeneam
587 2798 751 2826 sollicitae
775 2804 945 2833 quaerunt,
973 2803 1003 2827 ut
1021 2803 1096 2827 acta

300 2844 456 2871 nuntient.
487 2859 531 2862 —
559 2846 619 2872 tua
646 2841 806 2879 vincula,
837 2851 919 2878 quae
944 2850 974 2872 lu
1001 2845 1095 2873 nobis

299 2897 378 2916 esse
405 2891 554 2917 volebas.
610 2886 753 2917 Pl.coni.
778 2887 987 2925 retinacula,
1015 2897 1096 2919 sane

301 2935 498 2967 prosaicum.

345 2978 421 3007 235.
452 2978 548 3009 dedit
581 2989 652 3008 esse
689 2977 772 3008 deas
808 2980 847 3008 cf.
877 2979 912 3014 1,
951 2979 1003 3009 66.
1052 2996 1095 3000 —-

301 3031 420 3052 acrum
447 3023 603 3064 agitare,
633 3030 665 3054 ut
698 3033 806 3066 agere
834 3026 954 3054 dictum
998 3026 1039 3055 cf.
1065 3026 1096 3062 5,

973 1454 1102 1489 „Verba

849 1817 893 1845 At
923 1825 1003 1846 vero
1036 1826 1115 1854 non,

1147 1453 1201 1482 51.
1255 1453 1308 1482 Sic
1342 1449 1485 1493 agitare
1516 1448 1623 1480 vitam
1650 1450 1821 1479 Avien.l).
1847 1449 1882 1477 T.
1909 1455 1941 1476 v.

1146 1498 1224 1527 423.
1258 1498 1354 1527 1090.
1382 1497 1478 1526 1144.
1505 1503 1535 1525 et
1560 1497 1705 1532 simplex
1741 1493 1886 1536 agitare
1910 1501 1942 1522 v.

1145 1544 1222 1574 282.
1253 1543 1346 1573 1063.

1191 1606 1268 1635 237.
1295 1602 1466 1635 horrentis
1491 1605 1595 1632 mnne
1615 1599 1773 1631 ardentis
1791 1601 1854 1641 Py]
1877 1609 1942 1629 rec.

1154 1649 1215 1681 Lu'.
1230 1650 1293 1681 nb.
1319 1650 1500 1689 „Ardentis
1524 1651 1625 1678 multo
1651 1653 1680 1676 et
1698 1647 1942 1683 significantius

1148 1699 1187 1726 de
1213 1698 1334 1733 impetu
1375 1697 1518 1726 nostium
1559 1700 1590 1723 et
1628 1695 1733 1730 magis
1776 1694 1942 1728 proprium

1147 1751 1242 1778 quam
1279 1744 1452 1771 horrentis.
1500 1744 1603 1770 Marte
1634 1741 1769 1769 Latinos
1808 1741 1943 1768 horrere

1143 1790 1342 1818 insolentius
1371 1786 1523 1818 dictumst
1575 1783 1638 1815 Rb.
1662 1785 1692 1824 l,
1715 1794 1746 1821 p.
1765 1783 1842 1814 311.

1192 1866 1269 1896 238.
1296 1869 1388 1897 tenet
1416 1867 1535 1903 PRybc
1563 1866 1679 1893 tenent
1712 1866 1753 1892 M.
1789 1870 1853 1891 rec.
1879 1859 1940 1893 Rb.

1146 1914 1326 1947 Utrumque
1352 1916 1483 1942 honum.
1531 1911 1646 1945 Itaque
1669 1911 1816 1945 Aeneas,
1844 1916 1942 1943 quum

1147 1967 1189 1988 ex
1215 1962 1293 1987 urbe
1321 1960 1458 1988 Caerete
1488 1958 1634 1985 classem
1662 1957 1821 1992 solveret,
1845 1963 1943 1990 prae—

1146 2005 1328 2033 misitterra
1356 2007 1541 2034 Tuscorum
1558 2007 1587 2031 et
1612 2002 1780 2030 Arcadum
1804 2001 1942 2038 equites,

1146 2051 1199 2085 qui
1223 2052 1286 2079 iam
1329 2053 1371 2080 att
1406 2056 1526 2080 statum
1567 2050 1674 2077 locum
1711 2052 1942 2090 pervenerunt.

1146 2097 1253 2125 Noluit
1278 2099 1362 2125 haec
1391 2098 1537 2132 pluribus
1570 2101 1716 2123 narrare.
1763 2095 1878 2127 Neque
1910 2093 1942 2120 in

1146 2151 1184 2172 eo
1213 2144 1413 2171 haerendum
1439 2147 1502 2177 est,
1543 2140 1631 2174 quod
1656 2140 1775 2168 dictum
1801 2146 1866 2166 non
1889 2138 1942 2174 sit,

1146 2190 1306 2222 utromodo
1354 2189 1401 2217 illi
1447 2186 1585 2217 Tiberim
1632 2184 1830 2214 transierint.
1891 2185 1943 2213 Ad

1147 2236 1340 2263 Palanteum
1363 2234 1461 2263 facile
1480 2236 1628 2269 poterant
1646 2238 1775 2260 amnem
1791 2230 1943 2259 traiicere

1148 2285 1179 2308 et
1203 2282 1341 2308 alterum
1375 2282 1452 2309 litus
1498 2285 1683 2313 occupare:
1731 2285 1794 2306 non
1829 2283 1941 2305 coram

1146 2327 1276 2354 Rutulis
1316 2326 1486 2354 transitum
1531 2326 1702 2360 parabant.
1758 2325 1871 2358 Neque
1910 2322 1943 2350 id

1145 2378 1258 2407 putare
1284 2379 1478 2406 quemquam
1507 2376 1605 2405 poeta
1637 2369 1782 2398 credidit.
1831 2365 1942 2406 Rb.l,

1145 2427 1173 2453 p.
1198 2417 1241 2446 84
1262 2419 1346 2452 quod
1367 2420 1397 2446 li.
1430 2418 1560 2446 tandem
1592 2418 1613 2445 l.
1642 2420 1810 2453 memorat,
1835 2415 1942 2449 negli-

1144 2464 1287 2498 gentiam
1313 2466 1410 2492 habet
1434 2468 1563 2498 poetae.

1189 2524 1267 2554 240.
1293 2528 1339 2554 Ne
1378 2533 1414 2554 se
1462 2526 1597 2561 iungant
1634 2525 1786 2554 Troianis
1810 2527 1940 2555 'furnus

1144 2572 1226 2606 cupit
1266 2572 1449 2606 prohibere.
1499 2572 1558 2606 Qui
1589 2572 1673 2600 enim
1701 2579 1744 2599 ex
1769 2573 1938 2600 Pallanteo

1143 2619 1356 2651 accedebant,
1380 2623 1413 2645 ut
1439 2618 1570 2646 Troiam
1596 2617 1812 2653 pervenirent,
1836 2617 1940 2644 Rutu-

1142 2666 1247 2692 lorum
1276 2668 1387 2692 castra
1412 2665 1623 2698 praeterirent
1647 2670 1788 2691 necesse
1811 2666 1890 2690 erat.

1189 2723 1264 2753 243.
1293 2727 1397 2764 atque
1422 2731 1499 2754 etc.:
1543 2727 1591 2754 De
1624 2728 1787 2754 structura
1816 2723 1856 2751 cf.
1886 2721 1938 2760 12,

1143 2768 1236 2805 944.;
1257 2786 1300 2789 —
1325 2772 1373 2799 ne
1399 2771 1540 2801 formula
1566 2770 1722 2806 loquendi
1747 2769 1789 2798 cf.
1810 2770 1869 2797 Ov.
1895 2771 1937 2798 M.

1142 2818 1173 2853 6,
1202 2816 1260 2845 101
1291 2814 1413 2846 circuit
1437 2819 1608 2846 extremas
1645 2813 1729 2845 oleis
1755 2808 1953 2853 pacalibus

1145 2871 1234 2892 oras.
1261 2863 1280 2892 i.
1299 2870 1326 2892 e.
1343 2863 1444 2898 pingit
1463 2864 1494 2891 in
1521 2863 1588 2892 oris
1612 2861 1785 2895 imaginem
1801 2860 1940 2889 circum-

1143 2910 1295 2938 euntibus
1334 2911 1436 2937 oleas.
1492 2905 1541 2937 ΡΙ.
1573 2909 1657 2936 delet
1689 2908 1795 2944 atque
1838 2913 1940 2935 auro.

1143 2971 1188 2976 —
1215 2953 1417 2997 ignipotens
1443 2954 1484 2982 cf.
1510 2953 1542 2991 8,
1566 2951 1643 2981 628.

1189 3022 1265 3053 245.
1291 3021 1425 3060 caedes,
1451 3020 1544 3050 caesi
1568 3019 1608 3049 cf.
1635 3015 1688 3058 11,
1713 3018 1790 3049 207.
