2023 3350
262 93 344 132 554

820 97 855 127 Ρ.
883 97 1078 131 VlRGlLll
1105 100 1311 133 MAROMS

257 204 439 245 Proinde
475 209 577 246 tona
611 206 802 260 eloquio,
844 208 1016 250 solitum
1049 210 1150 262 tibi,
1183 226 1333 267 meque
1365 215 1532 256 timoris

258 263 399 314 Argue
436 265 503 313 tu,
541 263 727 314 Drance,
764 264 934 317 quando
971 269 1038 307 tot
1067 269 1226 321 stragis
1263 285 1435 314 acervos

257 319 517 360 Teucrorum
551 323 626 361 tua
663 320 816 363 dextra
850 321 989 374 dedit,
1025 325 1268 379 passimque
1306 331 1496 384 tropaeis

1795 333 1876 372 385

256 376 437 428 Insignis
476 390 623 430 agros.⁴
674 378 814 420 Possit
851 378 955 432 quid
987 380 1128 423 vivida
1168 383 1313 437 virtus,

255 433 489 485 Experiare
525 435 646 477 licet:
680 450 757 478 nec
790 437 916 490 longe
952 438 1114 480 scilicet
1150 434 1296 482 hostes

254 490 492 539 Quaerendi
528 492 669 545 nobis3
705 494 984 536 circumstant
1019 496 1205 550 undique
1243 511 1397 540 muros.

252 547 367 588 Imus
407 549 451 590 in
491 549 721 593 adversos?
762 552 872 602 Quid
909 554 1078 595 cessas?
1115 568 1169 595 an
1202 554 1281 595 tibi
1318 555 1486 599 Mavors

252 605 441 648 Ventosa
478 607 521 648 in
558 608 706 663 lingua
741 610 1008 664 pedibusque
1044 611 1267 666 fugacibus
1301 612 1394 655 istis

251 662 426 716 Semper
466 665 576 707 erit‘?

1794 619 1875 658 390

250 720 401 763 Pulsus
436 723 545 776 ego?
580 727 657 764 aut
696 724 923 779 quisquam
956 726 1130 777 merito,
1164 726 1425 780 foedissime,
1462 730 1630 783 pulsum

249 779 434 832 Arguet,
474 780 607 822 Iliaco
644 782 857 824 tumidum
892 783 965 837 qui
1003 797 1192 826 crescere
1230 785 1433 840 Thybrim

251 836 481 890 Sanguine,
518 843 562 880 et
597 839 788 882 Euandri
827 844 967 883 totam
1001 856 1096 883 cum
1133 843 1267 897 stirpe
1300 843 1463 886 videbit

249 893 531 937 Procubuisse
564 895 756 949 domum,
792 903 922 953 atque
957 903 1106 941 exutos
1134 901 1325 943 Arcadas
1360 902 1521 944 armis?

1793 906 1874 945 395

248 951 378 993 Haud
413 953 475 995 ita
508 968 575 996 me
616 956 782 1009 experti
816 957 954 999 Bitias
990 961 1032 999 et
1074 958 1294 1000 Pandarus
1329 959 1490 1014 ingens,

248 1010 304 1051 Et
339 1024 447 1063 quos
484 1012 600 1053 mille
632 1013 700 1055 die
736 1014 874 1056 victor
913 1014 991 1056 sub
1023 1015 1204 1057 Tartara
1240 1016 1348 1069 misi,

250 1068 442 1110 Inclusus
478 1070 611 1111 muris
646 1070 878 1126 hostilique
914 1087 1070 1126 aggere
1104 1077 1288 1127 saeptus.

248 1125 376 1167 Nulla
413 1126 528 1169 salus
563 1127 699 1170 bello!
737 1129 879 1184 Capiti
918 1144 1021 1172 cane
1055 1131 1161 1172 talia
1201 1131 1372 1173 demens

247 1183 484 1237 Dardanio,
523 1186 735 1240 rebusque
767 1188 865 1230 tuis.

923 1188 1107 1231 Proinde
1144 1190 1288 1232 omnia
1330 1203 1485 1243 magno

1791 1193 1874 1231 400

247 1242 309 1283 Ne
343 1255 461 1284 cessa
496 1243 673 1286 turbare
710 1250 844 1297 metu,
885 1250 1017 1300 atque
1059 1247 1265 1289 extollere
1305 1247 1415 1288 vires

248 1299 395 1342 Gentis
431 1300 497 1343 bis
532 1302 690 1355 victae3
730 1308 880 1346 contra
913 1318 1106 1358 premere
1144 1319 1264 1347 arma
1294 1304 1448 1346 Latini.

245 1358 367 1398 Nunc
401 1362 442 1400 et
479 1359 791 1413 Myrmidonum
827 1375 1025 1415 proceres
1060 1363 1247 1416 Phrygia
1285 1376 1406 1404 arma
1443 1365 1714 1414 tremescunt,

245 1415 367 1456 Nunc
409 1420 451 1458 et
484 1417 687 1470 Tydides,
728 1423 770 1460 et
805 1419 1053 1461 Larissaeus
1091 1420 1290 1471 Achilles,

244 1474 392 1516 Amnis
432 1478 475 1516 et
510 1474 750 1518 Hadriacas
787 1481 905 1519 retro
945 1477 1057 1532 fugit
1094 1477 1272 1519 Aufidus
1306 1477 1456 1519 undas.

287 1649 363 1679 3³3.
390 1648 580 1691 eloquium:
604 1652 649 1680 ita
668 1652 727 1680 Ov.
748 1654 790 1680 Μ.
812 1651 864 1688 13,
883 1650 936 1680 63.
956 1650 1033 1681 322.

287 1695 363 1725 384.
388 1694 569 1735 „quondm
595 1698 766 1731 siquidem.
815 1699 851 1725 Et
881 1706 938 1732 per
962 1698 1035 1726 irri-

241 1743 368 1771 sionem
394 1743 536 1771 initium
562 1750 642 1771 suas
669 1743 792 1771 confert
820 1742 974 1772 laudes.“
1000 1746 1032 1773 S.

240 1786 375 1828 stragis
398 1789 417 1817 i.
445 1796 472 1817 e.
498 1794 672 1817 stratorum
699 1788 738 1816 cf.
762 1788 793 1825 3,
819 1788 895 1817 471.

285 1844 362 1875 385.
393 1842 444 1874 Pl.
476 1854 534 1881 pro
579 1844 788 1876 Teucrorum
823 1847 906 1875 coni.
942 1843 1033 1876 Dar—

241 1889 383 1921 daniae.

284 1936 361 1966 336.
391 1934 513 1966 vivida
537 1934 664 1973 virtus,
686 1938 762 1966 item
788 1936 819 1976 5,
850 1936 924 1968 754.

283 1982 359 2011 389.
387 1978 501 2011 imus?
534 1984 609 2018 quin
636 1983 738 2012 imus!
770 1988 803 2012 ut
826 1984 892 2014 Cic.
918 1987 958 2015 de
984 1994 1030 2016 or.

236 2029 268 2067 3,
292 2029 322 2058 5.
364 2029 411 2058 cf.
437 2031 489 2057 Gr.
515 2028 547 2063 S.
571 2028 633 2057 421
664 2031 725 2058 An.
750 2029 781 2058 9.

282 2084 358 2114 391.
394 2082 536 2125 Semper
560 2084 698 2115 eritdel.
723 2083 780 2115 Gr.
799 2089 895 2125 Male,
921 2088 1029 2118 futuro

239 2132 324 2161 enim
351 2139 435 2166 opus
461 2136 523 2170 est,
547 2140 612 2160 non
638 2133 816 2167 praesenti.

280 2177 357 2206 393.
383 2175 554 2206 tumidum
579 2186 728 2207 crescere
757 2175 920 2218 Thybrim
946 2187 1029 2209 san-

236 2221 347 2264 guine
369 2222 409 2251 cf.
441 2222 471 2259 4,
496 2222 554 2251 22.

282 2268 358 2297 394.
385 2277 459 2298 cum
486 2266 592 2308 stirpe
609 2270 753 2305 „Occiso
769 2270 854 2298 enim
868 2272 1028 2307 Pallante,

234 2315 352 2343 interiit
369 2315 441 2343 eius
459 2320 576 2344 cuncta
593 2314 804 2350 posteritas.“
818 2319 850 2345 S.
877 2318 1028 2346 Attamen

235 2361 318 2389 satis
342 2361 572 2395 magniloquus
607 2366 639 2390 et
673 2361 746 2396 ipse
770 2366 819 2391 est
843 2363 972 2391 Turnus
996 2363 1027 2392 in

235 2414 299 2435 uno
324 2408 475 2435 Pallante
501 2407 628 2442 occiso3
666 2415 770 2441 neque
794 2408 879 2436 enim
908 2409 962 2442 qui
988 2410 1026 2437 de

232 2456 301 2481 tola
328 2453 423 2481 domo
448 2452 555 2480 audiet
581 2454 620 2481 de
642 2461 705 2481 uno
733 2453 785 2488 agi
810 2454 940 2482 homine
967 2463 1027 2489 pu-

232 2499 321 2527 tabit.
350 2500 472 2527 Postea
495 2498 589 2526 etiam
616 2499 690 2532 ipsa
716 2498 802 2527 facta
828 2507 891 2528 sua
916 2505 1025 2535 auget,

233 2545 318 2579 quod
341 2544 426 2572 mille
451 2551 488 2572 se
507 2545 655 2572 homines
682 2545 832 2573 mentitur
848 2546 1023 2575 occidisse.

277 2600 353 2629 396.
379 2602 427 2629 De
453 2598 552 2629 Bitia
581 2605 611 2629 et
642 2597 808 2631 Pandaro
833 2601 873 2630 cf.
900 2602 930 2639 9,
957 2602 1024 2631 762

235 2655 284 2682 sq.

278 2692 352 2721 397.
380 2689 436 2720 die
465 2692 484 2720 i.
512 2700 539 2720 e.
576 2700 640 2720 uno
673 2691 740 2727 die,
776 2691 848 2721 sive
883 2693 1024 2727 singulis

232 2739 357 2775 diebus,
381 2742 412 2766 ut
430 2740 507 2767 Hor.
523 2740 554 2767 S.
573 2737 605 2775 2,
635 2737 662 2773 l,
681 2736 701 2765 4
725 2739 829 2776 putat
850 2736 946 2767 mille
968 2736 1024 2768 die

232 2792 350 2812 versus
380 2780 506 2812 deduci
536 2791 646 2824 posse.
686 2780 736 2812 Pl.
759 2791 816 2818 pro
852 2781 908 2813 die
938 2785 1022 2814 coni.

232 2827 331 2858 alios.

277 2873 351 2902 399.
377 2875 520 2903 Demens
540 2881 589 2909 es,
621 2875 674 2908 qui
701 2881 786 2908 quae
815 2876 950 2904 Aeneae
975 2877 1023 2904 di-

231 2920 372 2949 vinanda
385 2924 470 2952 sunt,
489 2920 583 2949 nobis
604 2927 717 2949 canaS.
739 2936 783 2940 —-
806 2918 916 2960 capiti
930 2918 1022 2950 Dar-

234 2962 340 2992 danio
366 2973 423 3000 pro
446 2966 612 2994 Dardanio
637 2967 782 2995 Aeneae.
832 2967 886 2995 Sic
915 2969 1022 3006 caput

231 3009 263 3046 ὃ,
282 3009 359 3038 570.
379 3026 421 3030 -
454 3008 584 3040 Canere
605 3016 655 3040 est
679 3016 788 3041 vatum
813 3012 854 3041 cf.
881 3011 913 3049 2,
945 3012 1019 3042 124.

1788 1479 1870 1518 405

1078 1653 1259 1691 „Quotiens
1306 1656 1529 1687 argumentum
1572 1659 1637 1680 non
1690 1659 1870 1686 possumus

1081 1701 1226 1735 solvere,
1255 1704 1306 1727 aut
1332 1698 1494 1727 contraria
1515 1697 1695 1726 obiectione
1722 1701 1775 1726 aut
1800 1697 1868 1726 risu

1079 1748 1135 1772 aut
1160 1745 1348 1780 maledicto,
1388 1749 1421 1772 ut
1456 1745 1633 1780 hocloco,
1675 1743 1869 1772 adversario

1079 1789 1356 1824 respondemus.“
1381 1791 1412 1817 S.

1124 1835 1201 1864 400.
1232 1833 1400 1874 rebusque
1424 1831 1513 1864 tuis:
1543 1835 1646 1869 Quum
1669 1833 1778 1868 ipsum
1801 1834 1869 1863 Ae-

1080 1889 1163 1910 neae
1184 1881 1270 1910 hosti
1294 1882 1417 1918 iungat,
1440 1880 1515 1909 facit
1546 1879 1753 1917 proditorem,
1782 1881 1868 1915 quod

1079 1927 1199 1956 crimen
1219 1928 1319 1956 firmat
1345 1926 1557 1961 sequentibus
1582 1924 1703 1954 verbis.

1122 1971 1199 2002 402.
1223 1974 1369 2002 Dicendo
1388 1972 1522 2001 extollis
1536 1972 1626 2000 vires
1640 1970 1757 2009 gentis,
1783 1979 1868 2006 quae

1075 2018 1139 2048 iam
1166 2019 1214 2047 bis
1239 2020 1327 2047 victa
1350 2024 1411 2047 est.
1435 2033 1480 2038 ——
1504 2020 1551 2047 lta
1571 2017 1603 2046 in
1630 2021 1866 2053 contemptum:

1073 2062 1124 2093 bis
1149 2063 1244 2104 capti
1265 2062 1420 2105 Phryges
1434 2063 1465 2101 9,
1481 2063 1558 2093 599.
1580 2079 1624 2083 —
1645 2060 1870 2104 Supprimere

1074 2118 1173 2139 arma
1203 2108 1322 2139 Latini
1345 2118 1417 2139 eum
1443 2110 1534 2148 dicit,
1559 2114 1590 2139 ut
1615 2110 1777 2139 Drancem
1803 2111 1868 2139 La-

1075 2156 1139 2185 tino
1165 2158 1277 2186 reddat
1302 2156 1458 2185 invisum.

1121 2212 1198 2241 403.
1221 2215 1289 2242 Iam
1340 2212 1533 2248 narrationi,
1579 2220 1643 2246 qua
1687 2213 1866 2243 Diomedes

1076 2259 1235 2288 auxilium
1251 2258 1468 2295 recusaverit,
1493 2258 1584 2287 fidem
1599 2260 1781 2287 habendam
1799 2267 1866 2288 non

1075 2313 1153 2334 esse
1179 2305 1351 2341 significat,
1374 2305 1431 2333 sed
1454 2303 1643 2333 frustratam
1668 2305 1864 2340 legationem

1073 2352 1213 2380 Drancis
1236 2359 1314 2380 esse
1339 2350 1479 2385 pertidia.
1527 2353 1606 2379 Nam
1633 2358 1730 2389 nunc,
1753 2351 1864 2386 inquit,

1074 2404 1094 2425 a
1116 2397 1296 2426 victoribus
1320 2397 1397 2425 victi
1418 2396 1577 2425 timentur.
1621 2397 1700 2431 Quis
1721 2402 1784 2426 tam
1806 2398 1865 2426 de—

1073 2450 1167 2472 mens
1193 2447 1253 2479 est,
1278 2442 1332 2476 qui
1354 2442 1385 2471 id
1410 2442 1531 2470 credat.
1576 2443 1666 2471 Haec
1687 2443 1788 2472 Turni
1811 2447 1863 2472 est

1073 2489 1248 2518 sententia.
1288 2487 1334 2517 Cf.
1361 2488 1498 2516 similem
1524 2489 1631 2517 locum
1656 2485 1691 2526 4,
1718 2487 1793 2518 376.

1115 2543 1190 2574 404.
1223 2543 1443 2574 Tremescunt
1473 2553 1544 2573 cnm
1578 2551 1650 2573 acc.
1679 2545 1798 2581 legitur
1830 2545 1862 2583 3,

1069 2590 1145 2621 648.
1171 2595 1249 2620 Stat.
1272 2592 1371 2620 Theb.
1393 2589 1424 2627 9,
1447 2590 1515 2618 680
1533 2593 1718 2630 notamque
1738 2593 1862 2620 treme-

1071 2634 1133 2666 scit
1161 2635 1250 2665 silva
1277 2634 1394 2670 deam,
1423 2640 1454 2664 et
1480 2636 1659 2671 perfectum
1682 2635 1716 2674 8,
1738 2636 1806 2666 296
1829 2640 1861 2664 et

1069 2690 1121 2717 ap.
1150 2685 1227 2712 Hor.
1259 2684 1292 2712 C.
1320 2681 1351 2719 2,
1377 2681 1428 2719 12,
1455 2681 1476 2710 8
1503 2679 1696 2722 periculum
1727 2683 1860 2711 contre-

1069 2725 1156 2759 muit
1181 2727 1312 2758 domus.
1361 2727 1485 2756 Similia
1505 2727 1538 2765 2,
1563 2726 1618 2756 31.

1114 2783 1191 2814 405.
1213 2785 1352 2814 Aufidus
1381 2784 1539 2820 (Osanto)
1559 2784 1679 2814 fluvius
1705 2784 1857 2820 Apuliae,

1068 2831 1100 2859 in
1142 2838 1206 2865 qua
1241 2832 1418 2860 Diomedes
1451 2832 1654 2859 consederat.
1701 2830 1756 2858 Sic
1793 2831 1856 2859 hoc

1066 2878 1141 2905 loco
1167 2879 1310 2913 Turnus,
1340 2881 1370 2905 ut
1394 2884 1478 2911 quae
1504 2878 1542 2905 de
1568 2874 1736 2904 Diomedis
1761 2883 1856 2904 recu-

1069 2923 1197 2951 satione
1229 2927 1360 2952 narrata
1387 2926 1481 2958 sunt,
1524 2922 1583 2950 fide
1618 2920 1704 2949 omni
1741 2928 1856 2950 carere

1067 2971 1230 3005 ostendat,
1258 2971 1320 2998 hoc
1343 2967 1531 2998 incredibile
1556 2965 1654 2995 addit.
1690 2967 1782 3003 Item,
1805 2968 1853 2996 in-

1065 3015 1150 3051 quit,
1192 3015 1346 3044 credibile
1370 3018 1419 3043 est
1441 3012 1574 3042 fluvium
1600 3011 1762 3043 Troianos
1786 3021 1855 3043 me-
