2023 3350
250 107 328 147 162

813 106 851 138 Ρ.
878 106 1074 140 vmfflLn
1098 107 1307 143 MAROMS

247 218 478 271 Lanigeras
515 216 676 258 claudit
712 217 897 272 pecudes
933 222 1064 272 atque
1098 220 1231 263 ubera
1268 225 1448 276 pressat,

249 275 427 317 Centum
462 274 536 315 alii
569 287 698 315 curva
731 275 838 316 haec
866 275 1066 317 habitant
1104 277 1161 319 ad
1192 279 1323 320 litora
1361 279 1488 334 vulgo

247 331 417 373 Infandi
450 330 653 384 Cyclopes
688 335 732 373 et
762 332 863 373 altis
902 332 1119 376 montibus
1159 340 1318 377 errant.

247 389 391 430 Tertia
419 388 506 428 iam
543 388 687 429 Lunae
724 402 770 430 se
807 403 966 431 cornua
999 390 1158 432 lumine
1194 393 1419 447 complent,

248 446 386 496 Quum
416 445 550 486 vitam
584 445 629 486 in
663 446 779 488 silvis
814 446 926 488 inter
965 446 1137 490 deserta
1170 448 1359 492 ferarum

248 502 403 543 Lustra
437 501 671 555 domosque
705 503 832 546 traho
866 507 1095 558 vastosque
1130 505 1184 547 ab
1219 521 1325 560 rupe
1360 507 1567 561 Cyclopas

248 559 465 613 Prospicio
508 560 777 615 sonitumque
808 562 966 615 pedum
1001 576 1231 617 vocemque
1270 568 1490 607 tremesco.

249 617 419 658 Victum
448 616 679 669 infelicem,
724 619 854 661 bacas
888 619 1171 674 lapidosaque
1208 634 1350 672 corna,

249 675 365 715 Dant
402 674 512 715 rami
547 677 590 716 et
628 674 756 717 volsis
791 680 974 730 pascunt
1009 677 1227 720 radicibus
1260 678 1433 720 herbae.

1796 681 1878 720 650

250 732 403 773 Omnia
434 730 692 774 collustrans
726 733 838 776 hanc
875 734 1060 788 primum
1098 735 1155 777 ad
1191 735 1322 777 litora
1360 735 1540 777 classem

249 789 454 842 Prospexi
482 789 731 832 venientem.
789 791 900 834 Huic
934 806 1018 844 me,
1063 807 1337 847 quaecunque
1377 792 1539 845 fuisset,

250 846 426 898 Addixi3
468 847 572 888 sat-is
613 851 677 889 est
711 852 880 903 gentem
919 849 1116 904 effugisse
1150 850 1392 892 nefandam.

250 904 335 947 Vos
374 904 560 946 animam
598 904 709 947 hanc
745 907 889 961 potius
927 921 1186 961 quocunque
1223 907 1433 950 absumite
1467 907 1566 949 leto.

364 961 446 1004 Vix
477 975 527 1004 ea
561 961 676 1004 fatus
713 967 825 1016 erat,
860 979 1022 1007 summo
1057 980 1188 1019 quum
1225 969 1368 1007 monte
1403 965 1592 1007 videmus

1798 966 1879 1005 655

259 1019 407 1072 Ipsum
446 1018 559 1061 inter
595 1021 777 1074 pecudes
811 1026 933 1064 vast-a
968 1037 1013 1065 se
1045 1024 1157 1065 mole
1194 1026 1433 1065 moventem

254 1077 478 1118 Pastorem
510 1076 819 1132 Polyphemum
855 1083 898 1121 et
929 1080 1060 1122 litora
1097 1085 1203 1122 nota
1237 1084 1465 1135 petentem,

251 1134 492 1176 Monstrum
523 1134 803 1189 horrendum,
835 1137 1035 1190 informe,
1072 1138 1237 1192 ingens,
1271 1138 1340 1180 cui
1372 1138 1515 1180 lumen
1553 1135 1812 1191 ademptum,

254 1192 422 1234 Trunca
451 1205 581 1234 manu
616 1193 740 1247 pinus
777 1195 889 1249 regit
927 1199 970 1237 et
1007 1196 1188 1250 vestigia
1221 1195 1388 1248 firmat3

253 1340 325 1361 sum
344 1329 420 1370 642,
443 1333 526 1367 quod
548 1333 619 1361 vuit
646 1329 697 1361 Pl.
738 1334 806 1363 Hoc
834 1334 920 1363 enim
943 1335 1043 1364 eiecto

253 1386 339 1407 cavo
358 1375 394 1407 in
418 1380 521 1407 antro
549 1385 612 1406 non
636 1381 747 1415 habet,
784 1380 836 1408 cui
867 1385 940 1415 apte
970 1381 1044 1409 iun-

253 1429 355 1459 gatur.
401 1424 581 1460 Bryantius
606 1425 694 1453 eiicit
723 1421 906 1462 641-44,
928 1428 1044 1455 lauda—

254 1475 305 1497 tus
339 1471 379 1498 ab
404 1470 540 1504 Heynio.
588 1470 709 1499 Tamen
739 1473 854 1500 abesse
879 1480 940 1499 non
969 1480 1045 1507 pos-

254 1519 347 1551 sunt,
381 1515 542 1543 continent
564 1516 648 1544 enim
674 1524 825 1545 caussam
848 1518 1044 1546 exhortatio-

253 1561 316 1591 nis.
339 1567 421 1595 quae
444 1565 493 1589 est
515 1558 591 1589 639.

299 1604 373 1634 643.
405 1603 520 1634 Curva
545 1611 602 1635 etc.
637 1615 677 1636 ne
711 1611 834 1636 tantum
864 1608 898 1636 in
929 1609 1044 1637 monti-

254 1654 312 1680 bus
343 1659 415 1679 esse
441 1655 635 1686 putarentur.
677 1668 714 1672 —-
753 1652 881 1694 vulgo:
918 1654 1043 1689 passim

254 1699 285 1725 S.
312 1696 372 1731 ..cf
400 1695 429 1725 6.
451 1696 526 1726 2523.
556 1699 591 1726 E.
618 1695 649 1735 4,
672 1696 724 1727 25.
750 1701 784 1727 G.
817 1698 846 1736 3,
865 1697 941 1727 494.
968 1700 1041 1729 Liv.

254 1741 307 1773 26.
331 1740 383 1770 27.
410 1740 517 1781 vulgo
535 1741 658 1781 facere
677 1741 879 1773 incendia.“
912 1743 996 1785 Wg.

300 1786 375 1816 644.
402 1789 599 1823 Cyclopibus
620 1791 734 1818 cedunt
753 1791 872 1827 omnia,
894 1791 924 1819 id
946 1791 1042 1820 etiam

254 1835 383 1863 sublata
412 1842 527 1863 versus
551 1842 689 1864 caesura
710 1836 879 1865 indicatur.

300 1877 375 1907 645.
405 1878 451 1907 Se
473 1888 602 1908 cornua
624 1878 755 1909 lumine
776 1879 966 1921 complent‚·
1000 1882 1046 1911 ita

254 1925 312 1954 Ov.
341 1927 384 1953 M.
409 1923 440 1961 7,
470 1922 532 1954 179
562 1923 644 1954 Tres
669 1924 814 1955 aberant
847 1930 976 1964 noctes,
1007 1930 1045 1958 ut

254 1978 383 1999 cornua
405 1973 478 1999 tota
505 1968 636 2001 coirent
659 1970 902 2012 efficerentque
922 1971 1046 2002 orbem.

254 2013 320 2044 530
363 2013 490 2045 iunctis
537 2013 692 2056 implevit
732 2016 890 2046 cornibus·
933 2017 1047 2048 orbem

256 2058 352 2090 luna.
404 2059 455 2097 10,
475 2059 538 2090 295
572 2061 700 2092 coactis
730 2061 889 2092 cornibus
915 2062 949 2093 in
973 2062 1047 2104 ple-

254 2114 337 2135 num
369 2103 551 2136 lunaribus
588 2105 710 2137 orbem.
774 2110 898 2144 Ubique
927 2118 1049 2139 cornua

254 2154 352 2181 lunae
392 2153 477 2181 coire
522 2153 681 2189 finguntur
723 2158 753 2183 et
800 2157 880 2184 luna
926 2157 1046 2191 quovis

255 2206 364 2226 mense
394 2198 462 2226 alia
486 2205 652 2234 apparere.
690 2215 727 2219 —
772 2198 845 2230 Iam
871 2216 916 2222 —
943 2210 1047 2242 quum

258 2243 297 2272 cf.
325 2241 401 2272 590.

301 2286 376 2317 646.
408 2285 589 2320 Lustrum.
625 2292 731 2320 cubile
758 2291 898 2321 ferarum
927 2292 961 2321 in
989 2292 1049 2321 sil-

255 2334 325 2369 vis,
350 2339 383 2363 ut
409 2336 443 2362 G.
472 2332 501 2370 2,
525 2332 591 2363 471
616 2335 729 2365 saltus
753 2345 793 2366 ac
817 2335 928 2367 lustra
947 2337 1049 2376 sero-

257 2388 330 2408 rnm
370 2395 414 2399 ——
441 2377 579 2409 deserta
609 2390 653 2410 sc.
677 2384 717 2410 ab
741 2384 924 2411 hominibus
950 2383 988 2412 cf.
1016 2381 1047 2411 4.

258 2423 293 2462 2,
322 2422 399 2453 714.
454 2426 539 2454 Inter
569 2427 688 2456 bestias
722 2430 813 2456 homo
848 2430 960 2465 degere
995 2437 1048 2458 co-

257 2471 351 2507 gitur.
379 2485 416 2490 --
444 2468 550 2500 vitam
575 2470 675 2501 traho
699 2473 738 2502 cf.
762 2471 792 2509 2,
813 2471 867 2502 92.

303 2514 378 2544 648.
407 2513 458 2545 Ab
504 2524 589 2556 rupe
641 2516 834 2557 prospicio,
889 2521 1046 2554 speculor.

263 2558 440 2601 prospicio
479 2566 509 2590 et
546 2571 619 2591 cum
658 2571 698 2592 cx
745 2564 812 2592 Cat.
855 2565 958 2600 Epith.
1005 2563 1044 2593 61

262 2603 366 2644 Quem
396 2604 518 2646 procul
555 2616 595 2637 ea:
626 2606 716 2648 alga
743 2608 884 2638 maestis
921 2608 1049 2639 Minois

258 2649 376 2681 ocellis
411 2651 596 2692 prospicit,
643 2659 673 2682 et
711 2652 753 2683 de
789 2655 931 2691 iungitur
969 2658 1046 2684 Stat.

257 2698 353 2726 Theb.
385 2695 415 2735 9,
441 2695 506 2725 &95
541 2697 681 2736 frustra
716 2697 757 2729 de
794 2699 880 2728 colle
922 2698 1048 2740 Lycaei

259 2742 366 2771 anxia
397 2746 608 2782 prospectas.
656 2747 743 2774 Inest
767 2751 873 2775 autem
898 2747 1047 2776 anxieta-

260 2788 301 2815 tis
330 2788 413 2816 notio
436 2792 464 2816 et
486 2789 518 2817 in
544 2790 595 2818 nis
616 2791 696 2820 locis
716 2795 745 2819 et
767 2789 793 2825 1,
817 2789 888 2820 tel.
918 2791 947 2828 2,
969 2790 1045 2821 733.

260 2833 306 2861 Cf.
329 2832 590 2872 virt-amspicere
615 2845 645 2865 v.
672 2834 736 2864 517
761 2841 790 2865 et
813 2835 993 2877 adspicere
1016 2836 1046 2875 2,

260 2876 335 2905 596.
383 2880 470 2907 Inest
504 2881 589 2909 enim
628 2882 661 2910 in
696 2885 753 2911 hoc
786 2886 883 2911 verbo
913 2891 1047 2922 specere

260 2923 443 2959 diligentiae
466 2926 567 2961 notio,
593 2927 667 2956 inde
693 2925 875 2967 inspicere,
891 2926 1045 2968 specula.

259 2967 450 3041 {qecggzr-i,
475 2971 552 2999 alia.
582 2987 618 2991 —
652 2974 816 3002 tremesco
843 2971 980 3013 aliquid
1006 2975 1044 3004 cf.

308 3034 315 3048 ,
408 3035 415 3042 .

1135 1333 1212 1364 652.
1235 1332 1400 1376 prosperi
1427 1337 1471 1364 M.
1497 1343 1560 1364 rec.
1589 1331 1655 1364 Ld.
1688 1333 1728 1363 cf.
1752 1331 1784 1372 7,
1805 1331 1882 1362 288.

1090 1377 1150 1417 11,
1178 1378 1254 1410 909.
1311 1379 1472 1421 conspexi
1508 1382 1544 1409 P.
1579 1388 1641 1409 rec.
1688 1377 1738 1408 W
1765 1401 1774 1408 .
1814 1376 1879 1411 Rb.

1084 1424 1214 1464 fuisset
1240 1427 1278 1457 cf.
1305 1425 1334 1464 2,
1361 1424 1414 1456 94.

1136 1471 1211 1500 6523.
1242 1470 1372 1501 Addisi
1395 1476 1443 1501 est
1467 1475 1566 1501 totum
1589 1472 1712 1501 tradere
1733 1478 1783 1499 me
1805 1477 1880 1499 con·-

1089 1518 1189 1547 stitui.
1237 1519 1293 1546 Est
1321 1519 1408 1547 enim
1436 1515 1600 1546 addicere
1623 1519 1759 1546 verbum
1787 1522 1882 1551 prae-

1089 1565 1186 1600 toris,
1213 1572 1273 1598 quo
1291 1565 1368 1599 quid
1392 1565 1425 1592 in
1450 1563 1592 1593 alicuius
1617 1566 1805 1598 potestatem
1829 1570 1880 1591 ce-

1091 1611 1164 1639 dere
1187 1610 1281 1638 iubet.
1330 1611 1406 1638 Inde
1429 1606 1565 1641 addicti
1587 1609 1619 1637 in
1642 1609 1712 1637 iure
1735 1609 1881 1636 Romano

1090 1660 1120 1684 et
1148 1661 1242 1684 notus
1271 1656 1327 1684 ille
1351 1663 1468 1684 versus
1491 1654 1616 1683 Horatii
1635 1655 1692 1688 Ep.
1721 1652 1750 1690 1,
1783 1651 1811 1689 l,
1838 1651 1878 1681 Η

1089 1699 1220 1729 nullius
1243 1699 1407 1729 addictus
1433 1699 1552 1729 iurare
1575 1697 1611 1728 in
1637 1696 1741 1728 verba
1764 1696 1883 1738 magi-

1090 1743 1163 1775 stri.
1205 1743 1279 1775 PL:
1303 1748 1478 1784 „Fortasse
1501 1747 1576 1782 Vgl.
1598 1745 1728 1780 scripsit
1754 1741 1880 1773 Omnia

1088 1789 1317 1829 collustrans,
1355 1793 1393 1821 ut
1421 1790 1571 1833 primum
1604 1788 1651 1819 ad
1679 1788 1701 1818 l.
1734 1798 1762 1818 c.
1795 1787 1882 1819 Con-

1087 1835 1184 1877 spexi
1209 1835 1416 1874 venientem,
1449 1834 1529 1867 huic
1553 1844 1624 1872 me,
1657 1842 1884 1876 quaecunque

1083 1881 1226 1920 suisset,
1250 1880 1414 1912 addixiſs‘

1091 1959 1310 1991 655-691,
1374 1957 1513 1990 Troiani
1557 1956 1810 2001 Polyphemum
1850 1959 1884 1988 et

1310 2004 1480 2047 Cyclopas
1510 2003 1663 2045 fugiunt.

1139 2062 1214 2092 655.
1244 2062 1300 2093 vis
1323 2080 1366 2084 -
1392 2072 1496 2104 quum
1521 2064 1560 2093 cf.
1581 2062 1612 2092 8.

1139 2107 1215 2138 656.
1241 2112 1342 2138 vasta
1376 2118 1411 2139 se
1445 2106 1533 2138 mole
1565 2110 1773 2138 moventem.-
1813 2109 1882 2136 Non

1093 2155 1174 2184 dixit
1193 2154 1383 2193 ferentem,
1415 2163 1475 2190 quo
1501 2155 1696 2184 minueretur
1721 2161 1760 2183 ea
1781 2153 1882 2182 tardi-

1096 2201 1172 2230 tatis
1204 2205 1232 2230 et
1262 2202 1357 2230 molis
1385 2202 1480 2230 notio.
1529 2200 1665 2229 Monstri
1688 2204 1793 2228 autem
1820 2205 1882 2227 va-

1093 2247 1188 2275 stitas
1225 2251 1255 2275 et
1289 2247 1454 2276 incedendi
1491 2246 1626 2276 tarditas
1661 2250 1691 2274 et
1723 2253 1879 2274 versuum

1094 2293 1242 2328 signatur
1267 2293 1413 2321 tarditate
1437 2296 1466 2321 et
1489 2292 1743 2321 homoioteleuto.

1140 2336 1214 2366 659.
1241 2340 1364 2366 trunca
1386 2335 1491 2376 pinus
1516 2339 1537 2367 i.
1555 2346 1581 2366 e.
1610 2337 1711 2366 ramis
1734 2336 1882 2366 desectis,

1097 2398 1134 2403 —
1170 2391 1277 2411 mauu
1306 2385 1348 2412 M.
1381 2385 1420 2412 ab
1453 2384 1517 2413 alio
1557 2383 1666 2412 addita
1690 2383 1798 2412 littera
1835 2390 1881 2411 m.

1093 2437 1198 2456 manu
1228 2431 1307 2457 Mss.
1342 2431 1544 2458 vetustiores.
1597 2437 1736 2457 manum
1772 2436 1883 2457 recen-

1093 2474 1189 2502 tiores
1220 2478 1249 2503 et
1276 2475 1382 2508 Quint.
1407 2475 1443 2513 b,
1469 2473 1500 2513 4,
1527 2472 1583 2504 24:
1625 2474 1731 2511 „Quin
1756 2482 1798 2503 ex
1830 2473 1881 2502 in-

1093 2524 1267 2548 strumento
1297 2529 1421 2555 quoque
1445 2523 1575 2550 heroum
1600 2521 1730 2549 illorum
1754 2519 1882 2556 magni-

1094 2566 1165 2593 tudo
1190 2566 1391 2595 aestimanda
1421 2568 1514 2596 nohis
1537 2568 1638 2595 datur.
1686 2567 1756 2595 Huc
1781 2565 1880 2600 perti-

1093 2616 1144 2639 net
1165 2612 1288 2646 clipeus
1306 2613 1422 2642 Aiacis
1440 2617 1470 2642 et
1492 2613 1598 2647 pelias
1620 2611 1771 2641 Achillis.
1809 2610 1879 2644 Qua

1092 2656 1212 2685 virtute
1236 2659 1362 2694 egregie
1393 2663 1441 2687 est
1470 2666 1551 2686 usus
1580 2658 1615 2686 in
1641 2657 1781 2692 cyclope
1804 2656 1879 2691 Vgl.

1094 2703 1176 2731 Nam
1205 2705 1289 2737 quod
1321 2704 1402 2732 iilud
1428 2712 1542 2739 corpus
1563 2707 1667 2732 mente
1689 2700 1878 2736 concipiam,

1091 2748 1185 2776 cuius
1208 2750 1331 2777 trunca
1353 2757 1491 2778 manum
1513 2747 1618 2788 pinus
1641 2742 1783 2787 regit?“
1819 2747 1880 2775 At-

1092 2801 1153 2828 que
1184 2796 1243 2823 hoc
1266 2799 1313 2823 est
1341 2795 1582 2830 planissimum:
1622 2789 1732 2821 Pinus
1755 2796 1805 2821 est
1828 2792 1879 2820 in—

1093 2840 1155 2867 dex
1183 2840 1257 2869 viae
1285 2844 1314 2868 et
1350 2841 1595 2873 firmamentum;
1638 2845 1737 2872 quare
1771 2846 1880 2873 regere

1091 2885 1206 2913 dicitur
1238 2893 1379 2914 manum
1416 2884 1538 2925 pinus,
1575 2885 1629 2913 sed
1667 2884 1747 2918 regit
1783 2883 1879 2912 etiam

1090 2929 1194 2968 pinus
1218 2938 1324 2959 mauu
1350 2928 1538 2965 homiuem,
1563 2930 1637 2958 sive
1658 2929 1799 2965 vestigia
1823 2931 1880 2957 ho-

1091 2975 1208 3012 minis,
1247 2984 1343 3011 quum
1375 2976 1452 3011 pinu
1478 2979 1642 3010 praetenta
1666 2982 1765 3004 manu
1788 2975 1878 3003 viam

1090 3022 1242 3054 exploret.
1282 3037 1319 3041 —-
1362 3018 1473 3050 Manu
1502 3021 1532 3050 si
1555 3021 1686 3058 legitur,
1722 3021 1880 3050 obiectum
