2023 3350
292 123 375 163 476

854 119 892 151 P.
920 119 1119 152 VIRGILII
1144 122 1355 155 MAROMS

295 233 559 277 Conveniunt
593 232 761 282 Teucri,
804 232 1051 276 Mnestheus
1091 249 1274 291 acerque
1309 238 1515 287 Serestus,

289 292 578 342 Palantesque
615 289 760 331 vident
789 291 948 341 socios,
989 291 1243 347 hostemque
1275 299 1506 349 receptum.

1849 292 1931 332 780

289 350 347 391 Et
384 347 651 389 Mnestheus:
693 347 784 397 Quo
825 348 977 390 deinde
1012 349 1176 403 fugam,
1214 366 1297 406 quo
1338 350 1546 394 tenditis?
1585 346 1743 404 inquit;

290 407 405 456 Quos
441 405 549 446 alios
585 419 748 457 muros,
791 420 901 460 quae
937 407 1023 448 iam
1052 408 1169 450 ultra
1204 411 1371 452 moenia
1404 408 1601 453 habetis?

287 464 407 506 Unus
447 462 594 514 homo,
628 467 670 504 et
707 465 877 516 vestris,
918 478 941 506 o
973 465 1100 516 cives,

1137 467 1325 521 undique
1362 472 1537 523 saeptus

285 520 527 574 Aggeribus
564 524 708 562 tantas
750 526 920 576 strages
959 524 1132 577 impune
1171 539 1248 578 per
1276 525 1427 568 urbem

286 578 514 620 Ediderit‘?
550 579 748 620 iuvenum
784 581 946 634 primos
983 585 1051 622 tot
1083 582 1247 623 miserit
1281 583 1418 626 Orco?

1849 587 1931 627 ‘785

287 637 385 678 Non
422 636 606 678 infeh'cis
640 637 809 691 patriae
848 642 1126 693 veterumque
1165 639 1340 682 deorum

286 694 344 736 Et
378 694 523 748 magni
560 695 745 746 Aeneae,
787 710 956 750 segnes,
996 698 1255 751 miseretque
1285 698 1536 754 pudetque?

287 752 461 794 Talibus
501 752 669 794 accensi
704 752 932 805 firmantur
970 758 1012 796 et
1050 756 1218 809 agmine
1257 756 1386 798 denso

289 810 549 852 Consistunt.

609 810 776 853 Turnus
814 813 1024 865 paulatim
1060 813 1264 855 excedere
1306 828 1452 869 pugna

286 868 345 909 Et
383 868 558 910 fluvium
593 873 740 922 petere
779 884 830 911 ac
865 874 1033 924 partem
1069 885 1178 925 quae
1217 872 1402 926 cingitur
1439 872 1564 914 unda.

1848 874 1931 912 790

286 926 438 967 Acrius
475 926 558 968 hoc
594 926 746 968 Teucri
782 928 969 970 clamore
1001 929 1248 971 incumbere
1287 944 1453 983 magno,

286 984 342 1025 Et
381 984 621 1038 glomerare
655 999 845 1027 manum:
884 1000 960 1028 ceu
997 1001 1170 1029 saevum
1205 987 1335 1029 turba
1374 988 1541 1030 leonem

287 1042 426 1092 Quum
460 1042 557 1084 telis
594 1043 752 1096 premit
788 1044 986 1096 infensis3
1023 1048 1069 1086 at
1106 1046 1283 1087 territus
1320 1045 1404 1097 ille,

285 1101 441 1154 Asper,
482 1100 639 1142 acerba
680 1105 823 1154 tuens,
862 1106 979 1144 retro
1015 1103 1146 1155 redit;
1187 1107 1229 1145 et
1262 1117 1399 1158 neque
1436 1107 1562 1157 terga

285 1158 358 1199 Ira
397 1157 502 1200 dare
538 1162 614 1200 aut
652 1159 789 1201 virtus
821 1161 1004 1214 patitur,
1043 1175 1121 1203 nec
1158 1161 1332 1203 tendere
1372 1165 1524 1203 contra

1849 1161 1930 1200 795

285 1215 364 1257 Ille
402 1216 575 1269 quidem
606 1216 689 1259 hoc
724 1218 900 1271 cupiens
941 1219 1056 1273 potis
1094 1223 1159 1261 est
1195 1226 1280 1273 per‘
1314 1219 1401 1261 tela
1443 1220 1654 1273 virosque.

286 1273 415 1316 Haud
451 1274 579 1316 aliter
614 1279 731 1317 retro
766 1275 920 1318 dubius
959 1277 1140 1331 vestigia
1176 1277 1341 1319 Turnus

286 1331 573 1385 Inproperata
608 1333 757 1385 refert,
799 1338 841 1376 et
874 1348 993 1376 mens
1032 1339 1258 1377 exaestuat
1291 1335 1368 1376 ira.

288 1389 397 1440 Quin
437 1390 566 1431 etiam
603 1390 670 1432 bis
708 1394 800 1432 tum
837 1392 998 1433 medios
1035 1393 1254 1435 invaserat
1290 1393 1457 1444 hostes3

285 1447 360 1488 Bis
400 1448 577 1488 confusa
614 1448 717 1501 fuga
751 1463 828 1502 per
862 1464 1006 1491 muros
1045 1451 1218 1504 agmina
1256 1452 1397 1492 vertit.

1847 1448 1932 1488 800

289 1504 373 1546 Sed
401 1519 552 1546 manus
593 1519 616 1546 e
659 1507 811 1548 castris
852 1521 1038 1561 propere
1081 1508 1168 1549 coit
1206 1509 1341 1550 omnis
1380 1508 1425 1548 in
1459 1520 1601 1557 unum,

285 1563 375 1604 Nec
412 1567 562 1604 contra
601 1563 712 1605 vires
749 1564 880 1606 audet
919 1565 1121 1607 Saturnia
1155 1566 1261 1607 Iuno

288 1620 510 1673 Sufficere3
550 1622 713 1663 aeriam
752 1622 868 1664 caelo
908 1637 1007 1664 nam
1047 1623 1243 1677 Iuppiter
1284 1623 1388 1664 Irim

285 1678 485 1729 Demisit,
524 1693 751 1732 germanae
786 1679 901 1721 haud
939 1681 1089 1722 mollia
1123 1681 1242 1722 iussa
1279 1681 1498 1730 ferentem,

285 1736 341 1777 Ni
379 1736 545 1778 Turnus
587 1737 712 1778 cedat
749 1738 1009 1779 Teucrorum
1043 1738 1267 1780 moenibus
1305 1738 1418 1779 altis.

1847 1734 1929 1773 805

286 1794 402 1847 Ergo
443 1808 520 1835 nec
559 1795 695 1849 clipeo
739 1795 903 1836 iuvenis
946 1795 1181 1837 subsistere
1217 1799 1387 1837 tantum

286 1851 374 1894 Nec
413 1851 568 1893 dextra
606 1852 737 1895 valet:
775 1853 944 1895 iniectis
981 1854 1041 1895 sic
1081 1853 1272 1908 undique
1311 1852 1408 1895 telis

332 2014 409 2046 781.
434 2019 505 2045 Non
527 2021 576 2046 est
599 2016 750 2054 effugium
773 2018 880 2053 aliud,
905 2026 1001 2053 quam
1028 2027 1085 2054 pu-

286 2070 403 2100 gnare;
443 2064 610 2100 indignum
649 2069 697 2093 est
742 2072 802 2092 vos
839 2065 917 2099 pelli
948 2067 988 2093 ab
1021 2074 1084 2093 uno

285 2109 429 2145 homine3
461 2110 551 2138 obliti
580 2111 661 2138 estis
684 2111 825 2147 patriae,
850 2112 991 2147 deorum,
1017 2112 1084 2140 Ae-

284 2161 375 2184 neae·
405 2170 442 2174 —
471 2152 597 2184 deinde
622 2156 662 2185 cf.
690 2156 720 2189 5,
750 2154 799 2184 14.

331 2199 407 2229 785.
435 2198 584 2231 ediderit
608 2202 807 2238 indignantis
827 2207 874 2231 est
899 2203 936 2232 cf.
957 2201 987 2238 2,
1007 2199 1083 2231 581.

283 2243 322 2283 4,
357 2245 409 2275 32.
433 2244 510 2276 591.
537 2249 589 2277 Gr.
617 2249 638 2282 §
662 2247 744 2285 ⁴60,
775 2246 805 2277 2.
836 2263 874 2268 —-
910 2245 995 2278 Orco
1021 2250 1084 2277 dat.

283 2293 323 2323 cf.
353 2293 383 2331 5,
410 2290 486 2322 451.

330 2336 407 2368 786.
434 2341 584 2368 veterum
622 2336 776 2375 deorum,
803 2348 884 2375 quos
908 2349 964 2376 per
994 2344 1084 2369 tanta

286 2388 429 2419 tempora
461 2385 610 2414 coluistis
643 2389 672 2414 et
697 2394 714 2414 e
743 2385 882 2415 flammis
908 2387 1081 2415 servastis.

331 2428 408 2459 787.
435 2431 570 2467 Segnis,
601 2431 763 2469 ignavus,
796 2432 883 2461 iners
914 2433 1083 2468 opponitur

283 2476 368 2513 forti,
393 2477 507 2513 alacri,
532 2481 674 2506 strenuo.

329 2519 406 2551 791.
434 2520 552 2552 acrius
581 2520 654 2558 hoc,
686 2531 784 2558 quum
818 2531 892 2552 eum
927 2525 1082 2554 deceden-

283 2571 347 2597 tem
374 2569 531 2598 viderent.

329 2611 405 2643 792.
432 2612 631 2654 ¹glomerare
656 2622 798 2642 manum
824 2612 853 2649 2,
883 2612 958 2643 315.

330 2657 406 2689 793.
440 2658 567 2689 Premit
597 2660 730 2695 saepius
754 2661 790 2688 de
816 2664 936 2689 venatu
960 2661 1081 2690 dictum

283 2705 321 2735 cf.
347 2703 378 2743 1,
403 2704 477 2734 324.
506 2721 544 2726 —-·
574 2703 651 2734 telis
670 2702 818 2744 infensis
843 2706 882 2735 cf.
909 2706 939 2743 5,
967 2705 1042 2735 641.

331 2749 407 2780 794.
435 2752 481 2781 Cf.
517 2754 611 2781 Lucr.
650 2751 686 2786 5,
721 2749 763 2779 34
794 2750 919 2791 Asper,
959 2760 1082 2781 acerca

282 2798 395 2833 tuens,
415 2795 559 2826 immani
572 2805 713 2837 corpore
730 2805 880 2837 serpens,
899 2813 943 2818 —
957 2795 1082 2827 acerba

285 2845 359 2872 adv.
386 2844 425 2873 cf.
450 2841 481 2879 8,
508 2841 584 2872 489.

331 2887 407 2918 795.
434 2891 499 2918 Nec
531 2889 614 2924 potis
643 2893 692 2916 est
727 2891 839 2918 contra
872 2890 1014 2926 tendere,
1049 2889 1080 2917 id

285 2935 413 2969 quidem
437 2936 582 2971 cupiens,
607 2938 734 2970 propter
760 2936 826 2963 tela
848 2938 907 2964 etc.

331 2977 408 3009 797.
434 2989 494 3010 ceu
525 2996 569 3002 —
594 2977 691 3009 ham!
716 2977 820 3008 aliter
843 2980 883 3010 cf.
915 2978 974 3019 10,
1002 2978 1079 3009 360.

290 3039 327 3044 -
356 3028 447 3056 retro
468 3025 600 3065 referre
625 3025 663 3056 cf.
690 3023 722 3063 6,
746 3023 824 3054 751.

1178 2015 1255 2047 801.
1282 2015 1348 2046 coit
1368 2014 1402 2046 in
1423 2022 1541 2048 unum,
1566 2018 1601 2043 ut
1629 2011 1679 2049 10,
1708 2009 1784 2041 410.
1822 2013 1878 2042 Sic
1894 2008 1930 2040 in

1133 2072 1238 2092 unum
1271 2060 1407 2092 misceri
1433 2060 1487 2096 12,
1514 2058 1598 2095 714,
1622 2057 1733 2087 omnis
1762 2057 1795 2086 in
1822 2066 1929 2086 unum

1133 2109 1159 2139 it
1195 2118 1317 2138 manus
1345 2110 1419 2138 val.
1448 2108 1496 2135 Fi.
1524 2105 1555 2134 6.
1585 2103 1659 2133 37Ι.
1702 2104 1749 2134 Cf.
1772 2102 1803 2140 8,
1830 2101 1905 2132 576.

1177 2154 1254 2184 803.
1282 2153 1462 2194 sufficere,
1489 2152 1691 2187 ministrare,
1717 2151 1763 2179 ita
1787 2148 1821 2185 2,
1850 2147 1927 2177 618.

1135 2199 1212 2241 Ipse
1242 2203 1344 2240 pater
1371 2195 1507 2229 Danais
1531 2195 1666 2225 animos
1688 2193 1847 2235 viresque
1876 2203 1929 2222 se·-

1130 2244 1265 2276 mmdas
1296 2244 1440 2284 sufficit.
1495 2244 1603 2272 Aliter
1629 2251 1660 2272 v.
1685 2239 1770 2278 810,
1796 2241 1851 2270 ubi
1881 2244 1930 2270 est

1128 2293 1384 2322 intransitivum.
1432 2292 1530 2326 Iuno,
1556 2296 1648 2324 qnae,
1673 2292 1705 2317 ut
1732 2288 1798 2317 iam
1825 2295 1872 2316 ex
1894 2295 1926 2316 v.

1130 2337 1207 2374 745,
1234 2337 1298 2366 764
1316 2342 1412 2374 patet,
1432 2338 1525 2366 adest
1538 2336 1658 2373 Turno,
1675 2341 1696 2363 a
1709 2335 1788 2363 Iove
1801 2333 1928 2362 iubetur

1129 2387 1214 2414 bello
1242 2385 1406 2413 desistere.

1175 2428 1252 2459 805.
1279 2427 1376 2458 haud
1409 2424 1530 2457 mollia
1562 2424 1679 2463 iussa,
1709 2422 1756 2454 ni.
1808 2425 1864 2455 Sic
1894 2422 1926 2461 5,

1130 2474 1206 2505 229.
1233 2478 1308 2505 Hor.
1329 2476 1362 2504 C.
1389 2472 1418 2511 1,
1448 2473 1497 2509 10,
1523 2471 1541 2500 9
1573 2470 1619 2501 'I'e
1634 2470 1735 2500 boves
1755 2468 1837 2499 olim
1857 2467 1928 2500 nisi

1128 2519 1354 2555 reddidissee,
1375 2528 1456 2548 voce
1475 2517 1554 2547 dum
1576 2519 1691 2547 terret.
1709 2518 1775 2547 Cic.
1797 2514 1815 2544 2
1832 2518 1925 2546 Verr.

1129 2566 1164 2604 2,
1206 2565 1264 2605 67,
1301 2565 1362 2595 162
1398 2563 1468 2594 nisi
1506 2560 1739 2593 restituissent
1777 2565 1926 2595 statum,

1130 2610 1344 2642 vehementer
1383 2609 1549 2640 minatur.
1611 2611 1687 2639 Tac.
1728 2610 1771 2638 A.
1813 2607 1851 2646 2,
1883 2606 1924 2636 22

1130 2656 1267 2688 Bellum
1309 2655 1344 2686 in
1388 2653 1623 2697 Angrivarios
1653 2653 1819 2686 mandat,
1855 2650 1926 2682 m'si

1129 2701 1339 2733 deditionem
1355 2699 1651 2743 properavissent.
1671 2701 1718 2730 Cf.
1737 2701 1787 2729 Gr.
1806 2699 1828 2734 S
1847 2697 1922 2728 410.

1130 2751 1206 2824 Ani
1220 2748 1420 2823 2eoi—14.
1452 2794 1491 2824 cf.
1522 2794 1613 2823 nom.
1637 2793 1675 2821 11.
1707 2788 1758 2828 ¹6,
1781 2788 1846 2819 102
1873 2799 1921 2828 sq.

1128 2846 1157 2870 et
1178 2841 1276 2870 Ennii
1300 2849 1419 2870 versus
1439 2848 1460 2869 a
1483 2838 1646 2869 macrobio
1672 2835 1702 2873 6,
1728 2834 1746 2862 3
1773 2838 1923 2867 laudatos

1127 2888 1214 2916 Ann.
1264 2884 1313 2915 15.
1353 2890 1382 2916 et
1415 2893 1498 2921 quae
1529 2888 1600 2920 post
1629 2883 1804 2919 Virgilium
1838 2885 1922 2913 dedit

1128 2935 1206 2962 Stat.
1232 2934 1330 2961 Theb.
1357 2931 1387 2969 2,
1417 2930 1481 2960 602
1507 2939 1554 2966 sq.
1840 2936 1854 2952 ⁰

1172 2976 1249 3008 806.
1276 2986 1373 3018 ergo,
1410 2978 1509 3016 „quia
1532 2973 1676 3005 numinis
1699 2978 1748 3004 est
1776 2976 1922 3006 desertus

1129 3022 1278 3054 auxilio“
1306 3026 1339 3053 S.
