2023 3350
184 118 263 158 186
748 115 787 147 Ρ.
812 114 1007 147 VIRG1L11
1041 115 1253 150 MARONIS

179 229 259 270 Illa
297 228 432 268 fretus
469 227 560 279 agit
594 229 745 268 ventos
783 230 825 267 et
859 226 1038 269 turbida
1074 231 1224 270 tranat
1741 231 1822 269 245

182 285 353 326 Nubila.
413 284 592 336 Iamque
627 282 777 324 volans
813 283 978 336 apicem
1016 287 1058 325 et
1089 285 1230 328 latera
1272 286 1409 328 ardua
1449 287 1585 328 cernit

181 341 371 383 Atlantis
406 340 521 391 duri,
576 340 740 382 caelum
777 340 851 392 qui
888 340 1047 381 vertice
1079 341 1214 394 fulcit,

181 398 396 447 Atlantis,
446 397 635 438 cinctum
670 396 842 438 assidue
879 398 946 438 cui
978 397 1165 440 nubibus
1204 400 1311 442 atris

180 455 416 496 Piniferum
450 457 597 507 caput,
647 457 689 495 et
723 458 850 495 vento
883 454 1082 508 pulsatur
1119 459 1162 497 et
1199 456 1346 509 imbri3

180 513 264 554 Nix
301 512 500 552 humeros
536 511 678 553 infusa
712 511 844 565 tegit:
889 515 983 553 tum
1021 512 1198 554 fiumina
1238 518 1382 555 mento
1740 513 1822 552 250

177 569 471 621 Praecipitant
509 569 638 620 senis,
682 572 725 610 et
762 569 899 622 glacie
939 570 1052 622 riget
1085 569 1264 612 horrida
1297 571 1446 614 barba.

182 627 264 667 Hic
296 626 483 679 primum
518 626 696 679 paribus
736 627 876 668 nitens
913 626 1129 681 Cyllenius
1173 628 1253 669 alis

183 683 405 733 Constitit3
446 682 546 724 hinc
583 687 677 725 toto
719 697 929 738 praeceps
969 698 1014 725 se
1053 698 1234 738 corpore
1269 685 1324 726 ad
1359 684 1497 726 undas

180 741 326 792 Misit,
372 740 441 782 avi
481 740 655 792 similis,
701 755 810 795 quae
851 742 1011 783 circum
1046 742 1197 793 litora,
1238 743 1398 783 circum

180 799 378 840 Piscosos
412 798 612 852 scopulos
644 798 818 840 humilis
856 799 975 840 volat
1012 813 1202 853 aequora
1239 800 1373 841 iuxta.
1739 800 1820 838 255

182 855 331 911 [Haud
370 854 497 897 aliter
537 859 677 898 terras
713 856 826 898 inter
864 856 1117 910 caelumque
1150 857 1327 899 volabat

175 914 297 955 Litus
329 927 559 954 arenosum
591 913 756 968 Libyae
792 917 1026 968 ventosque
1065 914 1242 956 secabat

178 971 376 1013 Materno
415 971 586 1013 veniens
621 971 677 1013 ab
711 985 790 1013 avo
825 971 1017 1026 Cyllenia
1054 973 1231 1027 proles]

178 1113 291 1141 oculos
323 1110 446 1145 operire
481 1120 657 1146 rursusque
686 1112 720 1140 in
750 1120 828 1148 rogo
853 1112 976 1147 patefa-

180 1165 252 1186 cere
293 1157 463 1191 Quiritium
506 1157 569 1186 ritu
606 1166 734 1187 sacrum
773 1156 854 1187 est.“
915 1159 977 1187 Sed

176 1210 241 1231 non
282 1202 387 1238 magis
426 1207 568 1240 constat,
619 1203 651 1232 id
692 1204 833 1233 officium
870 1203 975 1232 fuisse

176 1248 344 1283 Mercurii,
376 1252 406 1276 et
444 1251 544 1277 verba
580 1245 640 1278 sub
679 1247 833 1278 Tartara
869 1247 977 1278 mittit

179 1298 263 1322 certe
291 1294 398 1322 simile
430 1293 583 1323 indicant.
638 1294 709 1322 Alii
751 1296 904 1324 dederunt
933 1292 975 1323 li-

179 1337 295 1373 mium·
344 1340 403 1368 alii
439 1342 557 1373 nocte3
608 1340 666 1368 alii
700 1341 861 1369 eiecerunt
896 1344 975 1370 haec

178 1387 280 1413 verba
316 1388 351 1413 111
384 1381 451 1422 Pl.,
492 1385 623 1414 minime
655 1386 783 1420 quidem
817 1387 867 1414 illi
901 1395 973 1421 pro-

178 1430 291 1466 bandi3
333 1438 434 1465 neque
466 1431 551 1459 enim
585 1430 767 1465 interpretis
792 1436 841 1460 est
868 1433 974 1460 delere

178 1478 280 1504 verba
303 1483 385 1510 quae
410 1476 479 1510 ipse
503 1485 564 1504 non
591 1477 758 1513 intelligit,
797 1478 852 1505 sed
886 1477 973 1505 omni

177 1522 282 1550 studio
305 1523 464 1555 laborare,
487 1526 519 1550 ut
544 1522 712 1556 intelligat.
753 1523 841 1556 Quod
867 1522 896 1550 si
924 1523 973 1550 in-

179 1574 312 1596 cassum
336 1567 512 1598 sudaverit.
531 1567 714 1601 profiteatur
737 1575 772 1595 se
792 1576 855 1596 non
879 1568 971 1596 intel-

179 1613 296 1648 ligere;
322 1613 351 1640 si
375 1615 415 1641 ab
442 1613 508 1641 alio
532 1613 657 1642 adiecta
680 1616 780 1642 verba
797 1622 872 1642 esse
888 1615 973 1647 apud

179 1666 214 1686 se
238 1658 448 1695 constituerit,
473 1660 594 1693 doceat,
617 1660 771 1693 quomodo
787 1659 904 1687 factum
922 1659 974 1695 sit,

180 1708 213 1731 ut
237 1703 348 1732 aliena
376 1708 502 1738 recepta
528 1704 607 1741 sint,
636 1708 665 1733 et
689 1712 753 1739 qua
778 1713 811 1733 re
836 1712 975 1734 commo-

182 1752 233 1777 tus
251 1750 324 1783 quis
347 1750 421 1783 quid
446 1751 560 1778 addere
579 1754 713 1778 conatus
737 1750 794 1784 sit;
814 1754 974 1784 postremo

179 1795 323 1829 aliquam
348 1795 458 1823 verbis
490 1795 599 1823 inesse
627 1796 837 1831 sententiam,
878 1802 975 1830 quam

178 1842 238 1869 hoc
266 1842 335 1869 loco
368 1848 443 1869 esse
468 1845 595 1877 negant.
645 1842 707 1869 Sed
732 1841 761 1869 si
788 1841 861 1875 quis
887 1841 975 1869 alius

177 1886 351 1920 adscripsit
379 1888 498 1923 verba,
537 1887 639 1915 voluit
664 1894 704 1915 ea
729 1887 852 1921 aliquid
873 1887 976 1922 signi-

178 1931 281 1960 ficare.
333 1928 397 1960 Hr.
438 1929 500 1960 Ld.
537 1932 701 1966 explicant
734 1934 871 1960 alterum
902 1940 975 1960 esse

177 1974 239 2005 dat
262 1985 299 2007 s..
325 1979 461 2005 alterum
487 1985 520 2005 a.
545 1986 571 2005 e.
599 1975 621 2005 l.
649 1986 691 2005 m.
720 1985 746 2006 r.
769 1978 788 2006 i.
811 1986 837 2006 e.
864 1978 976 2006 adimit

182 2030 329 2050 somnum
377 2027 407 2051 et
454 2023 552 2051 solvit
599 2023 643 2051 ita
686 2031 728 2051 ex
765 2027 865 2052 morte
910 2023 973 2057 (sc.

179 2068 322 2103 somnii]
355 2069 476 2097 oculos.
534 2066 619 2107 Wg.
654 2071 760 2096 morte.
793 2069 974 2097 ablativum

177 2114 252 2142 dicit
296 2121 370 2141 esse
412 2114 564 2148 temporis
601 2118 630 2141 et
665 2114 809 2148 explicat
850 2115 975 2149 „aperit

178 2161 289 2187 oculos
310 2162 408 2187 morte
432 2161 573 2191 clauso&
597 2167 654 2188 seu
678 2164 811 2188 revocat
832 2163 973 2188 mortuos

178 2205 213 2232 in
238 2203 375 2232 vitamst*
413 2206 490 2233 Stat.
516 2205 611 2232 Theb.
643 2202 669 2238 l,
692 2202 757 2232 304
783 2205 975 2234 memoravit

176 2250 282 2278 officia
304 2250 473 2285 Mercurii,
513 2254 543 2278 et
567 2251 647 2279 haec
671 2252 782 2279 habet:
821 2251 973 2287 „virgam

175 2316 204 2323 ..
232 2302 297 2329 qua
322 2297 442 2330 pellere
465 2297 574 2324 dulces
601 2299 656 2324 aut
688 2298 823 2325 suadere
858 2297 973 2325 iterum

177 2348 325 2376 somnos,
354 2348 418 2375 qua
443 2342 538 2377 nigra
563 2342 671 2370 subire
699 2343 836 2370 Tartara
860 2346 888 2370 et
915 2350 973 2370 ex-

174 2394 315 2422 sangues
340 2387 487 2415 animare
510 2391 703 2415 assueverat
726 2386 891 2415 umbras.“

219 2429 294 2460 2⁴5.
326 2429 393 2460 Illa
417 2430 532 2469 fretus
556 2430 646 2471 agit.
696 2433 750 2461 Sic
776 2433 891 2461 dicitur
916 2434 974 2460 Or-

175 2480 278 2512 pheus
302 2477 404 2506 fretus
434 2477 558 2506 cithara
589 2475 625 2513 6,
650 2473 725 2505 120.
775 2478 835 2505 His
862 2477 973 2505 verbis

177 2523 241 2551 iam
267 2523 347 2551 redit
371 2524 410 2551 ad
435 2530 490 2559 ea,
519 2529 601 2557 quae
625 2522 701 2551 facit
725 2523 925 2559 MercuriuS,
952 2529 972 2550 a

176 2569 292 2602 quilius
315 2569 491 2597 declinavit
516 2575 536 2597 a
562 2576 594 2596 v.
620 2565 696 2596 242.

224 2611 298 2641 247.
331 2611 450 2649 Atlas,
496 2614 529 2642 in
566 2614 718 2643 extremis
757 2613 850 2642 terris
888 2620 971 2647 quae

178 2659 324 2691 cognitae
365 2664 457 2687 erant
501 2659 643 2695 positus,
691 2659 797 2693 ipsum
845 2660 970 2687 caelum

177 2703 258 2731 ferre
291 2705 466 2733 videbatur.
516 2706 689 2733 Praeterea
716 2705 842 2732 tradunt
866 2705 969 2732 homi-

178 2756 248 2776 nem
274 2749 439 2777 Atlantem
462 2750 494 2777 in
515 2754 651 2779 montem
678 2757 751 2778 esse
776 2758 969 2778 conversum

177 2795 235 2822 Ov.
262 2796 304 2821 M.
333 2793 361 2825 1,
386 2793 468 2830 6⁵67,
508 2803 607 2830 quare
641 2799 669 2823 et
704 2796 853 2823 hocloco
877 2803 969 2824 mons

176 2847 247 2867 cum
281 2840 408 2868 homine
444 2849 520 2869 sene
549 2844 760 2875 comparatur.
822 2841 969 2869 Imitatur

176 2884 234 2911 Sil.
263 2884 286 2911 1.
317 2882 378 2911 2114
406 2892 453 2919 sd.
502 2888 549 2914 De
579 2887 696 2915 montis
724 2886 853 2921 regione
887 2894 968 2921 quae

173 2929 319 2958 fabulosa
353 2931 469 2958 tradita
501 2931 581 2967 sint,
618 2934 708 2968 legas
740 2939 791 2965 ap.
827 2932 910 2960 Plin.
937 2932 966 2960 5.

175 2972 205 3005 1,
231 2972 242 3001 1
273 2976 326 3009 qui
351 2976 516 3004 Atlantem
552 2977 628 3006 dicit
655 2979 731 3014 „vel
761 2977 968 3006 fabulosissi-

176 3021 294 3047 mum‘·.

1071 1110 1147 1141 251.
1172 1109 1410 1152 praecipitant
1442 1112 1487 1140 ita
1518 1109 1548 1147 2,
1574 1108 1604 1139 9.
1654 1110 1701 1140 Cf.
1725 1110 1766 1138 ad
1794 1106 1821 1146 1,

1069 1200 1145 1231 252.
1177 1200 1328 1232 Paribns
1359 1199 1427 1230 alis
1460 1202 1507 1231 ita
1542 1201 1572 1237 5,
1597 1199 1673 1230 657.
1709 1199 1739 1238 9,
1767 1196 1819 1228 14.

1022 1253 1071 1278 est
1095 1249 1166 1284 pari
1190 1250 1315 1285 volatu,
1335 1248 1480 1276 extensis
1503 1248 1579 1285 alis,
1603 1255 1724 1285 „quum
1746 1248 1821 1275 alae

1022 1303 1086 1323 non
1117 1302 1310 1331 magnopere
1341 1298 1510 1323 moventur
1543 1295 1599 1322 sed
1627 1292 1717 1321 linea
1745 1299 1820 1327 pro-

1023 1342 1191 1375 pemodum
1217 1342 1330 1369 eadem
1351 1347 1478 1374 semper
1497 1336 1660 1368 manenU‘
1685 1340 1758 1374 Grg.
1778 1338 1820 1366 ad

1021 1388 1079 1415 Ov.
1100 1389 1173 1414 Met.
1201 1384 1231 1423 2,
1258 1384 1322 1413 708
1349 1382 1428 1413 hinc
1452 1393 1487 1413 se
1510 1382 1700 1414 sustulerat
1723 1380 1820 1422 pari-

1021 1429 1082 1460 bus
1113 1429 1304 1468 Caducifer
1334 1430 1555 1466 (Mercurius)
1583 1427 1663 1459 alis.
1712 1430 1759 1458 Cf.
1787 1428 1819 1465 5,

1021 1474 1097 1505 217.
1127 1492 1165 1496 —
1199 1473 1377 1515 Cyllenius
1406 1483 1427 1505 a
1457 1480 1563 1505 monte
1594 1477 1749 1512 Cyllene,
1781 1476 1820 1503 de

1020 1530 1082 1557 quo
1107 1520 1138 1558 8,
1167 1519 1241 1550 139.

1069 1565 1144 1595 254.
1175 1565 1242 1596 Avi
1268 1564 1394 1595 similis
1426 1567 1464 1596 cf.
1498 1568 1590 1595 Hom.
1619 1568 1674 1595 Od.
1706 1565 1736 1601 5,
1762 1564 1816 1594 50.

1021 1613 1255 1649 „incongruum
1290 1615 1386 1641 heroo
1421 1613 1551 1641 credidit
1595 1612 1746 1647 carmini,
1788 1611 1818 1640 si

1022 1666 1165 1695 mergum
1199 1657 1347 1687 diceret.“
1382 1660 1412 1686 S.
1455 1657 1494 1687 cf.
1529 1655 1563 1693 1,
1595 1655 1668 1685 177.
1718 1658 1817 1685 Prae-

1022 1712 1097 1738 ceps
1124 1712 1159 1732 se
1183 1705 1237 1732 dat
1260 1705 1300 1732 ad
1325 1705 1446 1740 undas,
1477 1706 1511 1731 ut
1534 1703 1611 1731 avis
1631 1703 1722 1738 pisce
1742 1711 1818 1732 con-

1022 1753 1139 1784 specto.

1069 1793 1144 1822 255.
1175 1791 1332 1823 piscosos
1356 1798 1402 1822 est
1420 1801 1562 1830 „caussa
1578 1802 1634 1823 cur
1649 1791 1769 1822 volet.“
1784 1795 1815 1821 S.

1069 1838 1132 1868 256
1147 1855 1184 1859 —-
1199 1838 1274 1868 258.
1300 1841 1336 1867 In
1357 1840 1408 1867 his
1427 1840 1530 1868 trihus
1546 1840 1697 1868 versibus
1715 1841 1818 1868 multa

1023 1890 1107 1921 sunt,
1133 1893 1215 1920 quae
1240 1885 1421 1919 displicent.
1461 1885 1604 1913 Primum
1629 1889 1735 1914 autem
1759 1893 1817 1913 no-

1022 1933 1152 1959 tandum
1183 1939 1238 1959 eos
1269 1938 1289 1959 a
1315 1931 1428 1959 Servio
1457 1938 1529 1959 esse
1557 1933 1665 1960 lectos.
1714 1931 1759 1959 At
1784 1938 1815 1959 v.

1023 1975 1086 2003 257
1122 1980 1211 2005 abest
1245 1979 1284 2005 ab
1313 1984 1375 2004 uno
1408 1978 1467 2004 MS.
1500 1985 1533 2005 v.
1568 1974 1632 2004 258
1663 1983 1683 2005 a
1714 1976 1817 2010 pluri-

1023 2024 1098 2057 bus,
1134 2023 1246 2050 deinde
1272 2022 1304 2049 in
1330 2022 1407 2050 aliis
1435 2023 1566 2058 multis,
1604 2022 1633 2051 si
1658 2022 1734 2050 fides
1758 2025 1816 2058 est,

1021 2076 1053 2096 v.
1074 2066 1139 2095 258
1163 2072 1237 2096 ante
1261 2076 1292 2096 v.
1319 2065 1383 2094 257
1410 2068 1534 2102 positus
1558 2071 1615 2096 est.
1645 2082 1683 2087 —
1717 2064 1817 2095 Litus

1022 2121 1206 2141 arenosum
1241 2121 1281 2141 ac
1312 2109 1442 2151 Libyae
1471 2115 1513 2141 M.
1547 2113 1720 2147 multique;
1759 2113 1816 2140 sed

1021 2166 1062 2186 ac
1105 2158 1196 2187 tertio
1233 2160 1302 2187 loco
1345 2159 1486 2192 positum
1523 2158 1666 2193 offendit,
1715 2165 1815 2192 quare

1020 2205 1113 2233 multi
1139 2204 1299 2233 eiecerunt
1322 2203 1519 2238 interpretes.
1567 2203 1722 2231 Nonnulli
1745 2209 1814 2232 ma-

1020 2250 1070 2286 gis
1095 2250 1165 2278 veri
1190 2250 1330 2284 speciem
1355 2249 1456 2278 secuti
1481 2257 1523 2277 ex
1549 2246 1594 2276 ad
1619 2253 1722 2277 ortum
1755 2257 1814 2283 pu-

1019 2298 1144 2331 tabant3
1165 2296 1247 2329 quod
1272 2296 1323 2322 dat
1349 2298 1378 2322 et
1403 2303 1465 2323 rec.
1490 2291 1552 2322 Ld.
1603 2295 1723 2328 Quodsi
1745 2298 1814 2323 tue-

1019 2341 1138 2375 bimur,
1181 2340 1366 2375 iungemus:
1407 2336 1547 2367 volabat
1575 2338 1620 2367 ad
1645 2337 1729 2368 litus
1754 2336 1814 2369 Li-

1019 2383 1124 2424 byae:
1156 2389 1184 2413 et
1212 2387 1397 2423 ventosque
1422 2382 1561 2413 secabat
1587 2386 1729 2414 additum
1755 2386 1816 2414 erit

1019 2439 1075 2465 pro
1098 2431 1266 2465 participio
1297 2431 1335 2459 cf.
1362 2432 1403 2458 all
1435 2429 1466 2465 H,
1502 2427 1575 2458 125.
1605 2446 1643 2450 -
1671 2431 1814 2465 Praepo-

1019 2476 1148 2504 sitionis
1185 2478 1275 2504 locus
1307 2475 1515 2509 aliquatenus
1549 2476 1727 2505 defenditur
1758 2476 1813 2513 iis,

1019 2529 1101 2555 quae
1130 2523 1170 2550 ad
1202 2517 1263 2548 671
1303 2522 1387 2550 dicta
1423 2525 1507 2550 sunt.
1555 2522 1689 2550 Offendit
1719 2529 1814 2557 prae-

1018 2570 1105 2595 terea
1133 2570 1204 2601 post
1232 2564 1296 2594 252
1330 2569 1471 2595 verbosa
1503 2571 1534 2595 et
1565 2574 1667 2602 paene
1701 2569 1812 2596 eadem

1017 2613 1169 2641 Mercurii
1197 2612 1407 2649 significatio,
1441 2620 1523 2647 quae
1549 2617 1597 2641 est
1626 2610 1701 2641 258.
1751 2613 1812 2640 Sed

1017 2661 1045 2685 et
1066 2661 1161 2693 haec,
1192 2662 1220 2686 et
1246 2666 1400 2687 versuum
1421 2658 1601 2692 aequaliter
1625 2658 1810 2686 exeuntium

1017 2711 1117 2732 sonus
1143 2704 1218 2732 ferri
1242 2708 1363 2739 posset,
1391 2707 1421 2731 et
1445 2711 1528 2738 quae
1553 2707 1600 2732 est
1624 2703 1656 2731 in
1680 2709 1810 2737 compa-

1016 2753 1084 2777 rato
1114 2750 1314 2777 abundantia
1346 2752 1376 2777 et
1407 2749 1559 2778 inanitaS.
1609 2749 1729 2776 Tamen
1756 2748 1809 2782 qui

1016 2794 1197 2830 defendunt,
1222 2795 1252 2822 id
1277 2796 1368 2823 modo
1394 2801 1489 2830 agere
1513 2794 1671 2829 videntur,
1698 2796 1731 2821 ut
1755 2794 1810 2821 de-

1016 2844 1190 2869 monstrent
1226 2840 1401 2874 Virgilium
1436 2840 1593 2868 interdum
1627 2839 1808 2867 dormitare.

1016 2887 1141 2914 Favent
1164 2890 1285 2921 poetae,
1309 2885 1363 2919 qui
1390 2885 1522 2914 eiiciunt
1544 2887 1573 2912 et
1591 2886 1630 2911 ab
1649 2884 1727 2919 alio,
1754 2884 1809 2918 (11ιί

1015 2931 1169 2960 Mercurii
1194 2933 1357 2965 volatum,
1390 2938 1452 2958 non
1480 2930 1584 2964 ipsum
1612 2930 1706 2958 deum
1737 2937 1808 2958 611111

1015 2984 1078 3005 ave
1104 2977 1284 3011 comparari
1313 2975 1473 3010 cupiverit
1498 2976 1626 3011 docere,
1663 2975 1809 3009 appictos

1014 3023 1144 3059 volunt,
1185 3021 1287 3050 adiuti
1324 3021 1422 3050 etiam
1460 3020 1605 3049 codicum
1641 3020 1808 3049 varietate.
