2023 3350
731 79 970 113 AENEIDOS
998 82 1084 114 Lm.
1112 83 1170 115 IX.

1695 86 1779 126 463

115 193 245 247 Isque
282 193 357 235 ubi
398 207 443 235 se
477 192 609 234 Turni
650 192 795 235 media
829 193 943 236 inter
979 194 1102 235 milia
1134 195 1256 247 vidit,

118 251 230 293 Hinc
268 252 383 293 acies
416 254 548 304 atque
584 250 686 292 hino
720 251 837 293 acies
873 251 1052 294 adstare
1084 252 1276 305 Latinas,

122 309 180 350 Ut
220 308 333 360 fera,
372 321 500 362 quae,
540 307 675 350 densa
710 312 942 351 venantum
981 313 1134 363 saepta
1169 324 1345 364 corona,

1691 258 1776 297 550

121 365 283 408 Contra
315 366 404 408 tela
439 365 563 418 furit,
603 379 784 420 seseque
818 367 936 409 haud
975 368 1121 410 nescia
1160 369 1294 411 morti

118 424 263 465 Iniioit
301 427 344 465 et
373 423 491 465 saltu
527 437 660 477 supra
698 424 913 467 venabula
948 424 1105 467 fertur:

119 481 250 522 Haud
283 481 411 523 aliter
444 480 610 523 iuvenis
645 481 810 524 medios
845 483 1084 525 moriturus
1120 482 1166 524 in
1203 482 1351 525 hostes

118 539 277 590 Inruit,
310 542 353 580 et
393 552 481 592 qua
515 538 604 581 tela
638 539 757 581 videt
797 539 1055 582 densissima
1084 539 1237 582 tendit.

1699 548 1780 586 555

117 597 176 637 At
215 595 398 650 pedibus
440 596 568 650 longe
603 597 757 639 melior
791 598 930 652 Lycus
970 598 1085 640 inter
1128 601 1172 639 et
1209 598 1370 650 hostes,

117 655 236 695 Inter
274 656 317 695 et
354 667 477 695 arma
515 653 622 708 fuga
655 668 804 697 muros
841 659 980 707 tenet,
1017 656 1195 710 altaque
1233 659 1373 698 certat

117 710 334 753 Prendere
370 714 489 754 tecta
527 725 659 754 manu
693 713 944 768 sociumque
978 714 1195 767 attingere
1235 712 1434 766 dextras,

117 769 252 820 Quem
287 768 473 821 Turnus,
506 770 676 824 pariter
713 785 842 813 cursu
876 772 1052 825 teloque
1090 775 1275 822 secutus,

116 827 322 880 Increpat
358 826 426 869 his
467 827 630 869 victor:
669 828 908 871 Nostrasne
943 828 1144 871 evadere.
1188 829 1376 881 demens,

839 887 975 929 Simul
1012 886 1170 940 arripit
1205 887 1349 941 ipsum

120 884 318 938 Sperasti
352 888 396 926 te
435 898 566 938 posse
594 887 776 928 manus?

118 941 403 994 Pendentem,
440 946 483 984 et
516 957 676 997 magna
708 944 821 985 muri
858 958 955 986 eum
985 948 1113 998 parte
1145 944 1334 986 revellit:

120 1000 269 1050 Qualis
308 999 383 1042 ubi
421 1004 498 1042 aut
531 1001 724 1055 leporem
756 1005 832 1043 aut
867 1001 1070 1043 candenti
1105 1015 1289 1055 corpore
1325 1014 1506 1055 cycnum

121 1057 308 1100 Sustulit
343 1058 434 1099 alta
469 1062 620 1114 petens
658 1059 842 1113 pedibus
877 1060 990 1101 Iovis
1029 1059 1218 1112 armiger
1255 1060 1389 1110 uncis,

120 1115 374 1166 Quaesitum
408 1120 485 1157 aut
517 1117 648 1158 matri
681 1117 829 1159 multis
866 1116 1088 1159 balatibus
1123 1130 1283 1170 agnum
1699 1118 1781 1155 565

121 1173 308 1215 Martius
349 1187 376 1215 a
416 1172 602 1216 stabulis
638 1175 785 1228 rapuit
823 1174 963 1228 lupus.

1022 1173 1224 1227 Undique
1260 1172 1424 1215 clamor

122 1231 330 1283 Tollitur3
368 1231 579 1273 invadunt
616 1235 659 1273 et
694 1232 834 1274 fossas
871 1244 1031 1286 aggere
1064 1231 1300 1285 complent,

125 1288 341 1331 Ardentes
375 1289 531 1331 taedas
564 1288 640 1331 alii
673 1289 731 1331 ad
767 1289 946 1343 fastigia
985 1289 1163 1330 iactant.

235 1347 422 1389 Ilioneus
460 1360 565 1389 saxo
604 1351 739 1400 atque
778 1347 943 1400 ingenti
983 1345 1197 1400 fragmine
1233 1345 1392 1387 montis

120 1405 368 1456 Lucetium,
402 1408 560 1459 portae
600 1404 855 1446 subeuntem
886 1405 1092 1458 ignesque
1129 1403 1363 1455 ferente1n3

1701 1406 1784 1444 570

122 1462 386 1504 Emathiona
419 1462 566 1516 Liger,
603 1462 872 1516 Corynaeum
902 1463 1060 1503 sternit
1097 1461 1252 1513 Asilas,

122 1520 206 1562 Hic
239 1519 382 1562 iaculo
420 1519 578 1572 bonus,
620 1519 690 1562 hio
724 1520 851 1575 longe
888 1519 1069 1562 fallente
1105 1520 1289 1574 sagitta3

123 1641 280 1689 σχήματι
308 1643 481 1687 τρίπεδον
509 1642 580 1688 ἔχει
616 1641 685 1688 τὴν
721 1642 928 1687 διάμετρον.

976 1648 1065 1677 viam
1099 1647 1308 1683 defenderet,
1341 1648 1427 1682 quod
1461 1652 1514 1676 est
1541 1647 1623 1676 muri
1651 1651 1784 1675 tectum.

122 1711 164 1715 -—
191 1702 390 1735 parmaque
407 1691 587 1734 inglorius
613 1692 707 1726 alba,
737 1694 778 1723 cf.
798 1695 829 1731 7,
852 1694 927 1723 796.
975 1710 1019 1713 —
1045 1692 1216 1723 sociorum
1243 1692 1424 1734 attingere
1451 1691 1616 1729 desti-11³,
1648 1700 1788 1727 quorum

124 1742 209 1776 quod
227 1748 288 1770 nec
303 1748 439 1769 suorum
456 1740 615 1768 maiorum
631 1740 778 1775 insignia
797 1745 928 1774 gestare

125 1791 266 1823 poterat,
291 1794 398 1820 neque
422 1786 495 1820 ipse
522 1788 561 1814 ob
589 1791 732 1814 aetatem
756 1786 819 1814 iarn
841 1785 930 1814 facta

124 1833 288 1868 ediderat,
324 1838 410 1866 quae
436 1836 551 1865 posse!
594 1832 702 1866 clipeo
734 1832 929 1866 inscribere,

126 1883 180 1908 aut
213 1878 302 1907 facta
330 1884 392 1906 sua
428 1877 641 1906 inscribenda
671 1882 865 1914 curaverat,
899 1880 932 1905 ut

126 1932 199 1953 mos
230 1928 301 1952 erat
332 1931 398 1951 non
423 1924 532 1951 solun]
574 1930 627 1958 ap.
654 1925 834 1952 Romanos.
883 1924 934 1951 Ita

126 1975 157 1999 et
185 1970 412 2005 Amphiaraus
443 1970 519 1997 albo
553 1973 647 1997 scuto
684 1969 782 1997 utitur
809 1971 934 1997 Aescu.

128 2019 262 2051 Septem
283 2023 315 2044 v.
341 2013 419 2043 588.
456 2009 554 2052 σῆμα
581 2006 614 2042 δ’
649 2006 717 2043 οὐκ
747 2007 837 2051 ἐπῆν
869 2007 936 2042 κύ-

127 2059 211 2101 κλῳ·
245 2054 289 2090 οὐ
314 2052 385 2099 γὰρ
414 2055 535 2088 δοκεῖν
561 2052 721 2097 ἄριστος,
746 2051 820 2088 ἁλλ’
842 2051 935 2088 εἶναι

125 2102 226 2137 τέλει.
275 2107 325 2135 sic
362 2105 417 2143 11,
450 2104 528 2133 711.
553 2121 599 2124 -
631 2103 829 2145 inglorius,
861 2107 934 2140 glo-

126 2152 209 2182 riam
245 2160 283 2181 se
314 2151 403 2187 regis
435 2159 515 2180 esse
545 2151 645 2180 filium
674 2159 741 2180 non
781 2158 860 2186 prae
896 2159 934 2180 se

127 2198 251 2227 ferens.
286 2214 332 2218 —
369 2198 528 2232 Conapsa
551 2198 630 2226 turri
664 2199 704 2226 ab
731 2198 819 2226 omni
841 2201 934 2232 parte

128 2245 309 2279 irrumpunt
336 2244 458 2272 Rutuli.

175 2289 253 2318 551.
279 2292 316 2319 ut
333 2288 430 2327 fera.
486 2289 603 2318 Omnia
635 2290 675 2317 ad
700 2293 848 2317 naturam
876 2289 935 2316 de-

130 2336 314 2370 scripsisse
350 2335 538 2373 virgilium,
575 2336 670 2363 docet
702 2342 786 2368 quae
818 2342 930 2363 narra·

130 2385 182 2410 tur
215 2382 301 2416 apud
341 2383 487 2409 lavanos
521 2381 651 2416 tigrium
690 2382 934 2409 caedendarum

131 2427 234 2463 ratio,
270 2434 335 2461 qua
366 2428 582 2455 delectantur.
633 2427 744 2461 capso
771 2427 858 2455 enim
884 2427 937 2454 in-

130 2475 228 2502 clusa
263 2472 355 2507 tigris
395 2472 471 2507 igne
505 2473 685 2509 excitatur,
725 2472 778 2501 ubi
805 2473 936 2501 tandem

131 2519 329 2555 prorumpit,
362 2518 480 2552 triplici
503 2526 540 2546 se
566 2521 735 2547 hastarum
760 2518 846 2546 serie
872 2518 937 2546 cir-

130 2566 338 2594 cumclusam
363 2564 471 2598 videt,
498 2571 561 2598 quo
588 2565 752 2599 adspectu
773 2564 818 2594 ita
843 2571 937 2592 acer-

133 2613 245 2647 batur,
281 2614 312 2638 ui
345 2608 522 2638 furibunda
556 2617 661 2644 supra
687 2611 806 2638 hastas
835 2610 937 2638 salire

132 2661 250 2692 tentet,
286 2656 346 2684 sed
382 2663 421 2683 eo
445 2655 520 2690 ipso
545 2659 695 2691 tempore
716 2655 828 2684 multis
852 2656 938 2684 locis

132 2702 294 2732 confossa
321 2705 446 2736 pereat.

177 2747 257 2778 556.
284 2745 375 2777 inter
411 2744 526 2775 hostes
557 2747 589 2775 et
617 2743 707 2775 tela:
742 2753 939 2781 quamquam

131 2795 164 2824 in
189 2794 309 2823 mediis
336 2793 489 2822 nostibus
520 2795 589 2828 est,
621 2796 729 2820 tamen
761 2800 939 2822 recurrens

132 2848 260 2870 murum
285 2839 413 2874 attingit
432 2853 478 2858 ——-
499 2834 649 2878 pedibus
673 2834 797 2867 melior
819 2838 860 2867 cf.
885 2836 939 2867 40.

178 2886 258 2915 558.
288 2883 395 2915 Tecta
437 2891 614 2913 murorum.
670 2886 753 2912 Sunt
787 2891 940 2913 summae

132 2939 300 2961 murorum
326 2935 457 2967 parles,
494 2930 579 2959 muri
609 2929 694 2958 enirn
719 2929 767 2958 ita
785 2929 941 2958 videntur

133 2978 315 3016 exstructi,
346 2982 378 3006 et
410 2976 565 3013 superior
590 2975 737 3012 lapidum
763 2976 841 3004 ordo
866 2977 940 3011 plu-

978 1748 1041 1774 ope
1076 1741 1116 1768 ad
1151 1748 1278 1768 murum
1304 1740 1458 1768 enitatur.
1482 1755 1527 1759 -—
1557 1736 1608 1768 ΡΙ.
1635 1739 1720 1768 coni.
1749 1735 1787 1767 P.

978 1787 1055 1814 tuta
1080 1793 1122 1813 m.

1023 1830 1102 1859 559.
1125 1827 1264 1870 pariter
1293 1838 1397 1860 cursu
1425 1827 1563 1869 teloque
1593 1837 1658 1859 sec.
1689 1829 1731 1858 cf.
1755 1828 1788 1867 2,

983 1875 1061 1904 729.

1026 1921 1106 1951 562.
1130 1919 1352 1962 pendentem,
1380 1930 1427 1950 sc.
1453 1921 1488 1949 in
1513 1928 1619 1950 muro.

1027 1966 1104 1996 563.
1133 1976 1274 2007 cycnum
1292 1964 1459 1996 candenti
1473 1974 1615 2007 corpore
1629 1966 1670 1995 cf.
1687 1965 1717 2004 1,
1732 1965 1788 1996 71.

1028 2012 1105 2042 564.
1137 2011 1230 2042 Iovis·
1257 2011 1417 2053 armiger
1435 2012 1477 2041 cs.
1503 2011 1540 2049 5,
1560 2011 1638 2041 255.
1661 2028 1706 2032 —
1731 2021 1790 2041 su-

982 2056 1083 2089 stulit
1108 2059 1190 2094 perf.
1216 2059 1247 2096 in
1273 2059 1523 2094 comparatione
1551 2058 1583 2095 2,
1610 2057 1688 2087 380.

1028 2104 1106 2133 565.
1133 2102 1351 2144 quaesitum:
1399 2112 1496 2139 quem
1543 2109 1648 2133 mater
1687 2106 1789 2133 multo

982 2152 1094 2180 balatu
1121 2150 1260 2185 quaerit.
1288 2165 1331 2170 —
1356 2152 1406 2178 De
1431 2150 1543 2178 dativo
1567 2149 1608 2178 cf.
1638 2149 1666 2186 l,
1688 2148 1768 2179 440.

1027 2195 1104 2225 566.
1136 2193 1290 2225 Martius
1316 2193 1440 2234 lupus.-
1483 2195 1578 2223 Marti
1612 2202 1720 2224 sacer.
1745 2210 1791 2215 —

987 2240 1129 2272 Clamor
1164 2239 1321 2271 exoritur
1358 2245 1388 2269 el
1425 2241 1626 2269 vincentium
1667 2244 1697 2269 et
1739 2241 1792 2269 vi—

981 2293 1120 2323 ciorum,
1150 2292 1183 2315 ut
1204 2289 1291 2316 solet
1314 2287 1353 2323 in.
1371 2294 1492 2319 niagno
1519 2286 1629 2320 aliquo
1656 2293 1789 2321 pugnae

982 2334 1182 2363 discrimine.
1216 2332 1256 2361 cf.
1291 2332 1349 2369 ll,
1376 2331 1452 2361 622.
1481 2347 1526 2351 ——
1551 2332 1663 2360 Rutuli
1689 2331 1792 2361 Turni

986 2381 1142 2414 exemplo
1180 2379 1317 2407 excitati
1353 2378 1495 2413 undique
1526 2382 1643 2406 contra
1678 2385 1792 2406 muros

985 2426 1250 2461 progrediuntur.

1030 2472 1106 2500 567.
1134 2472 1271 2508 „Agger
1295 2474 1357 2505 est,
1384 2469 1561 2498 cuiuslibet
1588 2468 1636 2497 rei
1653 2475 1792 2497 coacer-

986 2515 1112 2547 va1i0.“
1147 2520 1180 2545 S.
1208 2517 1265 2545 Sic
1290 2523 1410 2556 agger
1434 2522 1627 2544 moerorum
1662 2514 1711 2551 10,
1737 2512 1793 2542 24.

987 2563 1027 2593 ef,
1055 2563 1094 2599 5,
1119 2561 1199 2591 273.
1255 2563 1399 2596 Explent
1432 2560 1580 2597 fossam,
1615 2564 1648 2589 ut
1682 2565 1795 2589 trans-

987 2609 1192 2645 grediantur.

1032 2654 1109 2684 568.
1133 2649 1297 2693 fastigia
1322 2659 1371 2681 sc.
1398 2659 1576 2680 murorum.

1031 2699 1110 2729 571.
1137 2700 1235 2734 Liger
1260 2698 1382 2734 iaculo,
1408 2698 1524 2726 Asilas
1547 2697 1670 2732 sagitta
1693 2697 1796 2726 inter-

987 2746 1060 2776 ficit.
1089 2761 1133 2766 —

1032 2790 1110 2820 572.
1137 2787 1255 2819 iaculo
1291 2785 1400 2818 bonus
1436 2788 1477 2817 cf.
1510 2796 1542 2817 v.
1578 2786 1633 2816 40.
1665 2803 1710 2807 —
1741 2784 1798 2816 hic

986 2853 1031 2857 —
1061 2834 1116 2866 hic
1148 2844 1206 2872 pro
1239 2832 1296 2864 hic
1326 2850 1370 2854 —
1401 2830 1483 2870 ille,
1516 2831 1608 2862 alter
1632 2849 1677 2853 —
1706 2830 1798 2862 alter

986 2884 1204 2919 scriptorum3
1229 2881 1279 2910 sic
1305 2883 1340 2909 Ε.
1366 2881 1420 2916 IV,
1446 2879 1500 2908 56.
1530 2880 1571 2908 Α.
1603 2878 1653 2916 10,
1680 2877 1711 2907 9.
1741 2878 1795 2915 12,

986 2927 1065 2958 342.
1100 2933 1130 2957 et
1157 2925 1248 2957 hunc
1273 2942 1316 2946 -
1344 2922 1435 2955 hunc
1458 2940 1499 2944 —
1526 2922 1634 2963 hunc,
1659 2924 1691 2961 7,
1718 2922 1796 2952 473.

985 2976 1040 3005 Sic
1071 2971 1152 3004 hinc
1185 2989 1224 2994 —
1263 2969 1344 3002 hinc
1368 2971 1428 3007 10,
1459 2970 1538 3000 760.
1568 2967 1635 3000 hac
1659 2985 1705 2990 —-
1732 2966 1799 2999 hac
