2023 3350
734 102 970 137 AENEIDOS
1000 104 1085 136 LIB.
1111 104 1175 136 111.

1700 100 1776 139 121

143 220 337 262 Threicio
369 219 478 273 regi,
522 231 655 272 quum
690 217 778 260 iam
815 217 1029 260 diffideret
1065 217 1196 260 armis

139 277 387 321 Dardaniae
427 277 624 330 cingique
662 275 812 317 urbem
844 275 1066 318 obsidione
1097 274 1274 317 videret.

139 336 239 389 Ille,
286 339 335 377 ut
367 349 467 389 opes
503 333 669 375 fractae
703 334 931 386 Teucrum,
977 338 1019 376 et
1056 334 1247 375 Fortuna
1280 331 1470 382 recessit,

139 395 224 436 Res
261 392 619 447 Agamemnonias
657 392 937 447 victriciaque
970 406 1092 434 arma
1131 394 1301 432 secutus

139 452 224 494 Fas
267 464 391 492 omne
429 449 667 504 abrumpit,
706 449 965 504 Polydorum
1003 449 1233 491 obtruncat
1270 451 1313 489 et
1346 460 1451 488 auro

470 507 583 558 Quid
614 522 697 549 non
727 508 932 550 mortalia
961 511 1137 562 pectora
1176 506 1306 560 cogis,

661 566 897 620 Postquam
932 579 1067 620 pavor
1101 579 1199 607 ossa
1231 562 1417 617 reliquit,

139 509 194 551 Vi
232 509 411 563 potitur.

142 567 250 608 Auri
287 580 412 608 sacra
448 565 601 608 fames!

1728 449 1750 486 051

1757 448 1780 485 0!

143 624 344 666 Delectos
381 624 531 678 populi
564 623 621 666 ad
656 638 857 678 proceres
888 625 1158 678 primumque
1196 625 1419 676 parentem

139 682 336 724 Monstra
376 682 502 723 deum
537 682 677 724 refero
709 686 751 724 et
790 696 900 736 quae
933 683 989 723 sit
1025 681 1235 723 sententia
1269 693 1411 734 posco.

141 739 349 782 Omnibus
386 740 499 781 idem
539 740 706 782 animus
743 740 953 782 scelerata
994 739 1198 781 excedere
1237 741 1364 788 terra,

1729 737 1782 776 60

138 797 295 852 Linqui
333 798 549 852 pollutum
588 798 824 852 hospitium
861 802 903 840 et
943 797 1046 839 dare
1084 796 1292 838 classibus
1328 797 1511 836 austros.

140 855 257 910 Ergo
294 856 585 898 instauramus
622 856 836 911 Polydoro
871 856 1015 907 funus,
1059 859 1101 896 et
1134 855 1284 907 ingens

141 914 378 968 Adgeritur
409 913 576 955 tumulo
608 915 758 966 tellus,
804 918 922 956 stant
958 912 1158 955 Manibus
1193 925 1307 962 arae,

151 972 370 1014 Caeruleis
403 975 594 1014 maestae
630 973 749 1014 vittis
783 975 965 1026 atraque
1001 983 1214 1024 cupresso,

188 1112 241 1143 52.
269 1115 441 1144 Obsidione
461 1115 558 1143 Troia
578 1123 640 1143 non
668 1115 773 1144 cincta
798 1118 856 1144 est.
884 1114 939 1141 sed

143 1160 219 1197 Vgl.
254 1169 320 1190 rem
352 1163 393 1189 ad
433 1169 527 1189 suum
559 1164 683 1195 tempus
715 1158 937 1188 conformavit.

140 1206 204 1241 Ap.
237 1208 312 1235 Eur.
344 1208 362 1235 1.
392 1208 413 1235 1.
442 1210 505 1235 est:
540 1198 614 1234 ἐπεὶ
653 1200 806 1242 Φρυγῶν
835 1197 940 1233 πόλιν

143 1246 326 1287 Κίνδυνος
363 1245 440 1291 ἔσχε
472 1245 554 1289 δορὶ
586 1249 706 1279 πεσεῖν
739 1243 939 1289 ‘mium-affl.

144 1312 183 1317 —-
218 1294 406 1326 Dardania
426 1297 464 1327 cf.
490 1295 519 1332 2,
545 1293 620 1325 281.

187 1341 240 1371 54.
267 1346 423 1373 secutus:
451 1343 489 1373 cf.
517 1342 610 1371 Caes.
638 1342 701 1371 BC.
730 1339 760 1379 t,
779 1340 820 1369 60
854 1340 941 1371 Cae-

141 1385 231 1417 saris
258 1387 451 1419 amicitiam
477 1390 677 1428 sequuntur.

189 1434 242 1463 55.
269 1432 369 1471 „Fas
401 1442 498 1464 omne
531 1439 560 1463 et
599 1434 801 1470 cognationis
829 1438 858 1462 et
884 1436 941 1462 110-

145 1478 257 1515 spitii“
290 1483 321 1509 S.
352 1485 381 1510 et
413 1482 494 1515 quod
528 1489 604 1515 opes
637 1481 718 1515 rapit
749 1484 779 1508 et
810 1488 941 1509 caesum

144 1535 207 1555 non
234 1527 358 1563 sepelit,
384 1527 500 1562 quibus
520 1527 616 1556 factis
640 1527 735 1555 laedit
762 1527 847 1554 deos.

188 1570 241 1601 56.
273 1570 366 1610 Quid
391 1571 489 1612 cogis
522 1577 555 1601 ut
589 1570 619 1607 4,
647 1570 722 1601 412.
767 1572 833 1600 Cic.
858 1573 938 1606 Rep.

141 1614 178 1655 1,
204 1616 237 1655 2,
264 1617 282 1646 3
318 1615 394 1654 ille,
426 1616 515 1648 cives
541 1616 601 1658 qui
627 1616 664 1647 id
690 1615 786 1658 cogit
814 1626 940 1646 omnes.

142 1664 189 1694 Cf.
215 1666 266 1693 Gr.
294 1665 315 1698 ὅ
342 1663 417 1693 301.

187 1707 242 1738 57.
272 1707 397 1740 Fames
423 1712 461 1739 de
486 1718 606 1747 magna
631 1711 772 1739 alicuius
804 1711 851 1739 rei
884 1719 941 1739 cu-

140 1756 287 1791 piditate:
328 1764 385 1785 nos
424 1757 530 1792 potius
578 1754 697 1787 Dnrst.
756 1758 863 1791 Neque
898 1757 942 1785 ita

140 1810 205 1831 non
237 1804 384 1831 Romani.
434 1803 502 1831 Sic:
544 1810 641 1842 quem
675 1805 766 1831 tenet
801 1800 944 1840 arg-enti

143 1845 220 1877 sitis
255 1846 456 1887 importuna
483 1847 671 1888 famesque
707 1850 781 1877 Hor.
821 1851 877 1884 Ep.
915 1848 942 1881 1,

142 1891 202 1928 18,
229 1892 282 1922 23.
344 1890 461 1933 Neque
496 1891 654 1934 expletur
691 1903 845 1933 unquam
883 1903 942 1923 nec

141 1937 298 1969 satiatur
314 1937 520 1978 cupiditatis
539 1938 616 1969 sitis
637 1941 702 1969 Cic.
722 1942 796 1969 Par.
819 1938 846 1977 1,
864 1938 892 1974 1,
909 1938 940 1969 7.

148 2001 186 2005 -
208 1994 322 2021 sacra,
344 1985 610 2021 „exsecratfifisf‘
637 1988 680 2019 S..
706 1987 768 2014 diis
788 1988 942 2015 damnata

144 2032 184 2061 cf.
220 2030 255 2067 2,
289 2030 365 2060 686.
437 2034 544 2065 ..Saue
597 2033 764 2061 sciendum
806 2034 943 2061 latenter

142 2079 282 2107 Aenean
307 2080 365 2107 boc
389 2085 496 2114 agere,
518 2082 550 2106 ut
574 2078 731 2106 Troianos
756 2078 872 2107 Didoni
900 2087 941 2107 ex

146 2124 346 2153 infelicitatis
380 2124 591 2152 similitudine
615 2125 826 2153 commendet:
866 2132 941 2152 nam

144 2174 175 2199 et
200 2170 272 2199 eius
304 2170 419 2199 marito
452 2170 551 2199 frater
580 2170 653 2198 auri
681 2177 802 2199 caussa
834 2170 942 2198 intulit

145 2216 277 2245 necem“
303 2218 335 2244 S.

195 2271 248 2301 58.
273 2274 321 2302 De
347 2274 471 2303 ratione
503 2273 691 2303 consulendi
724 2281 871 2308 proceres
904 2273 942 2302 cf.

148 2318 185 2354 5,
212 2316 287 2347 758.
337 2320 390 2348 Ad
413 2324 560 2349 senatum
585 2323 692 2348 autem
717 2326 768 2354 ap.
794 2321 886 2348 Rom.
906 2321 943 2348 de

147 2365 302 2401 prodigiis
331 2365 535 2395 referebatur.
579 2381 618 2385 —
657 2363 810 2406 primum
850 2371 945 2403 „ante

148 2409 317 2445 proceres“
345 2412 375 2439 S.
403 2412 440 2441 cf.
469 2411 499 2449 2,
525 2410 601 2440 263.

195 2465 248 2496 60.
274 2469 324 2496 Ex
357 2477 388 2497 v.
422 2466 559 2498 animus
595 2471 643 2498 est
680 2469 700 2497 i.
736 2478 762 2498 e.
793 2471 946 2498 voluntas

150 2518 217 2549 est,
252 2513 348 2542 facile
374 2514 502 2542 iubendi
526 2517 659 2544 verbum
687 2523 799 2548 erues:
840 2516 947 2544 variat

148 2564 256 2589 autem
283 2560 356 2595 Vgl.
383 2564 453 2594 post
475 2563 610 2590 verbum
639 2558 756 2589 iubere
789 2561 946 2590 infinitivo

149 2606 258 2636 activo
283 2609 312 2633 et
337 2606 487 2643 passivo,
521 2611 552 2635 ut
575 2607 611 2642 5,
639 2604 715 2635 773.
751 2603 802 2642 11,
828 2604 881 2635 84.
910 2609 945 2636 Ε.

150 2651 180 2686 6,
207 2649 260 2679 85.
311 2652 385 2680 Liv.
417 2651 455 2680 cf.
488 2653 558 2681 Fbr.
591 2649 644 2686 21,
674 2649 726 2680 44.
784 2649 834 2681 Pl.
864 2654 946 2682 coni.

153 2695 328 2737 Linquere
353 2699 435 2732 quod
457 2702 503 2726 est
526 2698 559 2726 in
582 2700 661 2726 Mss.
683 2698 791 2727 malis.

196 2753 249 2783 61.
278 2751 374 2783 Dare
399 2751 567 2783 classibus
599 2757 738 2784 austros
771 2756 791 2784 i.
817 2764 843 2784 e.
869 2765 948 2785 ven-

152 2805 202 2830 tos
228 2802 269 2829 ad
291 2808 396 2829 naves
420 2801 596 2839 admittere,
618 2805 653 2829 ut
673 2801 859 2838 impellant;
880 2803 901 2831 i.
920 2811 947 2832 e.

150 2854 320 2883 navigare.

197 2901 250 2933 62.
277 2900 479 2932 instaurare
505 2903 543 2932 cf.
571 2899 602 2939 4,
630 2901 682 2932 63.
711 2920 749 2924 —
781 2905 842 2939 Qui
866 2906 948 2935 ritus

151 2949 249 2979 fuerit
272 2957 456 2985 sacrorum,
495 2956 577 2984 quae
610 2949 722 2979 inferis
755 2951 947 2987 ferebantur,

153 2996 331 3033 intelliges,
367 2996 397 3024 si
439 2998 524 3024 hunc
564 2997 669 3025 locum
705 2998 947 3032 comparaveris

153 3049 225 3070 cum
251 3039 282 3079 4,
309 3038 384 3070 684.
414 3040 447 3079 5,
472 3040 513 3070 45
542 3050 588 3076 sq.
617 3039 659 3069 73
684 3049 730 3078 sq.
757 3041 788 3080 6,
807 3041 872 3072 212
898 3052 945 3079 sq.

986 1109 1051 1140 884
1078 1120 1124 1146 s(1.
1177 1109 1236 1147 11,
1277 1106 1436 1138 29—40.
1471 1107 1631 1138 58—99.
1667 1107 1781 1138 134—

988 1155 1064 1186 212,
1103 1157 1222 1190 Ε61,5,
1248 1153 1301 1184 67.
1341 1161 1368 1184 61
1409 1163 1491 1191 quae
1531 1156 1671 1192 singulis
1703 1157 1784 1186 locis

987 1204 1119 1239 singula
1143 1206 1360 1238 proponuntur
1386 1203 1616 1237 composueris.

1034 1248 1085 1278 63.
1115 1246 1315 1290 Aggeritur
1356 1247 1488 1277 tumulo
1532 1246 1646 1277 tellus.
1710 1250 1787 1278 Erat

987 1296 1073 1325 enim
1105 1296 1170 1323 iam
1203 1296 1346 1323 tumulus
1378 1293 1527 1323 fortuitus
1557 1294 1596 1323 cf.
1625 1291 1685 1331 22,
1729 1296 1785 1324 sed

988 1351 1072 1371 nunc
1102 1342 1160 1370 rite
1187 1341 1364 1370 exstruitur
1391 1342 1586 1375 sepulcrum.
1617 1356 1654 1359 —
1691 1339 1786 1369 Arae

989 1390 1071 1417 duae
1095 1387 1247 1416 Manibus
1274 1387 1439 1422 eriguntur
1465 1387 1504 1415 cf.
1525 1385 1600 1414 305.
1627 1388 1661 1415 E.
1680 1386 1710 1423 5,
1732 1384 1784 1416 67.

988 1436 1021 1463 Is
1045 1442 1199 1463 numerus
1224 1433 1364 1462 usitatus
1386 1433 1418 1460 in
1438 1435 1534 1461 rebus
1552 1433 1703 1461 Manibus
1731 1440 1786 1461 sa-

989 1481 1053 1510 cris
1079 1480 1117 1509 cf.
1146 1479 1176 1513 5,
1196 1477 1248 1507 77.
1278 1476 1331 1507 96.
1375 1475 1426 1507 ll.
1452 1476 1504 1506 72.

1036 1524 1088 1554 6⁴.
1123 1523 1314 1555 Caeruleae
1352 1525 1471 1553 vittae.
1518 1528 1552 1552 ut
1589 1524 1621 1552 111
1663 1523 1785 1553 funere.

988 1574 1069 1601 Nam
1099 1580 1195 1607 quum
1220 1578 1297 1600 arae
1331 1571 1422 1599 vittis
1447 1575 1475 1599 et
1505 1570 1670 1599 frondibus
1701 1571 1786 1607 cingi

988 1621 1145 1653 solerent,
1183 1618 1216 1646 111
1248 1626 1281 1646 16
1316 1617 1401 1645 tristi
1434 1619 1519 1645 color
1553 1617 1649 1645 etiam
1684 1617 1786 1645 tristis

988 1665 1197 1694 adhibebatur
1218 1671 1329 1692 earum
1346 1671 1461 1691 rerum.
1512 1665 1594 1692 Nam
1619 1664 1719 1698 „Cato
1741 1664 1788 1692 ait

989 1711 1132 1745 deposita
1173 1715 1263 1739 veste
1302 1717 1478 1745 purpurea,
1522 1709 1661 1738 feminas
1706 1717 1787 1738 usas

989 1759 1154 1793 caerulea,
1193 1764 1290 1791 quum
1324 1757 1478 1789 lugerent.
1534 1756 1642 1784 Villae
1681 1760 1787 1784 autem

989 1805 1157 1833 caeruleae
1183 1802 1215 1830 iu
1240 1804 1354 1831 acerbo
1378 1801 1488 1830 funere
1512 1802 1681 1837 praecipue
1707 1802 1786 1830 filio-

991 1858 1061 1878 rum
1099 1849 1242 1878 familias
1281 1848 1425 1877 adhiberi
1464 1848 1630 1876 solebant*
1675 1850 1705 1876 S.
1745 1863 1782 1867 —

994 1892 1154 1924 Maestae
1180 1902 1276 1931 arae,
1303 1894 1396 1929 quasi
1420 1894 1512 1928 ipsae
1534 1899 1725 1922 moveantur
1749 1901 1788 1922 ea

987 1950 1083 1977 quam
1107 1942 1237 1977 signant
1259 1940 1408 1975 tristitia,
1434 1940 1472 1969 cf.
1496 1938 1546 1976 11,
1566 1938 1605 1967 35
1633 1942 1788 1969 maestus

988 1985 1103 2016 crinis.
1165 1987 1230 2016 Cic.
1271 1995 1316 2022 pr.
1357 1989 1438 2014 Mur.
1483 1982 1541 2018 41,
1575 1984 1617 2014 88
1660 1983 1788 2026 lugens

988 2031 1110 2073 imago
1140 2030 1267 2072 patris.
1314 2034 1373 2061 ΟΥ.
1408 2033 1441 2060 F.
1472 2029 1510 2069 4,
1537 2029 1603 2060 854
1635 2033 1788 2060 maestos

993 2078 1081 2107 Acca
1108 2076 1222 2108 soluta
1251 2086 1376 2107 comas.
1424 2079 1518 2113 Prop.
1553 2076 1588 2112 3,
1612 2075 1646 2114 4,
1674 2076 1712 2105 13
1747 2086 1789 2106 ac

987 2127 1157 2153 maestam
1185 2121 1312 2153 teneris
1345 2126 1471 2153 vestem
1501 2121 1652 2164 pendere
1679 2120 1789 2152 lacer-

987 2167 1044 2198 tis.
1095 2167 1132 2202 4,
1161 2168 1211 2204 11,
1239 2168 1258 2196 9
1291 2167 1349 2198 Sic
1374 2172 1530 2198 maestae
1555 2167 1707 2198 cecinere
1734 2171 1789 2199 tu-

989 2212 1062 2243 bae.
1089 2231 1133 2235 —
1159 2213 1382 2254 „Cupressus
1407 2220 1483 2243 natu
1509 2223 1652 2251 morosa,
1683 2215 1789 2244 fructu

990 2268 1211 2296 supervacua,
1254 2261 1363 2290 baccis
1400 2265 1512 2293 torva,
1554 2261 1630 2289 folio
1664 2268 1787 2297 amara,

990 2309 1084 2336 odore
1111 2308 1266 2340 violenta,
1294 2314 1332 2335 ac
1357 2315 1396 2335 116
1421 2309 1534 2335 umbra
1560 2307 1687 2340 quidem
1712 2314 1788 2343 gra-

991 2354 1090 2387 tiosa,
1115 2353 1249 2382 materie
1275 2360 1351 2381 rara.
1376 2356 1408 2381 ut
1434 2359 1536 2386 paene
1559 2352 1708 2381 fruticosi
1731 2361 1786 2389 ge-

991 2400 1091 2433 neris,
1116 2400 1182 2428 Diti
1207 2406 1303 2427 sacra
1327 2403 1356 2427 et
1382 2398 1452 2426 ideo
1474 2398 1600 2427 funebri
1624 2398 1717 2434 signo
1747 2400 1789 2428 ad

992 2447 1102 2474 domos
1128 2444 1253 2480 posita‘*
1281 2445 1365 2473 Plin.
1393 2446 1428 2472 N.
1448 2445 1485 2472 H.
1512 2441 1564 2481 16,
1590 2442 1643 2473 33.
1664 2442 1715 2472 60.
1742 2453 1787 2474 sc.

992 2501 1032 2520 ne
1056 2493 1207 2521 sacerdos
1230 2492 1284 2520 vel
1310 2491 1397 2519 alius
1422 2490 1505 2524 quis.
1532 2490 1587 2524 qui
1612 2498 1676 2518 rem
1703 2491 1789 2519 divi-

993 2546 1068 2567 nam
1091 2538 1236 2567 facturus
1260 2542 1338 2569 erat,
1364 2536 1506 2564 introiret
1531 2540 1559 2564 et
1583 2536 1695 2565 funere
1720 2539 1789 2571 pol-

993 2586 1143 2613 lueretur.
1194 2584 1321 2618 „Arbor
1352 2582 1421 2611 ideo
1452 2583 1586 2611 mortuis
1617 2590 1790 2612 consecra-

994 2634 1059 2667 tur,
1090 2632 1173 2665 quod
1206 2636 1302 2659 caesa
1329 2629 1426 2657 semel
1452 2628 1553 2657 nescit
1580 2628 1728 2658 renach'·
1756 2631 1788 2658 S.

994 2678 1034 2705 ad
1059 2686 1090 2706 v.
1113 2675 1189 2704 680.
1237 2676 1289 2703 Ad
1314 2676 1448 2703 eundem
1472 2680 1566 2703 usum
1589 2675 1791 2710 pauperiori-

995 2725 1055 2751 bus
1082 2727 1149 2751 erat
1181 2722 1272 2756 picea
1303 2720 1341 2749 cf.
1375 2718 1410 2754 6,
1436 2718 1509 2748 180.
1559 2722 1636 2750 Inde
1667 2723 1788 2751 Lucan.

993 2767 1030 2803 3,
1059 2766 1123 2796 442
1161 2766 1203 2796 Et
1238 2776 1304 2795 non
1335 2763 1485 2804 plebeios
1518 2763 1632 2795 luctus
1660 2769 1790 2796 testata

995 2822 1190 2855 cupressus.
1229 2829 1266 2832 —
1306 2813 1366 2841 Sed
1396 2813 1606 2842 adhibebatur
1635 2813 1732 2842 etiam
1757 2818 1792 2842 ut

994 2864 1024 2890 h.
1059 2863 1080 2889 1.
1114 2861 1147 2889 111
1181 2860 1266 2894 aris,
1306 2858 1344 2887 cs.
1378 2860 1436 2887 Ov.
1463 2859 1558 2887 Trist.
1593 2857 1631 2896 3,
1661 2858 1719 2895 13,
1746 2857 1787 2887 21

998 2904 1144 2936 Funeris
1164 2914 1228 2934 ara
1255 2901 1340 2933 mihi
1357 2901 1470 2942 ferali
1492 2901 1605 2933 cincta
1631 2913 1792 2944 cupresso

1001 2949 1189 2986 Convenit‚·
1211 2955 1241 2979 et
1265 2951 1295 2978 si
1319 2951 1460 2979 cadaver
1479 2953 1731 2988 comburebatur,
1758 2951 1790 2979 111

994 2999 1064 3033 ipso
1088 3006 1163 3034 rogo
1189 2996 1227 3026 cf.
1255 2994 1284 3033 6,
1311 2994 1392 3033 216;
1430 3000 1459 3025 et
1479 2998 1583 3026 Varro
1606 3004 1708 3033 pyras
1733 3006 1789 3026 cu-

994 3052 1106 3080 presso
1138 3042 1329 3073 circumdari
1362 3043 1455 3081 dicit,
1495 3047 1622 3079 propter
1657 3050 1790 3080 gravem
