2023 3350
705 94 940 129 AENEIDOS
971 97 1055 130 LIB.
1081 97 1146 130 111.

1669 101 1748 139 145

103 208 308 251 Proxima
345 223 458 263 quae
499 210 636 251 nostri
676 209 950 264 perfunditur
987 211 1187 266 aequoris
1224 215 1357 265 aestu,

103 266 276 321 Effuge3
320 271 475 309 cuncta
508 267 632 309 malis
670 267 924 310 habitantur
963 270 1132 312 moenia
1171 269 1324 313 Graiis.

104 325 187 366 Hic
225 328 269 367 et
300 326 474 380 Narycii
510 330 748 380 posuerunt
779 327 950 368 moenia
986 328 1123 381 Locri,

103 383 161 424 Et
198 382 458 425 Sallentinos
493 384 663 426 obsedit
700 384 837 426 milite
870 399 1042 439 campos

1664 388 1748 427 400

102 441 276 495 Lyctius
313 441 584 495 Idomeneus,
632 441 701 483 hic
735 442 811 484 illa
845 443 964 484 (lucis
999 441 1201 485 Meliboei

100 498 239 541 Parva
274 499 540 542 Philoctetae
583 500 763 542 subnixa
801 501 964 543 Petelia
996 515 1131 542 muro.

102 555 232 609 Quin,
269 556 343 598 ubi
384 559 662 600 transmissae
703 559 903 601 steterint
936 562 1057 601 trans
1101 572 1292 613 aequora
1334 559 1502 612 classes,

103 614 160 656 Et
193 615 345 669 positis
384 616 470 657 aris
513 617 599 658 iam
633 620 736 659 vota
769 618 812 658 in
847 617 974 659 litore
1014 617 1163 668 solves,

101 672 320 727 Purpureo
360 674 502 716 velare
541 689 684 716 comas
719 675 951 729 adopertus
987 675 1158 727 amictu,

1664 676 1748 715 405

100 730 164 772 Ne
204 745 290 784 qua
324 731 436 774 inter
473 737 644 774 sanctos
680 733 800 787 ignes
832 734 877 774 in
909 733 1073 775 honore
1108 732 1285 775 deorum

103 788 286 831 Hostilis
324 789 456 832 facies
492 794 693 833 occurrat
730 795 772 833 et
809 791 951 833 omina
984 790 1144 832 turbet.

101 846 227 889 Hunc
266 848 371 889 socii
405 862 566 891 morem
604 863 843 900 sacrorum,
886 849 999 890 hunc
1038 849 1130 903 ipse
1165 850 1331 899 teneto,

103 904 197 946 Hac
237 906 344 947 casti
387 910 590 948 maneant
631 907 675 948 in
713 907 921 961 religione
953 910 1142 961 nepotes.

100 963 180 1004 Ast
217 963 291 1004 ubi
327 963 568 1018 digressum
603 964 772 1007 Siculae
810 969 854 1007 te
891 963 1131 1006 admoverit
1172 976 1273 1003 orae

1664 964 1749 1003 410

100 1021 262 1063 Ventus
304 1025 347 1062 et
385 1024 557 1076 angusti
599 1027 818 1064 rarescent
851 1023 1042 1064 claustra
1080 1020 1230 1071 Pelori,

102 1079 245 1122 Laeva
276 1080 357 1121 tibi
393 1081 520 1122 tellus
559 1084 602 1122 et
639 1081 767 1135 longo
804 1081 928 1122 laeva
963 1083 1169 1133 petantur

101 1138 305 1191 Aequora
342 1138 541 1190 circuitu3
588 1138 787 1180 dextrum
828 1138 929 1192 fuge
965 1138 1068 1179 litus
1106 1140 1150 1178 et
1182 1134 1333 1176 undas.

101 1195 220 1237 Haec
260 1195 375 1248 loca,
419 1196 459 1238 vi
500 1196 718 1251 quondam
754 1199 797 1238 et
832 1199 955 1238 vasta
992 1194 1196 1237 convolsa
1232 1193 1358 1234 ruina
1394 1216 1443 1222 -—

148 1334 223 1365 398.
255 1334 393 1367 Graiis:
419 1340 465 1367 De
488 1338 598 1367 dativo
623 1339 660 1368 ef.
687 1336 711 1374 1,
732 1335 808 1367 440.

150 1381 225 1411 399.
256 1378 387 1422 Νάρυξ
436 1377 539 1419 πόλις
584 1381 778 1423 Λοκρίδος,
828 1385 901 1413 111110

101 1429 199 1457 6113111
222 1429 313 1458 Aiax
343 1430 426 1459 Oilei
460 1431 574 1460 dicitur
605 1428 777 1470 Naryclus
803 1428 901 1460 heros

102 1476 161 1503 Ov.
190 1477 232 1503 M.
261 1473 312 1512 14,
337 1473 411 1505 ⁴63.
461 1477 554 1505 Locri
583 1481 689 1505 31116111
721 1477 818 1505 Troia
850 1486 900 1506 re-

102 1522 199 1549 duces
237 1529 334 1556 quum
370 1524 409 1551 ad
443 1523 644 1558 Capliareum
682 1523 739 1557 (cf.
774 1521 807 1559 1,
836 1521 899 1558 41)

102 1568 353 1602 promontorium
385 1569 519 1598 Aiacem
553 1570 663 1598 ducem
700 1569 899 1605 amisissent,

103 1614 223 1642 Locros
269 1614 300 1642 in
340 1615 438 1644 Italia
486 1616 668 1644 condidisse
713 1616 900 1645 dicebantur

103 1660 348 1695 Epizepliyrios.

149 1702 223 1734 401.
256 1702 383 1745 Lycius
409 1709 486 1736 urbs
513 1708 626 1736 Cretae
662 1713 857 1737 memoratur
881 1716 901 1737 3

102 1751 208 1780 Plinio
241 1750 277 1789 4,
305 1750 348 1780 20
389 1754 531 1789 aliisque
571 1755 774 1790 geographis.
824 1755 901 1783 Inde

107 1794 249 1837 Lyctius
275 1799 390 1828 dicitur
425 1797 648 1831 Idomeneus.
689 1802 771 1835 quod
804 1801 900 1837 11Υοῐί

103 1843 209 1872 fuerat
231 1852 289 1873 rex
314 1845 353 1874 cf.
378 1846 470 1874 Hom.
494 1847 531 1874 ΙΙ.
557 1844 587 1883 2,
611 1843 685 1874 647.
712 1851 738 1875 et
761 1854 811 1881 ap.
841 1848 899 1876 Ov.

102 1891 144 1917 M.
171 1887 202 1926 7,
229 1886 294 1917 490
331 1887 452 1930 Lyctia
480 1889 602 1920 classis
628 1893 747 1921 classis
771 1894 903 1921 6311111-

103 1935 186 1963 nois.
234 1937 282 1964 De
307 1937 475 1965 Idomeneo
497 1937 536 1967 cf.
562 1935 636 1966 121.

150 1979 226 2009 402.
256 1978 481 2019 Philoctetes,
515 1984 569 2017 qui
595 1985 745 2013 Herculis
770 1984 902 2019 sagittis

104 2026 261 2056 interfecit
287 2028 454 2065 Paridem,
488 2029 667 2058 Meliboeae
699 2030 902 2065 aliarumque

104 2073 232 2101 urbium
256 2081 315 2102 rex
339 2078 386 2102 est
409 2081 460 2108 ap.
484 2075 575 2103 Hom.
594 2076 632 2103 Il.
654 2073 683 2112 2,
701 2073 766 2103 716
791 2084 839 2110 sq.
862 2092 899 2096 —-

105 2115 240 2148 Petelia
266 2115 480 2149 Philoctetae
505 2120 543 2150 cf.
571 2118 646 2149 319.
684 2137 721 2140 —
755 2119 904 2150 subnixa

106 2163 164 2199 [cf.
182 2161 212 2201 4,
227 2162 312 2201 217)
328 2174 449 2195 muro:
477 2167 674 2195 Substructis
699 2167 783 2195 enim
802 2168 905 2196 muris

107 2210 232 2239 firmata
259 2215 343 2249 erat,
376 2216 412 2241 ut
442 2213 510 2241 alia
535 2214 651 2242 Italiae
676 2214 803 2248 oppida.
858 2210 904 2241 Π.

102 2250 324 2295 μητρόπολις
365 2254 548 2296 νομίζεται
588 2255 661 2287 τῶν
706 2254 904 2287 Λευκανῶν

103 2297 164 2331 καὶ
190 2300 410 2332 συνοικεῖται
434 2298 539 2343 μέχρι
562 2299 630 2333 νῦν
655 2298 799 2339 ἱκανῶς.
833 2299 905 2332 κτί-

104 2353 177 2386 σμα
204 2339 233 2376 δ’
261 2340 335 2377 ἐστὶ
366 2343 607 2390 Φιλοκτήτου,
630 2343 811 2389 φυγόντος
837 2344 906 2389 τὴν

105 2389 309 2433 Μελίβοιαν
326 2389 421 2423 κατὰ
436 2389 572 2430 στάσιν,
593 2389 730 2435 ἐρυμνὴ
749 2388 779 2424 δ’
796 2388 904 2425 ἐστίν.

104 2442 207 2468 Strab.
236 2438 272 2477 6,
302 2437 313 2467 1
354 2448 383 2475 p.
411 2439 440 2470 4.
468 2443 503 2471 T.
552 2443 640 2471 Haec
665 2442 784 2477 oppida
807 2442 903 2470 Hele-

106 2493 168 2514 nus
193 2494 256 2514 non
283 2486 404 2523 ordine,
430 2495 491 2522 quo
517 2488 583 2517 sita
606 2492 700 2525 sunt,
727 2492 902 2517 enumerat.

151 2528 228 2559 403.
255 2531 317 2559 Ubi
350 2531 577 2562 transmissae
612 2533 671 2568 [cf.
704 2531 741 2571 4,
776 2530 840 2562 152
875 2538 905 2562 et

108 2573 193 2612 15⁴]
227 2581 317 2606 trans
343 2584 484 2614 aequora
516 2581 641 2609 classes
673 2577 831 2609 steterint
863 2580 904 2608 li-

107 2627 183 2652 tore.
234 2623 281 2652 Cf.
309 2621 385 2652 277.

151 2666 227 2697 404.
254 2670 335 2698 vota
364 2667 495 2699 solves:
525 2671 632 2702 Potuit
657 2671 742 2700 enim
766 2679 902 2706 exspec-

105 2719 174 2744 tare
197 2716 356 2751 Helenus,
395 2717 542 2745 Aeneam
566 2717 693 2751 quando
724 2717 837 2746 liceret.
869 2718 902 2746 in

105 2761 236 2790 Italiam
268 2763 410 2797 appulsa
437 2764 545 2792 classe
578 2763 642 2791 diis
669 2770 766 2792 sacra
797 2763 901 2792 factu-

105 2815 195 2845 rum,
223 2808 335 2843 qualia
360 2817 482 2838 vovere
503 2809 650 2837 solebant
677 2815 768 2838 mare
793 2809 901 2846 ingre-

107 2854 242 2883 dientes·

151 2897 227 2929 405.
257 2896 342 2928 Ld..·
359 2896 457 2938 „Die
476 2896 717 2939 Purpurfarbe
736 2896 903 2939 schiitzte,

105 2941 169 2974 wie
194 2953 275 2974 man
309 2943 354 2974 im
381 2943 576 2976 Alterthum
602 2942 760 2984 glaubte,
786 2954 904 2986 gegen

111 2987 284 3019 zauber.“
299 3007 342 3011 -
363 2989 487 3020 Velare
505 2992 524 3020 i.
543 3000 569 3020 e.
588 2993 665 3020 vela
682 2995 712 3020 te
726 2991 765 3021 cf.
781 2990 810 3029 2,
827 2990 903 3021 707.

106 3037 218 3066 Fertur
238 3037 371 3067 Aeneae
397 3038 430 3067 in
458 3038 557 3067 Italia
586 3037 779 3067 sacrificanti
812 3041 904 3067 obtu-

949 1338 1030 1367 lisse
1053 1346 1088 1367 se
1104 1336 1274 1365 Diomedes
1300 1338 1330 1363 et
1352 1332 1530 1362 reddidisse
1551 1332 1746 1361 Palladittm·

948 1384 1088 1413 Romani
1120 1387 1228 1411 31116111
1264 1388 1360 1409 sacra
1390 1384 1416 1408 et
1440 1382 1524 1407 bona
1547 1378 1656 1408 omina
1682 1383 1748 1407 tnr-

947 1431 1019 1459 bari
1046 1432 1212 1465 putabant,
1237 1428 1267 1455 si
1293 1427 1367 1462 quis
1392 1426 1537 1460 impurus
1563 1428 1618 1453 aut
1645 1425 1747 1453 hostis

948 1476 1199 1512 interveniebat,
1238 1482 1299 1509 quo
1326 1473 1398 1501 viso
1431 1471 1645 1501 sacrificantis
1676 1470 1748 1499 3111-

948 1531 1020 1552 mus
1042 1530 1063 1551 3
1082 1530 1175 1551 sacro
1202 1523 1325 1556 poterat
1346 1519 1468 1554 averti3
1490 1518 1573 1552 quod
1593 1517 1621 1545 si
1645 1517 1747 1553 fiebat,

947 1573 1014 1597 erat
1048 1569 1222 1604 piaculum.
1277 1567 1354 1594 Inde
1395 1568 1444 1593 est
1482 1564 1581 1592 illud:
1633 1560 1748 1592 absint

945 1613 1112 1654 profani;
1159 1613 1271 1642 deinde
1303 1616 1336 1640 ut
1369 1615 1453 1640 certe
1487 1610 1571 1638 1111111
1603 1609 1750 1638 viderent

947 1663 1031 1696 quod
1064 1669 1083 1690 a
1118 1662 1216 1689 latere
1254 1667 1289 1687 se
1321 1657 1459 1693 offerret,
1505 1656 1610 1691 capite
1640 1657 1748 1684 velato

948 1715 1044 1737 sacra
1084 1707 1243 1740 fecerunt,
1283 1712 1376 1740 quem
1412 1710 1533 1732 morem
1566 1703 1747 1730 Romanum

948 1755 1022 1789 Vgl.
1077 1752 1272 1788 temporibus
1333 1749 1441 1778 tribuit
1496 1747 1746 1782 antiquissimis.

948 1801 1053 1829 Varro
1077 1801 1113 1827 11.
1140 1800 1175 1827 1..
1203 1798 1243 1835 V,
1274 1794 1337 1824 130
1364 1797 1532 1833 „Romano
1557 1794 1619 1823 ritu
1645 1794 1748 1823 sacri-

949 1846 1053 1875 ficium
1087 1845 1227 1874 feminae
1251 1850 1350 1878 tutum
1379 1842 1518 1877 faciunt,
1558 1841 1665 1875 capita
1691 1849 1748 1868 ve-

948 1890 1050 1920 lant.‘⁴
1104 1893 1191 1920 Idem
1233 1892 1436 1925 praeceptum
1470 1887 1607 1916 Ovidius
1647 1888 1688 1914 M.
1718 1882 1748 1921 1,

950 1936 1011 1966 331
1049 1940 1088 1966 ab
1118 1937 1273 1972 Apolline
1299 1933 1489 1964 Deucalioni
1521 1934 1628 1961 datum
1661 1932 1749 1968 fingit

950 1984 1118 2017 incautior,
1147 1991 1222 2011 nam
1251 1983 1394 2017 „Graeco
1421 1980 1485 2009 ritu
1509 1979 1614 2014 capite
1637 1982 1747 2013 aperto

950 2038 1002 2058 res
1029 2030 1143 2058 divina
1166 2029 1229 2058 fust*
1254 2030 1354 2056 Macr.
1382 2024 1410 2064 1,
1437 2023 1468 2054 8.

997 2073 1073 2103 409.
1106 2072 1203 2104 Casti
1236 2074 1402 2102 maneant
1434 2072 1573 2111 nepotes
1604 2070 1643 2099 cf.
1672 2067 1748 2099 369.

950 2122 998 2149 De
1024 2129 1104 2150 voce
1132 2122 1249 2149 castus
1280 2118 1310 2155 6,
1336 2116 1412 2147 661.

999 2163 1075 2194 410.
1102 2166 1164 2194 Ubi
1194 2166 1360 2201 digressus
1385 2166 1425 2192 ab
1450 2163 1564 2191 Italiae
1589 2162 1682 2190 litore
1708 2163 1748 2190 ad

952 2212 1096 2241 Siculum
1117 2211 1232 2240 fretum
1258 2210 1448 2245 adveneris,
1481 2209 1649 2237 sinistram
1677 2216 1747 2236 ver-

951 2265 1009 2287 sus
1034 2265 1124 2286 oram
1150 2255 1277 2285 deflecte
1300 2259 1330 2283 et
1362 2255 1482 2283 circum
1508 2254 1656 2282 Siciliam
1691 2261 1748 2282 na-

950 2304 1046 2340 viga,
1084 2311 1125 2331 ne
1156 2302 1212 2330 tibi
1246 2310 1287 2330 ex
1313 2301 1426 2336 Scylla
1457 2303 1489 2327 et
1512 2299 1675 2334 Charybdi
1707 2299 1750 2327 sit

951 2350 1139 2385 periculum.

997 2392 1074 2424 411.
1101 2395 1250 2423 Pelorum
1278 2390 1529 2427 promontorium
1551 2390 1684 2419 Siciliae
1707 2391 1748 2418 ad

951 2442 1069 2471 fretum
1093 2441 1178 2469 1131111
1204 2440 1314 2474 procul
1339 2440 1378 2466 ab
1404 2439 1480 2466 urbe
1506 2438 1671 2465 Messana.
1707 2451 1744 2455 —

952 2489 1145 2526 angustum
1173 2485 1272 2522 „quia
1303 2492 1324 2513 a
1350 2483 1525 2513 continenti
1551 2482 1571 2510 i.
1599 2490 1625 2511 e.
1649 2489 1670 2511 3
1686 2482 1749 2510 Co-

950 2536 1063 2563 lumna
1096 2540 1199 2567 usque
1231 2532 1272 2560 ad
1304 2532 1432 2559 Pharon
1465 2529 1567 2557 tribus
1602 2528 1747 2557 millibus

952 2576 1080 2609 distatf‘
1113 2581 1144 2607 S.
1195 2575 1397 2618 Angustum
1431 2579 1538 2603 autem
1571 2577 1602 2602 et
1633 2574 1748 2603 fretum

951 2629 982 2655 et
1003 2624 1251 2661 promontorium
1274 2626 1358 2652 recte
1377 2622 1491 2651 dicitur
1514 2620 1555 2649 cf.
1572 2620 1664 2649 Caes.
1681 2620 1746 2648 BG.

947 2669 978 2708 4,
997 2669 1040 2699 23
1061 2668 1148 2699 adeo
1170 2666 1336 2709 augustis
1361 2663 1533 2695 montibus
1552 2673 1649 2694 mare
1668 2674 1748 2694 con-

947 2714 1135 2747 timebatur.
1162 2732 1206 2735 —
1236 2712 1424 2742 Rarescent
1451 2712 1561 2749 „ideo,
1590 2712 1667 2746 quia
1690 2720 1748 2741 ve-

948 2763 1112 2792 nientibus
1152 2763 1190 2790 de
1230 2761 1319 2788 Ionio
1366 2762 1492 2794 propter
1538 2762 1748 2788 curvaturam

948 2810 1077 2838 litorum
1102 2810 1236 2837 clausae
1263 2806 1412 2834 videntur
1438 2804 1626 2842 angustiae,
1664 2811 1747 2839 quae

950 2855 1108 2891 paulatim
1147 2851 1434 2888 propinquantibus
1476 2850 1597 2886 aperiri
1632 2851 1748 2879 viden—

951 2898 1033 2930 tur.“
1059 2902 1091 2928 S.
1141 2900 1187 2928 De
1217 2906 1297 2927 voce
1322 2904 1424 2925 rarus
1448 2897 1486 2926 cf.
1512 2894 1542 2933 4,
1570 2893 1644 2925 131.

997 2944 1073 2974 413.
1105 2943 1272 2974 Dextrum
1297 2939 1380 2971 litus
1410 2944 1441 2972 et
1468 2944 1599 2972 dextras
1633 2938 1748 2970 undas

948 2991 1050 3033 fuge.
1102 2991 1148 3020 Cf.
1177 2987 1206 3025 4,
1234 2986 1309 3016 588.

999 3035 1077 3066 414.
1104 3033 1209 3065 ruina
1235 3034 1273 3063 cf.
1301 3032 1328 3071 1,
1358 3033 1431 3063 129.

1409 3079 1474 3123 10
