2023 3350
271 152 353 191 282

271 263 412 314 Lapsa
443 258 603 301 cadunt
640 257 766 310 folia,
815 263 892 300 aut
924 259 981 302 ad
1021 262 1183 303 terram
1222 263 1392 317 gurgite
1424 263 1480 306 ab
1514 264 1604 306 alto

273 322 411 368 Quam
446 316 609 357 multae
643 315 939 368 glomerantur
977 330 1095 368 aves,

842 148 880 180 P.
909 148 1104 182 VIRGILII
1128 149 1339 184 MAROMS

270 376 405 415 Trans
437 376 621 426 pontum
658 371 780 426 fugat
814 377 857 415 et
891 374 1019 415 terris
1055 375 1251 417 immittit
1284 379 1454 430 apricis.

271 431 456 472 Stabant
496 432 671 471 orantes
704 430 833 483 primi
870 431 1163 473 transmittere
1196 446 1368 476 cursum

270 486 607 538 Tendebantque
639 500 792 529 manus
821 488 943 541 ripae
977 488 1196 530 ulterioris
1226 504 1384 533 amore.

271 545 431 586 Navita
468 543 543 585 sed
577 543 714 585 tristis
751 559 863 586 nunc
903 545 983 587 hos
1018 560 1132 587 nunc
1167 547 1325 600 accipit
1362 549 1473 601 11105,

271 603 351 643 Ast
388 601 496 642 alios
532 600 658 654 longe
691 601 913 644 submotos
947 606 1069 644 arcet
1106 617 1249 645 arena.

270 660 454 709 Aeneas,
497 657 679 699 miratus
716 659 828 700 enim
860 663 1091 714 motusque
1123 661 1322 713 tumultu,

271 716 370 766 Dic,
417 715 496 766 ait,
545 729 568 756 0
603 716 742 769 virgo,
780 717 885 770 quid
922 718 1012 759 volt
1051 731 1284 760 concursus
1327 718 1383 760 ad
1420 721 1615 762 amnem‘.>

271 772 433 823 Quidve
467 775 621 825 petunt
655 773 851 815 animae?
903 775 970 816 vel
1010 788 1095 828 quo
1132 776 1377 817 discrimine
1415 777 1534 830 ripas

270 830 363 871 Hae
400 830 615 883 linquunt,
662 830 762 872 illae
799 832 928 873 remis
968 832 1080 874 vada
1113 832 1246 874 livida
1282 834 1485 876 verrunt?

272 888 357 929 Olli
390 887 452 928 sic
481 886 670 929 breviter
703 887 796 930 fata
824 893 889 931 est
924 889 1134 943 longaeva
1167 890 1392 932 sacerdos:

271 944 460 986 Anchisa
501 948 724 997 generate,
765 946 892 988 deum
931 948 1172 989 certissima
1212 948 1368 1002 proles,

272 1002 421 1056 Cocyti
453 1004 608 1055 stagna
647 1003 737 1044 alta
772 1003 889 1045 vides
929 1004 1207 1059 Stygiamque
1244 1005 1457 1059 paludem,

272 1059 327 1100 Di
361 1059 480 1100 cuius
518 1059 662 1101 iurare
699 1060 852 1103 timent
887 1065 929 1103 et
967 1062 1117 1104 fallere
1154 1077 1322 1104 numen.

273 1173 469 1214 Portitor
503 1173 577 1214 ille
610 1174 798 1227 Char0n3
849 1175 912 1227 111,
953 1190 1061 1230 quos
1092 1177 1210 1219 vehit
1243 1177 1380 1228 unda,
1420 1176 1589 1231 sepulti.

275 1231 366 1272 Nec
402 1231 520 1283 ripas
553 1230 682 1272 datur
713 1231 951 1275 horrendas
992 1237 1035 1275 et
1074 1248 1208 1276 rauca
1241 1234 1411 1276 fiuenta'

272 1288 586 1341 'l‘ransportare
620 1289 759 1342 prius⁷
808 1303 940 1343 quam
982 1291 1155 1333 sedibus
1195 1306 1294 1333 ossa
1329 1291 1542 1344 quierunt.

1136 318 1210 360 ubi
1244 320 1426 373 frigidus
1459 336 1596 364 annus
1825 267 1908 306 310

1827 549 1908 588 315

1828 835 1910 874 320

273 1116 392 1157 Haec
427 1116 583 1167 omnis,
622 1131 753 1170 quam
792 1119 952 1171 cernis,
996 1120 1121 1173 inops
1155 1120 1467 1173 inhumataque
1506 1117 1638 1160 turba
1678 1119 1765 1169 est;
1827 1118 1908 1158 325

1827 1403 1910 1442 330

273 1346 452 1387 Centum
483 1349 630 1387 errant
663 1359 816 1398 annos,
860 1348 1128 1401 volitantque
1165 1349 1271 1390 haec
1306 1349 1437 1389 litora
1470 1348 1648 1399 circum3

271 1403 377 1442 Tum
414 1402 584 1443 demum
616 1402 793 1445 admissi
831 1407 985 1458 stagna
1018 1409 1226 1459 exoptata
1257 1406 1460 1447 revisunt.

276 1459 479 1500 constitit
512 1459 701 1502 Anchisa
738 1465 857 1503 satus
892 1466 935 1503 et
977 1463 1158 1517 vestigia
1194 1463 1363 1518 pressit,

274 1600 312 1627 H.
334 1599 388 1627 od.
413 1597 442 1635 9,
470 1596 523 1627 51.
555 1601 593 1627 Il.
618 1597 648 1636 2,
674 1597 751 1629 800.
781 1617 819 1621 -
845 1602 938 1631 Hunc
965 1605 1070 1631 locum

276 1645 420 1673 imitatus
445 1649 492 1673 est
521 1645 722 1674 Claudianus
747 1648 813 1675 ΒΡ.
839 1645 869 1683 2,
894 1646 970 1676 308.

322 1688 396 1717 310.
426 1686 547 1729 Lapsa
574 1689 716 1720 cadunt.
766 1694 852 1721 Haec
884 1695 944 1721 11110
975 1693 1071 1721 varia

277 1735 310 1763 iu
338 1742 434 1763 unam
464 1740 577 1764 coeunt
607 1737 767 1766 notionem
798 1738 837 1766 cf.
866 1739 931 1767 Cic.
959 1739 1013 1767 Off.
1044 1737 1071 1775 1,

272 1778 314 1807 22
347 1777 389 1809 de
418 1778 578 1810 manibus
601 1779 914 1811 audacissimorum
945 1780 1070 1812 ciuium

273 1823 422 1865 delapsa
451 1834 551 1854 arma
582 1824 659 1866 ipea
685 1826 892 1857 ceciderunt.
941 1829 1013 1857 Liv.
1042 1826 1071 1865 1,

272 1871 316 1898 53
340 1868 509 1910 prolapsa
541 1869 573 1899 in
602 1870 728 1901 vulnus
753 1871 962 1903 moribunda
987 1873 1073 1902 ceci-

273 1914 337 1944 die.
387 1916 434 1945 Cf.
461 1914 491 1951 2,
519 1914 594 1946 169.

320 1958 394 1989 311.
422 1970 524 2000 quam
553 1960 701 1991 multae:
728 1964 852 1992 Shnilis
874 1965 1071 1999 comparatio

273 2009 365 2035 Horu.
391 2008 428 2035 Il.
451 2005 481 2043 3,
507 2005 537 2036 3.
570 2024 608 2028 -
640 2005 809 2047 Frigidus
833 2011 910 2048 post
934 2007 1073 2049 frigore

273 2052 311 2082 cf.
340 2049 416 2080 901.
444 2067 481 2071 -
504 2051 670 2093 frigidus
696 2062 811 2082 annus
837 2055 876 2083 cf.
901 2052 931 2092 7,
959 2054 1012 2083 61.

319 2095 394 2125 313.
426 2095 675 2127 Transmittcre
702 2107 836 2128 cursum
867 2105 900 2128 ut
928 2098 1072 2129 circum-

264 2141 408 2181 flectere
438 2152 575 2172 cursum
607 2144 645 2179 5,
676 2141 747 2172 131.
796 2146 937 2174 Verbum
971 2153 1073 2174 orare

275 2197 302 2217 c.
327 2188 383 2216 inf.
407 2190 442 2217 E.
470 2187 500 2226 2,
525 2187 577 2218 43.
604 2190 674 2218 Ter.
701 2192 782 2218 Eun.
810 2189 840 2227 3,
866 2189 896 2227 3,
920 2189 973 2219 22.
1023 2192 1070 2220 Cf.

276 2232 306 2270 2,
333 2231 385 2262 33.

319 2277 394 2306 315.
427 2276 551 2308 Tristis
587 2279 876 2316 „i1nmiserabilis“
912 2283 942 2309 S.
977 2290 1072 2311 seve-

273 2332 338 2353 rus.
388 2325 437 2352 Ita
470 2332 521 2359 ap.
550 2326 615 2354 Cic.
647 2328 661 2354 I
686 2328 778 2356 Verr.
808 2325 864 2365 10,
889 2325 932 2354 30
966 2324 1072 2356 inflex

272 2367 383 2399 tristis
409 2372 440 2399 et
467 2367 616 2410 integer.

319 2413 394 2443 316.
422 2412 594 2444 submotos
619 2419 712 2446 arcet
736 2425 844 2445 arena
871 2417 910 2445 cf.
939 2414 968 2453 4,
993 2414 1046 2445 22.

320 2458 396 2488 2220.
429 2457 607 2499 Linquunt
634 2460 743 2501 ripas.
769 2471 832 2491 11011
857 2463 1069 2498 transituram

274 2506 360 2533 aliae
386 2508 649 2535 transvehuntur.

321 2548 396 2578 321.
427 2548 621 2591 Longaeva
657 2549 820 2580 sacerdoe
849 2556 896 2580 est
930 2553 1067 2588 Sibylla.

276 2598 356 2624 Nam
387 2597 535 2631 Sibyllae
561 2605 617 2632 per
647 2599 742 2632 plura
772 2599 906 2626 saecula
940 2598 1069 2626 vixisse

274 2643 492 2670 credebantur.

320 2685 396 2715 322.
428 2684 537 2715 Deum
563 2689 712 2723 generale
736 2691 782 2715 est
816 2687 854 2716 cf.
887 2685 918 2723 7,
944 2685 997 2716 98.

322 2730 396 2760 324.
423 2733 534 2760 Iurare
554 2737 583 2761 et
605 2732 719 2761 fallere
741 2736 789 2761 est
812 2733 966 2767 peierare.
1001 2734 1068 2761 Ha-
1106 2745 1113 2752 -

276 2780 348 2813 hes.
390 2779 472 2812 quod
504 2778 621 2806 dicitur
652 2778 841 2813 Hentliadys
874 2778 912 2807 cf.
950 2775 986 2813 1,
1013 2776 1065 2806 61.

277 2820 416 2850 Fallere
441 2827 473 2850 ut
497 2820 616 2852 iurare
640 2831 711 2852 cum
734 2831 801 2852 acc.
827 2824 898 2852 eius
924 2824 1067 2857 iungitur

276 2875 330 2900 per
355 2876 447 2902 quem
473 2868 502 2896 fit
526 2868 578 2896 ius
601 2869 781 2905 iurandum,
807 2869 853 2897 ita
880 2870 955 2897 Hor.
981 2869 1014 2897 C.
1036 2867 1065 2905 2,

273 2910 304 2947 S,
331 2910 347 2939 9
387 2910 509 2941 matris
543 2910 672 2942 cineres
699 2915 836 2953 opertos
856 2911 998 2950 fallere.
1026 2930 1069 2934 —

278 2953 398 2984 lurore
432 2957 564 2992 saepius
596 2959 634 2987 cf.
669 2960 734 2988 Cic.
762 2960 850 2987 Fam.
878 2956 915 2996 7,
942 2956 981 2986 12
1015 2956 1069 2987 iu-

277 3008 355 3029 rare
387 3000 509 3030 lovem.
567 3004 655 3037 Quae
686 3005 729 3032 sit
760 3005 889 3033 deorum
928 3004 1068 3039 periurio

277 3044 359 3074 facto
390 3055 493 3081 poena
524 3050 655 3083 exponit
688 3050 818 3079 Hesiod.
847 3051 966 3086 Theog.
1002 3048 1067 3078 793

1120 1620 1156 1623 —
1170 1601 1246 1632 805.
1296 1603 1342 1632 Cf.
1371 1603 1410 1631 Η.
1429 1601 1532 1637 011.5,
1549 1598 1612 1628 184
1630 1593 1735 1628 ’Ἰστω
1761 1605 1829 1627 νυν
1854 1617 1862 1626 .
1877 1617 1886 1626 .
1902 1618 1910 1626 .

1116 1642 1157 1677 τὸ
1198 1642 1454 1687 κατειβόμενον
1488 1638 1632 1684 Στυγὸς
1671 1637 1790 1681 ὕδωρ,
1830 1635 1913 1673 ὅστε

1115 1687 1278 1732 μέγιστος
1304 1686 1412 1730 ὅρκος
1429 1685 1640 1726 δεινότατός
1663 1697 1700 1719 τε
1723 1685 1819 1720 πέλει
1843 1696 1913 1727 μα-

1114 1732 1261 1775 κάρεσσι
1299 1736 1452 1767 θεοῖσιν.
1516 1738 1596 1766 Eius
1634 1737 1680 1766 rei
1719 1743 1817 1770 saepe
1859 1741 1911 1768 ap.

1117 1788 1228 1818 poetas
1266 1784 1297 1812 fit
1334 1783 1466 1818 111011ιί0,
1507 1787 1541 1811 ut
1581 1780 1612 1818 9,
1639 1778 1714 1809 104.
1759 1779 1809 1816 10,
1836 1777 1910 1808 113.

1118 1830 1266 1864 ..Dicitur
1288 1829 1443 1857 statuisse
1467 1828 1626 1863 Iuppiter,
1656 1831 1691 1855 ut
1715 1826 1745 1855 si
1769 1826 1843 1861 quis
1866 1825 1912 1854 fe-

1117 1875 1257 1903 fellisset
1281 1875 1352 1903 eius
1376 1882 1512 1906 numen.
1541 1881 1604 1902 uno
1629 1879 1714 1901 anno
1737 1876 1768 1900 et
1793 1879 1912 1900 novem

1119 1921 1233 1949 diebus
1256 1923 1296 1948 ab
1323 1919 1498 1948 Ambrosia
1518 1923 1546 1948 et
1570 1921 1706 1948 Nectare
1729 1917 1912 1953 prohibere-

1116 1964 1199 1994 tur.“
1224 1968 1254 1994 S.

1165 2021 1242 2051 325.
1273 2019 1379 2060 Inops
1404 2025 1463 2057 051,
1489 2021 1540 2049 cui
1566 2028 1658 2049 nemo
1675 2027 1766 2054 opem
1783 2019 1843 2048 fert
1860 2027 1913 2047 se-

1120 2069 1277 2103 peliendo.
1311 2070 1402 2095 Serv.
1430 2074 1450 2095 a
1473 2066 1601 2095 nomine
1625 2067 1708 2101 OpS‚
1727 2073 1788 2099 quo
1812 2065 1913 2093 Terra

1121 2116 1208 2143 culta
1231 2114 1288 2145 sit,
1317 2113 1457 2147 deducit,
1482 2116 1514 2140 111
1539 2112 1595 2140 sit:
1623 2115 1726 2140 terrae
1748 2118 1811 2139 non
1837 2116 1912 2144 par-

1119 2160 1238 2195 ticeps,
1273 2167 1334 2187 non
1365 2159 1524 2192 sepultus:
1570 2158 1686 2185 Eorum
1712 2152 1836 2193 iniqua
1863 2157 1913 2183 est

1119 2213 1193 2233 sors
1220 2202 1301 2235 332.
1327 2205 1409 2238 quoti
1433 2206 1620 2237 premuntur
1642 2204 1738 2235 culpa
1761 2200 1910 2228 aliorum.

1118 2252 1212 2279 Hunc
1240 2257 1369 2278 versum
1407 2246 1462 2276 [a.
1494 2247 1582 2282 ponit
1612 2251 1680 2281 post
1710 2254 1742 2275 v.
1770 2243 1835 2273 328
1865 2253 1911 2274 sc.

1118 2304 1158 2324 ne
1182 2298 1307 2324 deesset
1337 2294 1513 2323 subiectum
1544 2293 1585 2320 ati
1618 2296 1756 2328 errant3
1792 2296 1821 2322 et
1857 2298 1912 2325 pro

1118 2338 1229 2369 cernis
1257 2340 1338 2369 coni.
1371 2335 1479 2367 ceruit
1510 2348 1555 2361 Ξ
1580 2338 1717 2367 secernit
1748 2346 1793 2368 sc.
1827 2339 1913 2368 Cha-

1118 2394 1192 2422 ron.
1227 2386 1302 2414 sive
1335 2380 1475 2423 spernit.
1535 2379 1645 2420 Quam
1678 2381 1790 2413 cernis
1818 2388 1912 2419 recte,

1117 2439 1192 2460 nam
1216 2431 1335 2465 sepulti
1360 2429 1469 2458 statim
1501 2431 1771 2464 transvehuntur-3
1804 2430 1912 2465 itaque

1117 2477 1149 2505 in
1183 2477 1255 2511 ripa
1279 2476 1333 2510 qui
1360 2478 1542 2511 remanent,
1575 2482 1686 2503 omnes
1719 2478 1794 2503 sunt
1824 2475 1911 2504 inse-

1116 2522 1207 2557 pulti.

1163 2575 1236 2606 328.
1270 2574 1526 2615 Transportare
1552 2576 1591 2605 cf.
1617 2584 1648 2604 v.
1677 2573 1742 2603 536
1767 2580 1796 2605 et
1817 2576 1910 2606 caes.

1116 2624 1180 2651 BG.
1206 2620 1235 2658 4,
1265 2620 1304 2650 16
1338 2619 1523 2650 exercitum
1554 2618 1707 2649 Rhenum
1735 2623 1913 2660 transpor-

1114 2670 1215 2696 taret.
1265 2669 1327 2697 Bc.
1354 2665 1381 2703 1,
1406 2665 1448 2694 54
1475 2663 1670 2705 militesque
1687 2662 1740 2694 his
1763 2664 1912 2695 navibus

1114 2712 1239 2749 flumen
1268 2713 1495 2750 transportat.
1546 2711 1592 2740 Cf.
1626 2713 1677 2739 Gr.
1708 2711 1729 2744 S
1755 2709 1830 2740 302.
1870 2727 1907 2730 -

1118 2755 1246 2796 Sedes.
1274 2760 1473 2793 sepulcrum,
1499 2757 1545 2785 ita
1574 2754 1646 2784 152.
1673 2754 1748 2785 371.
1781 2754 1812 2793 7,
1834 2755 1863 2784 3.

1161 2811 1236 2843 329.
1261 2815 1324 2849 Ap.
1360 2816 1452 2843 Hom.
1485 2816 1522 2842 Il.
1562 2812 1622 2851 23,
1660 2810 1698 2840 71
1739 2812 1910 2841 Patroclus

1113 2859 1254 2888 Achilli:
1281 2853 1404 2888 θάπτε
1425 2866 1469 2897 με
1500 2850 1577 2887 ὅττι
1602 2850 1766 2895 τάχιστοι,
1794 2850 1911 2892 πύλας

1111 2896 1230 2932 Ἀΐδαο
1261 2897 1419 2943 περήσω.
1478 2905 1526 2932 De
1557 2903 1609 2931 his
1643 2905 1766 2931 centum
1800 2903 1910 2940 annis,

1117 2957 1197 2983 quos
1223 2950 1305 2978 dixit
1322 2950 1494 2986 Virgilius,
1516 2948 1597 2977 nihil
1623 2951 1673 2976 est
1696 2948 1828 2977 aliunde
1852 2956 1909 2977 no-

1113 2998 1189 3023 tum.

1161 3047 1236 3078 331.
1262 3047 1418 3091 vestigia
1439 3046 1579 3089 pressit,
1609 3049 1648 3078 cf.
1674 3046 1750 3077 547.
