2023 3350
736 99 967 133 AENEIDos
999 101 1087 134 ΜΒ.
1117 102 1182 134 111.
1701 107 1780 146 159

141 215 224 257 Per
259 229 434 269 superos
465 218 596 269 atque
624 214 707 256 hoc
744 214 853 256 caeli
889 213 1094 268 spirabile
1130 215 1283 267 lumen,

1698 219 1779 260 600

143 273 297 314 Tollite
332 287 413 325 me,
459 272 630 325 Teucri,
675 286 952 327 quascunque
985 272 1187 314 abducite
1217 277 1375 325 terras,

142 331 235 372 Hoc
271 334 339 372 sat
371 331 463 372 erit.

524 330 620 373 Scio
654 344 721 372 me
758 330 920 372 Danais
955 344 977 371 e
1008 330 1217 373 classibus
1247 345 1391 383 unum,

142 389 199 430 Et
233 388 345 430 bello
385 389 539 430 Iliacos
579 387 721 429 fateor
759 389 934 442 petiisse
966 388 1160 430 Penates.

141 446 224 488 Pro
263 460 367 499 quo,
412 447 448 488 si
477 446 648 487 sceleris
686 449 810 488 tanta
850 450 914 488 est
949 446 1108 487 iniuria
1145 445 1295 498 nostri,

144 504 344 558 Spargite
379 517 446 545 me
484 504 526 545 in
562 503 715 545 fluctus
753 507 959 558 vastoque
996 504 1237 557 immergite
1274 506 1420 557 ponto.

143 561 187 603 Si
217 576 361 615 pereo,
403 561 625 603 hominum
662 562 859 603 manibus
890 562 1067 616 periisse
1102 561 1278 602 iuvabit.

140 620 336 671 Dixerat,
385 622 427 661 et
463 634 602 673 genua
636 620 858 674 amplexus
890 619 1153 673 genibusque
1187 619 1385 678 volutans

139 677 370 719 Haerebat.

430 678 533 729 Quis
576 678 647 729 sit,
689 677 788 729 fari,
835 692 919 731 quo
959 677 1165 731 sanguine
1199 680 1354 728 cretus,

139 735 394 787 Hortamur,
433 750 543 789 quae
580 735 733 778 deinde
766 736 901 789 agitet
932 735 1125 777 Fortuna
1161 734 1300 776 fateri.

139 793 236 846 Ipse
269 797 394 847 pater
427 793 624 835 dextram
657 793 881 845 Anchises,
925 793 1042 834 haud
1076 793 1213 834 multa
1247 794 1454 844 moratus,

1693 796 1776 835 610

139 851 227 893 Dat
255 851 396 892 iuveni
433 855 564 906 atque
600 851 789 893 animum
828 851 1044 906 praesenti
1078 851 1259 905 pignore
1302 849 1457 891 firmat.

252 909 332 950 Ille
368 909 491 961 haec,
540 909 736 963 deposita
768 910 942 951 tandem
978 908 1226 959 formidine,
1268 907 1404 949 fatur:

141 966 242 1008 Sum
279 967 424 1020 patria
460 981 512 1008 ex
540 967 711 1018 Ithaca,
760 981 899 1008 comes
934 966 1115 1007 infelicis
1148 965 1274 1016 Ulixi,

140 1025 305 1066 Nomen
338 1025 664 1077 Achemenides,
703 1025 873 1067 Troiam
912 1024 1104 1078 genitore
1132 1023 1368 1065 Adamasto

139 1154 321 1188 significant
367 1155 484 1191 solem,
531 1154 579 1183 sic
629 1151 746 1183 sidera
787 1154 824 1192 5,
857 1152 934 1182 256.

140 1202 174 1228 G.
201 1198 230 1235 4,
256 1198 310 1228 58.

187 1243 262 1274 600.
288 1242 455 1285 spirabile
476 1242 603 1273 lumen.
644 1246 768 1273 Lumen
793 1249 823 1273 et
845 1253 933 1280 aera,

139 1300 232 1327 quem
257 1291 441 1327 haurimus,
482 1299 545 1318 non
581 1292 624 1319 ita
649 1291 832 1320 discernunt
858 1300 933 1326 poe-

139 1341 201 1372 tae,
227 1341 261 1366 ut
287 1336 424 1372 physici.
474 1337 521 1365 Cf.
556 1334 605 1365 Es
625 1335 729 1373 frene
755 1334 837 1373 sich,
865 1345 933 1365 wer

140 1380 186 1412 da
217 1380 347 1411 athmet
381 1380 424 1410 im
457 1379 598 1421 νοεῖς-οη
631 1379 761 1412 Liehte.
814 1380 934 1412 Schill.

138 1430 270 1464 Legitur
294 1426 434 1457 animus
457 1425 636 1468 spirabilis
667 1429 732 1457 Cic.
757 1431 822 1457 Nl).
848 1427 877 1464 2,
903 1428 932 1466 6,

142 1472 193 1503 18.
236 1472 371 1503 Numen
396 1472 462 1502 Mt.
496 1483 558 1503 100.
590 1471 652 1502 Rb.
682 1474 812 1509 [natum
837 1484 878 1503 ex
903 1474 932 1513 2,

139 1518 237 1556 254.)
301 1527 423 1549 nomen
461 1518 518 1548 Pl.
575 1517 688 1548 lumen
733 1519 931 1560 M'dPZyabe.

137 1568 261 1595 Lumen
291 1569 340 1594 est
362 1566 534 1603 spirabile,
569 1570 598 1594 et
624 1571 772 1600 precatur
802 1568 844 1596 A.
877 1576 933 1603 per

136 1614 255 1647 lumen,
279 1613 362 1647 quod
377 1613 529 1641 omnibus
551 1616 599 1640 est
622 1620 799 1642 commune.

183 1667 258 1698 602.
288 1666 361 1698 Hoc
387 1670 442 1697 sat
469 1667 534 1698 erit
561 1669 709 1707 „vitasse
736 1669 932 1706 Cyclopas“.

137 1716 169 1744 S.
205 1731 244 1734 —
283 1713 361 1743 Scio
388 1719 447 1744 010.
478 1723 580 1750 neque
610 1721 777 1750 propterea
811 1722 882 1752 peto
913 1725 933 1746 a

136 1762 249 1799 vobis,
285 1765 320 1790 ut
349 1769 399 1790 me
424 1762 559 1798 benigue
582 1762 765 1797 excipiatis.
814 1765 932 1792 Eodem

136 1809 227 1836 modo
264 1807 419 1842 scriptum
456 1811 505 1836 est
545 1805 652 1836 scio.-
694 1806 748 1837 Da
779 1807 931 1847 veniam,

136 1851 205 1882 scio
237 1861 289 1882 me
408 1850 554 1882 illicitas
581 1855 716 1883 lentare
746 1852 824 1883 vias
858 1857 930 1884 Val.

137 1900 183 1927 Fl.
212 1895 240 1935 1,
266 1896 339 1927 196.
388 1914 426 1918 -
472 1896 620 1927 Danaus
649 1901 846 1930 adiectivum
873 1906 931 1940 est,

135 1949 170 1973 ut
196 1946 254 1973 (tv.
280 1947 322 1973 Μ.
350 1940 403 1982 13,
429 1943 483 1972 59.
509 1942 561 1973 92.
606 1945 652 1974 Cf.
683 1945 709 1983 1,
735 1946 810 1975 686.

184 1999 261 2030 603.
282 1999 423 2040 petiisse
437 2010 480 2031 sc.
500 2010 549 2030 me
567 2003 605 2031 cf.
624 2000 654 2039 2,
672 2001 700 2031 3.
716 2018 759 2022 -
780 2004 932 2038 „Caussa

133 2048 227 2076 metri
251 2048 371 2076 addidit
397 2047 582 2083 syllabam“
608 2050 639 2077 S.
670 2049 827 2078 Videmus
854 2053 929 2079 Ser-
968 2063 972 2066 ·

135 2095 228 2122 vium
255 2094 437 2123 consentire
462 2102 534 2123 cum
559 2094 677 2123 nostris
699 2097 930 2133 grammaticis,

135 2140 191 2174 qui
226 2140 361 2169 formam
393 2137 458 2168 isse
490 2140 585 2168 alteri
620 2137 701 2168 iisse
738 2141 929 2175 praeferunt.

137 2186 240 2219 Quam
275 2186 435 2214 lubricum
470 2193 509 2214 ea
552 2186 586 2214 in
619 2194 653 2214 re
689 2186 844 2216 iudicium
877 2188 930 2224 sit,

137 2239 234 2265 quum
254 2232 285 2260 in
312 2232 452 2267 pedestri
475 2232 629 2266 scriptore
652 2233 706 2266 qui
732 2234 933 2262 describebat

137 2284 193 2311 pro
219 2284 280 2306 sua
306 2280 472 2307 voluntate
509 2278 628 2307 forinas
658 2282 782 2307 mutare
818 2284 933 2314 1101110-

138 2322 195 2359 111,
232 2323 328 2352 facile
366 2324 567 2360 intelligitur.
624 2325 722 2359 Apud
754 2325 929 2362 Virgilium

137 2369 292 2397 habemus
314 2366 414 2398 iisse.-
442 2367 568 2398 abiisse
593 2368 623 2407 2,
648 2368 699 2399 25.
737 2369 884 2410 periisse
904 2370 934 2409 3,

138 2411 215 2442 606.
242 2412 272 2451 9,
303 2412 373 2443 140.
406 2414 503 2450 (Luc.
533 2416 564 2454 5,
591 2414 687 2452 340.)
730 2414 877 2446 rediisse
902 2417 933 2453 5,

138 2455 214 2488 196.
251 2457 396 2489 subiisse
426 2458 456 2498 4,
479 2459 555 2490 599.
586 2478 623 2482 —
651 2464 701 2491 Ita
722 2460 864 2502 petiisse
886 2468 934 2493 est

137 2512 188 2539 ap.
218 2506 292 2533 Hor.
316 2506 350 2534 C.
379 2504 407 2543 3,
433 2504 484 2544 14,
512 2505 541 2536 ⁴2.
569 2524 607 2528 —
641 2509 779 2543 Saepius
803 2510 932 2538 videtur

136 2551 201 2587 legi
226 2551 326 2579 forma
351 2549 408 2587 iit,
445 2556 479 2580 ut
506 2551 571 2581 674
596 2551 794 2594 immugiit,
834 2553 932 2585 leniit

138 2594 169 2633 7,
196 2594 256 2633 87,
290 2594 418 2637 mugiit
444 2596 475 2633 8,
502 2596 584 2635 218,
621 2601 676 2628 vel
699 2602 784 2635 apud
803 2601 931 2631 Cicero-

135 2651 209 2671 nem
235 2643 274 2671 cf.
302 2644 354 2671 Gr.
382 2644 403 2677 ὅ
435 2641 505 2672 175.
532 2645 596 2673 An.
627 2642 656 2673 4.

185 2697 263 2728 604.
292 2697 358 2729 Pro
385 2709 450 2739 quo
477 2703 608 2738 scelere,
630 2702 659 2731 si
680 2703 751 2731 eius
769 2707 819 2732 est
842 2708 932 2733 tanta

135 2746 272 2780 iniuria,
309 2747 471 2781 discerpta
494 2750 636 2776 membra
663 2756 736 2777 mea
758 2749 792 2777 in
817 2749 932 2780 fluctus

134 2793 289 2827 1110110110.
339 2792 385 2820 Cf.
414 2790 444 2829 4,
471 2791 546 2821 600.

181 2837 256 2867 606.
282 2836 429 2877 periisse
453 2835 588 2868 iuvabit
614 2839 653 2868 cf.
680 2837 755 2869 282.

181 2893 256 2923 607.
283 2893 432 2936 genibus
455 2892 638 2925 haerebat:
667 2894 820 2927 Haerere
844 2899 930 2929 enim

135 2942 280 2970 dativum
303 2942 442 2970 assumit.
470 2941 510 2971 cf.
538 2941 568 2979 4,
595 2940 647 2971 73.
686 2959 723 2963 —
766 2943 929 2975 volutans

136 2983 230 3023 (si'ch
255 2985 443 3026 windend)
470 2988 508 3017 cf.
538 2985 567 3025 1,
598 2986 669 3017 104.

182 3030 255 3061 608.
281 3035 319 3062 Et
342 3041 458 3062 nomen
482 3034 553 3063 eius
579 3038 736 3069 quaerunt
765 3039 795 3064 et
825 3045 926 3073 genus

982 1156 1012 1180 et
1031 1152 1201 1180 fortunam.
1251 1151 1331 1179 Inde
1357 1147 1433 1190 quis
1460 1147 1504 1180 sit
1534 1152 1778 1187 praefert-mlum

981 1202 1038 1225 est.
1076 1213 1113 1216 —
1155 1194 1254 1235 „Qui
1287 1194 1346 1232 sit,
1384 1199 1443 1225 1100
1471 1201 1536 1233 est,
1572 1198 1666 1227 cuius
1694 1199 1778 1227 filius

980 1243 1037 1279 sit,
1069 1244 1151 1272 sieut
1181 1243 1279 1271 etiam
1304 1244 1480 1276 respondet.
1530 1245 1611 1273 Nam
1643 1245 1707 1273 iam
1742 1254 1779 1273 se

981 1290 1107 1317 dixerat
1143 1286 1306 1317 Graiuin.“
1347 1290 1377 1316 S.
1428 1290 1538 1323 Itaque
1569 1293 1599 1318 s.
1632 1288 1708 1330 quis
1734 1289 1778 1320 sit

980 1336 1100 1369 legisse
1125 1336 1305 1364 censendus
1339 1338 1404 1371 est,
1440 1343 1502 1363 non
1537 1334 1596 1375 qui
1627 1335 1684 1365 sit.
1732 1338 1778 1365 At

981 1390 1078 1415 quum
1108 1382 1250 1415 antiquis
1276 1381 1308 1409 in
1334 1381 1425 1409 libris
1452 1381 1594 1419 litterae,
1643 1383 1671 1411 si
1702 1390 1777 1411 eae-

980 1428 1051 1455 dem
1097 1428 1310 1463 colliduntur,
1365 1428 1464 1455 semel
1509 1428 1607 1456 scribi
1652 1431 1777 1458 soleant

981 1474 1136 1508 QUlsI'r,
1168 1482 1209 1502 ex
1240 1474 1333 1501 libris
1367 1473 1449 1508 ipsis
1481 1474 1694 1503 demonstrari
1717 1478 1777 1505 hoc

979 1521 1048 1548 loco
1091 1520 1173 1547 nibil
1215 1523 1325 1553 potest.
1387 1516 1455 1557 Qui
1492 1520 1534 1548 sit
1571 1525 1655 1549 esset
1694 1521 1777 1550 idem

979 1567 1060 1600 quod
1090 1566 1198 1594 statim
1229 1566 1388 1602 sequitur,
1420 1573 1509 1604 quae
1534 1575 1606 1595 eum
1633 1567 1778 1608 agitet

971 1611 1179 1648 fortuna.
1230 1627 1267 1630 —
1325 1619 1389 1651 quo
1437 1610 1614 1652 sanguine
1665 1616 1779 1643 cretus

978 1657 1017 1686 ef.
1046 1656 1076 1695 4,
1107 1655 1178 1686 191.

1025 1701 1101 1731 609.
1127 1699 1308 1732 hortamur
1329 1700 1408 1739 fari
1432 1703 1470 1731 cf.
1498 1701 1528 1739 2,
1545 1701 1597 1732 33.
1626 1720 1664 1723 -
1689 1713 1779 1744 quae

980 1747 1093 1789 agitet
1118 1757 1190 1778 eum
1207 1748 1359 1786 fortuna
1390 1749 1427 1777 ef.
1454 1747 1529 1777 331.
1576 1765 1613 1769 —-—
1656 1748 1778 1780 Facere·

979 1799 1027 1824 est
1054 1796 1196 1824 indicare
1222 1803 1352 1830 verumg
1395 1804 1496 1830 neque
1520 1796 1639 1830 ubique
1666 1800 1777 1825 subest

979 1841 1075 1878 illud,
1117 1850 1234 1876 cupere
1264 1841 1406 1876 aliquem
1438 1842 1560 1876 aliquid
1585 1850 1680 1876 quam
1705 1851 1776 1872 ma-

977 1888 1065 1916 xime
1090 1888 1190 1922 possit
1216 1889 1330 1916 celare.
1355 1903 1394 1906 —
1425 1885 1549 1915 deinde
1573 1888 1610 1917 cf.
1637 1889 1667 1926 5,
1695 1886 1749 1920 14.

1025 1932 1101 1962 611.
1129 1931 1246 1962 iuveni
1270 1942 1326 1968 pro
1355 1931 1385 1962 ei
1409 1933 1448 1962 cf.
1476 1932 1506 1970 2,
1526 1931 1579 1962 79.
1608 1950 1645 1953 —
1672 1943 1777 1974 prae-

978 1977 1067 2008 senti
1090 1978 1242 2020 pignore
1273 1986 1412 2016 „manus
1437 1980 1678 2018 coniunctione,
1712 1988 1776 2016 qua

977 2025 1186 2054 firmabantur
1208 2026 1372 2055 amicitiae
1391 2027 1445 2054 111·“
1469 2024 1588 2063 1,408.
1619 2025 1649 2064 3,
1667 2024 1721 2055 83.
1742 2029 1775 2057 S.

978 2102 1194 2134 612—654.
1266 2101 1523 2135 Achemenides
1572 2107 1690 2136 narrat
1733 2103 1776 2136 de

1261 2148 1484 2190 Polyphemo.

1026 2205 1101 2235 612.
1127 2209 1216 2236 Idem
1236 2216 1354 2237 versus
1380 2206 1409 2243 2,
1434 2206 1486 2236 76.

1026 2251 1101 2282 613.
1128 2255 1220 2282 lianc
1259 2255 1296 2282 de
1337 2254 1557 2283 Acliemenide
1601 2255 1771 2284 historiam

979 2299 1116 2328 intexuit
1141 2299 1318 2337 Virgilius,
1354 2304 1389 2327 111
1421 2300 1600 2335 Cyclopum
1628 2300 1772 2330 fabulam

981 2353 1039 2374 suo
1065 2346 1200 2374 carmini
1225 2345 1342 2374 inferre
1366 2350 1484 2381 posset,
1510 2346 1657 2374 Aeneam
1683 2347 1770 2376 enim

980 2399 1053 2420 cum
1087 2392 1284 2427 Cyclopibus
1325 2399 1391 2419 rem
1428 2392 1583 2420 habuisse
1622 2393 1774 2421 traditum

980 2446 1043 2466 non
1074 2441 1151 2466 erat.
1200 2438 1286 2467 Ante
1311 2439 1420 2465 oculos
1450 2438 1561 2466 habuit
1591 2438 1682 2466 Hom.
1715 2440 1771 2467 Od.

981 2482 1012 2520 9,
1039 2481 1251 2521 286-566,
1289 2484 1463 2519 Virgilium
1493 2483 1628 2512 Ovidius
1653 2486 1695 2512 M.
1731 2483 1770 2513 13

980 2534 1009 2558 01
1033 2527 1073 2557 14
1096 2534 1125 2558 01
1143 2530 1188 2558 ita
1203 2534 1354 2558 versatus
1379 2534 1427 2558 est
1444 2530 1518 2565 Vgl.
1543 2534 1577 2558 ut
1600 2537 1682 2564 quae
1707 2531 1772 2559 Ho-

978 2584 1085 2605 merus
1109 2577 1246 2611 dederat,
1267 2577 1393 2605 111111·οῐ.
1432 2576 1487 2604 Sic
1509 2575 1538 2611 6,
1567 2574 1637 2604 itis.
1664 2574 1695 2614 7,
1721 2575 1772 2606 10.

981 2637 1019 2641 —-
1053 2619 1176 2650 Patria
1202 2630 1265 2650 non
1290 2625 1338 2651 est
1362 2622 1576 2656 adiectivum,
1599 2623 1655 2650 sed
1680 2624 1772 2651 addi-

978 2671 1044 2696 tum
1067 2668 1278 2703 appositione.
1320 2683 1357 2686 —
1404 2665 1497 2696 Ulixi
1523 2667 1562 2696 cf.
1591 2665 1618 2705 l,
1641 2666 1694 2697 30.
1730 2685 1768 2689 ——

983 2711 1113 2752 Infelix
1144 2716 1213 2743 loco
1244 2718 1353 2748 aptum
1381 2717 1445 2749 est,
1478 2722 1578 2748 eoque
1612 2717 1769 2745 vocabulo

979 2760 1071 2788 leniit
1093 2760 1303 2789 Troianorum
1328 2760 1361 2787 in
1383 2760 1536 2795 Ulyssem
1559 2760 1652 2789 iram.

1024 2804 1246 2834 614.⁷10men
1287 2803 1535 2835 Achemeuides
1570 2806 1608 2835 cf.
1649 2814 1682 2835 v.
1718 2804 1771 2836 18.

977 2853 1039 2881 Sed
1080 2850 1219 2881 nomine
1256 2852 1364 2880 inesse
1403 2852 1517 2881 dicitur
1562 2852 1596 2880 in
1625 2854 1696 2881 MP.
1741 2858 1771 2882 et

975 2907 1037 2928 ree.
1073 2896 1134 2928 ΠΙ).
1165 2895 1253 2933 ΙΑΙ.,·
1290 2905 1412 2926 nomen
1450 2902 1498 2926 est
1531 2898 1770 2933 praeferendam

975 2944 1041 2973 iam
1066 2950 1191 2981 propter
1215 2948 1400 2978 sequentem
1421 2944 1611 2973 ablativum.
1636 2960 1680 2963 —
1704 2953 1768 2985 ge-

974 2989 1088 3021 nitore
1114 2990 1309 3020 Adamasto
1332 2998 1507 3030 paupere:
1535 2991 1582 3019 Cf.
1610 2991 1676 3019 Cic.
1702 2987 1770 3020 Cat.

976 3036 1013 3074 1,
1045 3036 1081 3074 2,
1109 3035 1128 3065 4
1167 3035 1371 3075 interfectus
1411 3039 1461 3067 est
1503 3035 1539 3067 G.
1583 3035 1771 3075 Gracchus,
