2023 3350
751 84 991 118 AENEIDOS
1019 88 1104 120 LIB.
1130 88 1190 119 IX.

152 204 351 254 Portam,
389 214 499 255 quae
545 198 666 241 ducis
702 199 884 254 imperio
914 200 1161 253 commissa,
1193 201 1423 245 recludunt

1720 90 1799 128 471

1720 204 1802 244 675

153 262 272 304 Freti
307 261 458 312 armis,
501 258 701 312 ultroque
738 258 925 300 invitant
962 259 1185 301 moenibus
1219 259 1402 303 hostem.

150 319 241 374 Ipsi
277 319 393 361 intus
429 317 587 358 dextra
623 329 675 357 ac
714 316 839 358 laeva
878 331 957 371 pro
996 317 1189 359 turribus
1227 318 1416 372 adstant,

149 377 320 419 Armati
359 375 473 417 ferro
520 377 563 415 et
597 374 739 416 cristis
779 375 924 429 capita
963 376 1054 417 alta
1091 376 1279 429 corusci3

151 435 307 487 Quales
340 433 483 475 aeriae
523 432 735 486 liquentia
772 432 950 475 flumina
986 434 1157 486 circum,

151 493 246 536 Sive
282 491 388 533 Padi
423 490 551 545 ripiS,
595 490 789 533 Athesim
827 505 902 533 seu
938 496 1119 546 propter
1155 506 1393 545 amoenum,

1718 495 1802 536 680

151 551 422 603 Consurgunt
465 549 663 602 geminae
704 564 887 603 quercus
926 554 1183 604 intonsapue
1223 551 1342 593 caelo

147 607 364 650 Attollunt
402 607 549 660 capita
585 611 628 649 et
669 607 841 649 sublimi
883 609 1042 650 vertice
1079 612 1246 650 nutant.

144 667 417 718 Inrumpunt,
461 665 605 707 aditus
642 666 790 707 Rutuli
823 670 873 707 ut
907 666 1053 709 videre
1088 670 1299 720 patentes,

145 723 356 766 Continuo
399 722 613 773 Quercens
653 728 695 765 et
735 724 916 778 pulcher
948 725 1182 779 Aquicolus
1217 725 1349 767 armis

142 781 199 823 Et
239 794 447 834 praeceps
489 782 620 823 animi
660 782 841 824 Tmarus
878 786 921 824 et
960 783 1197 825 Mavortius
1236 783 1432 825 Haemon

142 838 399 893 Agminibus
437 840 563 881 totis:
599 844 675 882 aut
709 841 820 882 versi
860 844 985 894 terga
1024 841 1191 893 dedere,

141 897 229 939 Aut
263 897 357 951 ipso
395 901 550 951 portae
588 912 772 952 posuere
806 899 850 940 in
878 899 1026 941 limine
1058 899 1202 940 vitam.

140 955 247 997 Tum
286 956 425 1008 magis
464 956 710 998 increscunt
747 957 901 998 animis
943 956 1214 999 discordibus
1249 958 1363 1010 irae3

141 1014 198 1055 Et
233 1013 320 1055 iam
361 1014 530 1055 collecti
569 1015 699 1057 Troes
737 1016 1036 1069 glomerantur
1076 1015 1236 1067 eodem,

140 1072 197 1114 Et
235 1071 431 1113 conferre
465 1086 640 1114 manum
683 1076 725 1114 et
762 1087 1020 1127 procurrere
1058 1073 1229 1127 longius
1268 1073 1440 1115 audent.

1717 1077 1800 1116 690

254 1130 436 1172 Ductori
477 1130 621 1173 Turno
659 1131 830 1173 diversa
867 1132 910 1172 in
943 1135 1069 1185 parte
1104 1131 1263 1172 furenti

136 1186 434 1241 Turbantique
471 1188 586 1230 viros
625 1189 844 1243 perfertur
887 1190 1064 1230 nuntius
1105 1189 1274 1231 hostem

141 1245 325 1287 Fervere
362 1245 494 1288 caede
533 1260 647 1289 nova
681 1250 725 1289 et
760 1251 911 1301 portas
952 1246 1161 1301 praebere
1198 1249 1408 1301 patentes.

138 1303 312 1345 Deserit
349 1303 589 1358 inceptum3
629 1309 762 1359 atque
796 1305 973 1347 immani
1011 1305 1209 1347 concitus
1247 1305 1315 1346 ira

137 1360 409 1404 Dardaniam
446 1362 537 1404 ruit
573 1363 629 1405 ad
668 1368 841 1418 portam
878 1363 1123 1417 fratresque
1159 1363 1380 1417 superbos.

1717 1364 1799 1403 695

137 1419 195 1462 Et
232 1420 421 1474 primum
460 1421 748 1475 Antiphaten,
784 1422 821 1463 is
856 1421 968 1463 enim
1009 1436 1053 1463 se
1094 1421 1260 1476 primus
1301 1419 1472 1475 agebat,

137 1477 343 1520 Thebana
373 1478 427 1521 de
465 1482 606 1521 matre
644 1480 822 1522 nothum
850 1479 1114 1534 Sarpedonis
1154 1480 1246 1532 alti,

179 1619 257 1651 675.
281 1621 387 1650 Ducis
421 1621 589 1651 Mnesthei
620 1622 758 1657 imperio
786 1621 827 1650 iis
853 1627 947 1658 porta

136 1668 260 1696 tuenda
300 1667 484 1697 commissa
515 1672 596 1697 erat.
657 1669 722 1697 Sed
753 1669 849 1698 aliter
880 1669 945 1698 iam

136 1714 278 1743 Servius
325 1714 463 1751 accipit,
507 1715 580 1748 qui:
625 1716 766 1751 „metius
809 1720 877 1751 est,
913 1720 945 1743 ut

135 1757 355 1789 commissam
389 1761 537 1788 dicamus
565 1757 724 1789 clausam
751 1768 848 1795 quam
874 1768 946 1789 cre-

136 1803 247 1835 ditam
278 1807 420 1834 Pindaro
452 1811 480 1834 et
517 1805 656 1835 Bitiaef·
697 1809 730 1834 S.
788 1808 881 1841 Quod
917 1806 946 1835 si

138 1851 282 1888 accipis,
317 1852 347 1879 ei
376 1852 515 1886 imperio
548 1854 635 1880 male
669 1853 844 1881 audientes
872 1860 945 1881 eam

137 1897 298 1932 aperiunt.
353 1894 405 1926 Pl.
440 1897 494 1932 qui
526 1898 635 1926 haesit
660 1898 691 1926 in
722 1906 807 1926 voce
832 1895 944 1934 ducis,

138 1940 296 1972 coniecit:
346 1945 486 1982 portam
543 1952 633 1983 quae
673 1941 809 1983 duplici
844 1943 945 1982 ferro

138 1989 177 2025 (i.
214 1998 242 2018 e.
282 1990 440 2018 claustris
478 1989 632 2025 ferreist]
660 1988 855 2018 commissa.
911 1992 944 2019 ln

137 2044 176 2064 co
207 2043 300 2064 error
338 2032 413 2071 Pli,
444 2037 528 2069 quod
558 2044 618 2064 eos
654 2037 812 2065 custodes
847 2037 945 2065 sumit

138 2086 270 2117 portae,
292 2083 410 2115 quales
437 2083 538 2111 Nisus
561 2081 690 2110 fuerunt
727 2087 755 2110 et
790 2085 844 2118 Ε.,
885 2083 942 2111 sed

138 2133 213 2158 sunt
248 2127 446 2157 defensores
486 2133 601 2156 contra
639 2128 802 2157 irruentes
830 2131 944 2157 hostes

136 2179 166 2203 et
194 2173 319 2203 ferocia
350 2174 475 2210 abrepti
504 2180 628 2209 port-ain
657 2175 826 2209 aperiunt,
859 2176 944 2208 (tund

137 2220 234 2248 etiam
271 2220 303 2249 in
339 2222 437 2256 plano
468 2229 505 2249 se
532 2221 620 2249 hosti
653 2222 847 2256 superiores
874 2220 945 2250 fore

139 2265 313 2295 confidunt.

183 2311 260 2340 676.
294 2309 344 2341 Pl.
363 2321 420 2348 pro
440 2309 549 2341 armis
565 2314 649 2347 quod
666 2317 714 2341 est
732 2314 762 2342 in
779 2313 943 2352 tupssybc.

139 2357 223 2386 coni.
263 2355 409 2395 animis,
460 2367 525 2387 rec.
580 2356 643 2388 Rb.
688 2360 741 2393 qui
783 2361 942 2395 „languet

138 2410 340 2438 magnopere
366 2402 457 2443 freti
481 2402 626 2433 armis.“
671 2407 782 2434 lubent
825 2407 942 2434 hostes

138 2449 291 2487 introire,
323 2450 351 2479 si
377 2452 530 2479 audeant.
584 2448 742 2481 Invitare
766 2460 793 2481 c.
821 2453 885 2481 dat.
911 2451 944 2488 8,

142 2493 216 2523 176.
240 2511 283 2515 —
311 2493 402 2524 ultro
428 2496 469 2525 cf.
496 2496 549 2534 12,
572 2495 603 2525 3.

186 2541 262 2570 677.
287 2549 351 2580 pro
373 2540 539 2578 turribus,
566 2548 596 2571 ut
619 2548 737 2579 turres,
764 2550 848 2577 quas
868 2551 946 2578 por-

138 2588 181 2616 tis
218 2588 391 2616 adstruere
432 2588 529 2617 etiam
569 2590 707 2618 Romani
749 2589 850 2618 moris
877 2594 945 2618 erat

138 2635 238 2663 Caes.
262 2635 329 2662 BG.
353 2632 393 2670 Β,
413 2633 434 2662 9
471 2630 587 2663 Portis
616 2634 710 2667 fores
733 2632 947 2675 altioresque

136 2682 251 2710 turres
277 2677 453 2720 imposuit.
502 2681 601 2709 Aliud
625 2689 690 2721 pro
718 2678 873 2711 turribus
904 2681 944 2710 cf.

138 2726 171 2764 8,
194 2724 271 2754 652.

184 2771 261 2801 679.
292 2768 485 2811 Liquentia
520 2773 560 2801 ad
592 2772 723 2802 flumina
749 2773 949 2808 oppositum,

139 2821 171 2847 ut
199 2820 235 2847 G.
259 2815 291 2853 4,
317 2816 396 2854 442,
421 2817 476 2846 ubi
492 2815 716 2858 fluviumque
736 2815 951 2858 liquentem3

140 2864 298 2894 libentius
333 2864 551 2899 explicuerim
589 2871 688 2901 pura,
732 2865 870 2900 limpida
905 2881 950 2884 —

140 2912 222 2940 Rem
244 2911 488 2946 generaliorem
514 2918 574 2946 per
596 2911 730 2946 singula
753 2911 951 2947 exsequitur

141 2953 214 2986 sive
237 2972 282 2977 -—
305 2953 380 2986 sive
404 2960 438 2986 ut
464 2955 518 2994 lt,
540 2955 594 2985 69.

188 3001 268 3033 682.
292 3005 423 3034 nutant
445 3003 487 3033 cf.
514 3001 547 3042 2,
573 3001 651 3033 629.

1037 1620 1114 1652 684.
1139 1619 1286 1662 pulcher
1308 1618 1419 1651 armis
1442 1621 1482 1650 cf.
1511 1620 1542 1657 7,
1567 1618 1644 1648 761.

1037 1668 1114 1697 685.
1143 1677 1312 1708 praeceps
1333 1665 1457 1704 animi,
1484 1667 1673 1696 inconsulte
1693 1673 1798 1702 agens

992 1714 1033 1743 cf.
1063 1714 1092 1750 1,
1124 1713 1174 1743 14.

1036 1760 1112 1789 686.
1141 1757 1366 1799 agminibus.-
1418 1758 1556 1787 Omnino
1596 1758 1683 1787 enim
1731 1759 1798 1787 dux

992 1808 1077 1841 quod
1113 1814 1186 1835 cuin
1215 1806 1362 1834 exercitu
1392 1804 1485 1841 facit,
1528 1804 1604 1832 facit
1635 1805 1796 1833 exercitu.

992 1852 1034 1881 cf.
1062 1855 1116 1881 Gr.
1145 1852 1166 1884 ὅ
1195 1851 1272 1887 325,
1299 1850 1331 1879 2.
1380 1848 1537 1879 autversi
1569 1852 1712 1879 mpnbc.
1748 1852 1797 1879 ut.

991 1895 1108 1927 aversi
1130 1897 1166 1937 γ]
1200 1899 1260 1927 sed
1287 1899 1359 1926 aut.
1386 1894 1477 1925 versi
1494 1896 1538 1935 72
1564 1898 1601 1926 at
1624 1893 1713 1925 versi
1729 1904 1796 1925 rec.

1039 1990 1117 2018 687.
1145 1997 1276 2028 ponere
1297 1985 1452 2016 animum
1481 1990 1517 2017 G.
1544 1986 1574 2022 4,
1600 1986 1680 2016 238.

1037 2036 1115 2064 689.
1145 2038 1210 2064 tant
1239 2035 1391 2070 Troiani,
1427 2043 1462 2062 re
1488 2036 1570 2063 bene
1603 2039 1678 2063 acta
1707 2035 1796 2072 elati,

991 2083 1022 2111 in
1050 2085 1167 2111 hostes
1204 2086 1394 2114 excurrunt,
1433 2088 1530 2115 quum
1567 2082 1699 2110 Turnus
1738 2089 1796 2116 per

992 2134 1138 2164 apertam
1169 2133 1296 2162 portam
1326 2127 1357 2155 in
1384 2133 1497 2156 castra
1521 2127 1624 2156 irruit.

1037 2173 1114 2203 693.
1139 2182 1250 2207 ποκα,
1298 2174 1381 2207 quod
1433 2174 1464 2202 in
1511 2178 1626 2208 aperto
1677 2180 1794 2208 campo

991 2222 1131 2249 caedunt
1177 2220 1328 2256 Troiani,
1372 2219 1426 2254 qui
1469 2227 1574 2253 usque
1615 2219 1717 2248 muris
1757 2227 1795 2248 se

991 2270 1174 2295 tenuerant.

993 2345 1055 2377 691
1074 2362 1118 2366 —
1134 2343 1211 2375 716.
1243 2342 1385 2374 Turnus
1411 2341 1500 2373 Bitia
1527 2341 1641 2374 occiso
1666 2341 1795 2374 irrum-

1261 2388 1314 2431 pit
1339 2388 1374 2419 in
1403 2392 1523 2420 castra.

1037 2447 1116 2478 696.
1144 2456 1179 2477 se
1207 2446 1344 2488 primus
1368 2445 1500 2489 agebat
1532 2448 1572 2477 cf.
1602 2447 1633 2476 6.
1658 2446 1735 2476 337.
1760 2447 1793 2485 8,

992 2494 1070 2525 465.
1104 2497 1171 2531 „Se
1199 2497 1316 2530 agebat
1340 2495 1359 2523 i.
1388 2503 1416 2523 e.
1445 2495 1628 2523 incedebat.
1655 2496 1793 2523 Plautus

991 2543 1023 2571 in
1067 2541 1273 2570 Mostellaria
1315 2540 1370 2577 [1,
1405 2540 1440 2578 4,
1476 2540 1540 2576 28)
1574 2537 1672 2569 Unde
1711 2537 1794 2581 agis

992 2583 1049 2618 te?
1097 2588 1274 2616 Terentius
1308 2587 1429 2623 (Andr.
1461 2586 1498 2623 2,
1522 2586 1558 2623 4,
1585 2585 1650 2622 28]
1678 2588 1794 2626 quote

994 2631 1076 2671 agis
1088 2629 1125 2662 .7“
1152 2637 1185 2661 S.

1017 2669 1117 2708 ιν69ῗ.
1148 2676 1315 2707 Thebana
1343 2675 1385 2707 cle
1411 2680 1544 2713 matre;
1590 2679 1701 2706 Thebe
1724 2681 1794 2706 erat

994 2728 1073 2755 urbs
1113 2726 1250 2755 Cilicum
1288 2725 1319 2753 in
1357 2724 1486 2761 Mysia,
1535 2731 1630 2758 quam
1670 2724 1794 2753 delevit

996 2772 1145 2801 Achilles
1179 2771 1341 2805 cuiusque
1369 2778 1478 2806 regem
1513 2770 1698 2808 Eetionem,
1722 2771 1794 2799 An-

997 2819 1197 2846 dromachae
1246 2821 1386 2852 patrem,
1437 2824 1510 2845 cum
1558 2817 1668 2845 multis
1719 2816 1792 2845 aliis

996 2863 1158 2893 interfecit
1191 2864 1284 2892 Hom.
1311 2864 1348 2891 It.
1374 2862 1402 2900 1,
1426 2861 1504 2891 364.
1529 2861 1562 2900 6,
1587 2861 1665 2891 395.
1715 2865 1795 2891 Sar-

997 2911 1106 2946 pedon
1149 2909 1373 2945 magnitudine
1421 2908 1562 2944 insignis
1601 2908 1643 2937 cf.
1674 2907 1705 2946 1,
1738 2907 1792 2937 99.

999 2956 1177 2986 Praevalet
1211 2959 1319 2984 tamen
1353 2952 1449 2984 attus
1477 2955 1632 2990 accipere
1664 2959 1695 2983 ut
1719 2953 1750 2992 6,
1773 2953 1794 2983 9

998 3002 1120 3032 factum
1163 3005 1223 3031 est.
1289 3002 1461 3037 Sarpedon
1500 3001 1585 3030 enim
1624 3000 1717 3031 Iovis
1744 3005 1795 3030 est
