2023 3350
261 132 344 171 488

823 129 857 160 P.
885 128 1079 161 vaan
1106 128 1318 163 MAROMS

261 242 403 295 Iungit
445 254 562 295 opes,
600 240 833 294 foedusque
872 240 987 292 ferit3
1030 244 1120 284 tum
1152 242 1290 286 libera
1327 243 1408 285 fati

262 300 449 341 Classem
489 298 735 339 conscendit
769 298 896 340 iussis
938 312 1040 352 gens
1076 300 1210 354 Lydia
1247 301 1400 351 divom,

917 356 1077 398 Aeneia
1110 357 1264 412 puppis

261 357 449 397 Exteruo
488 356 713 397 commissa
749 355 857 397 (luci.

260 413 403 454 Prima
438 416 573 463 tenet,
610 417 751 454 rostro
786 413 993 467 Phrygios
1023 413 1250 456 subiuncta
1287 415 1442 456 leones.

259 470 458 511 Imminet
488 469 567 511 Ida
594 484 736 523 super,
778 470 971 524 profugis
1008 472 1255 525 gratissima
1290 473 1475 514 Teucris.

259 527 340 568 Hic
378 541 556 580 magnus
597 527 717 569 sedet
755 529 938 579 Aeneas,
978 543 1205 584 secumque
1243 530 1410 572 volutat

259 585 445 627 Eventus
478 584 579 627 belli
614 586 775 638 varios3
814 586 1042 640 Pallasque
1080 587 1252 629 sinistro

1813 585 1894 624 160

259 641 436 684 Adfixus
471 642 599 684 lateri
637 643 723 684 iam
756 644 925 696 quaerit
959 644 1120 696 sidera,
1156 657 1316 699 opacae

259 700 407 741 Noctis
447 700 548 749 iter,
586 701 672 742 iam
710 715 821 755 quae
856 716 1008 755 passus
1045 705 1250 756 terraque
1283 700 1487 754 marique.

374 757 554 799 Pandite
585 772 696 799 nunc
733 758 959 811 Helicona,
997 759 1121 811 deae,
1158 763 1394 812 cantusque
1434 760 1610 808 movete,

260 815 378 866 Quae
410 829 561 857 manus
593 816 759 858 interea
796 817 942 858 Tuscis
974 818 1201 859 comitetur
1239 816 1292 858 ab
1328 815 1414 858 oris

260 873 432 914 Aenean
468 877 690 927 armetque
722 877 838 916 rates
872 874 1110 929 pelagoque
1147 875 1339 917 vehatur.

1815 871 1895 910 165

374 930 582 972 Massicus
617 935 766 973 aerata
800 933 998 987 princeps
1034 936 1152 975 secat
1182 945 1372 986 aequora
1406 929 1534 983 Tigri,

261 987 348 1029 Sub
385 1001 467 1042 quo
508 988 625 1030 mille
654 1003 803 1032 manus
843 990 1053 1042 iuvenum,
1094 990 1166 1045 qui
1204 989 1373 1032 moenia
1405 987 1531 1038 Clusi,

261 1045 425 1100 Quique
460 1046 609 1088 urbem
639 1046 806 1101 liquere
837 1048 986 1101 Cosas,
1024 1049 1118 1102 quis
1157 1049 1262 1100 tela,
1299 1046 1484 1101 sagittae

263 1148 337 1180 177.
364 1153 418 1186 al..
445 1158 474 1182 et
499 1161 560 1182 nec
585 1161 684 1183 mora
710 1154 740 1185 ὀ,
770 1152 834 1183 368
855 1156 1055 1185 interiectum

259 1198 460 1227 enuntiatum
486 1208 541 1234 pro
565 1201 747 1229 adverbiali
771 1199 846 1230 sine
867 1209 975 1230 mora.
1015 1217 1052 1221 —

267 1241 422 1272 Tarchon
447 1245 485 1274 cf.
511 1244 541 1282 8,
569 1243 646 1274 603.

310 1286 382 1318 1:³4.
413 1287 547 1319 Foedus
575 1289 700 1328 ferire,
737 1289 826 1320 icere
857 1293 963 1322 dicunt
991 1293 1057 1321 Ro-

260 1335 366 1364 mani.
406 1337 487 1370 quod
522 1337 555 1365 in
589 1337 713 1366 foedere
750 1338 908 1374 iungendo
948 1338 1057 1367 hostia

261 1380 444 1418 feriebatur,
469 1382 622 1411 icebatur.
649 1399 686 1403 —
715 1381 824 1412 libera
849 1381 921 1416 fati
946 1386 1055 1413 MRal.

262 1442 303 1446 —
334 1424 428 1463 fatis
453 1429 592 1465 vulgata
623 1433 653 1457 et
679 1429 725 1457 ita
748 1430 982 1464 praescriptum
1003 1438 1055 1465 ap.

262 1474 353 1500 Serv.
383 1487 420 1491 —
448 1474 524 1502 Adi.
550 1483 576 1504 c.
597 1474 694 1510 genit.
716 1475 755 1503 cf.
787 1472 814 1511 l,
843 1472 897 1509 14;
921 1480 951 1504 et
971 1473 1056 1504 liber

261 1517 454 1552 saepissime
487 1527 539 1555 ap.
574 1524 684 1554 poetas
714 1521 855 1549 assumit
877 1521 1057 1557 genitivum

261 1563 299 1592 cf.
335 1565 408 1592 flor.
442 1565 512 1594 ΑΡ.
545 1562 609 1592 212
637 1563 776 1594 laboris.
816 1568 892 1595 Luc.
927 1564 962 1602 4,
991 1563 1055 1594 384

261 1617 436 1639 curarum.
463 1608 498 1643 6,
522 1609 582 1638 301
614 1608 743 1650 legum.
770 1609 808 1647 7,
835 1609 901 1640 818
930 1609 1056 1640 Libera

261 1653 427 1688 fortunae
458 1664 549 1684 mors
580 1659 641 1693 eet,
667 1657 763 1685 alios.
799 1659 875 1685 Fato
903 1658 968 1686 iam
995 1666 1057 1686 non

261 1700 430 1736 impedita;
467 1702 693 1736 prohibebatur
717 1703 802 1732 enim
827 1711 846 1731 a
873 1705 965 1739 bello,
989 1703 1054 1731 nisi

260 1751 391 1774 externo
437 1747 516 1777 duce
555 1753 694 1777 uteretur
725 1746 761 1780 8.
794 1747 859 1776 ⁴95
891 1758 936 1783 sq.
996 1749 1059 1784 „Ut

262 1789 333 1820 υοίί
359 1789 444 1820 liber
477 1793 506 1821 is
542 1794 674 1829 dicitur,
712 1795 767 1829 qui
806 1795 905 1823 solvit
937 1799 1057 1829 votum,

260 1837 308 1867 sic
340 1834 426 1866 liber
451 1835 533 1871 fati,
560 1840 711 1876 quisecit,
731 1842 813 1875 quod
834 1840 939 1869 voluit
959 1840 1058 1869 falum

262 1883 300 1912 cf.
330 1880 361 1917 S,
387 1881 474 1911 4990
509 1881 592 1925 Wg.

309 1925 382 1957 155.
409 1937 498 1969 gens
529 1926 641 1969 Lydia
667 1931 706 1960 cf.
735 1928 765 1966 8,
792 1928 868 1960 479.

309 1972 382 2003 157.
407 1972 522 2013 prima
552 1978 663 2009 umet,-
700 1977 838 2011 primum
872 1979 977 2006 locum
1011 1981 1056 2006 te-

260 2025 322 2049 net.
370 2022 418 2049 lta
444 2020 475 2056 5,
503 2019 577 2050 338.
627 2023 673 2050 De
699 2025 795 2051 verbo
819 2025 934 2051 tenere
960 2023 1000 2052 cf.
1026 2021 1058 2058 8,

261 2065 336 2094 4553.
372 2081 409 2086 —-
443 2068 553 2102 „More
593 2068 659 2096 viri
697 2068 788 2096 fortis
817 2068 850 2096 in
889 2069 1059 2103 principiis

260 2110 342 2140 est.'*‘·
380 2114 411 2140 S.
461 2112 544 2141 Viae
582 2114 679 2142 etiam
713 2115 843 2142 debebat
876 2123 949 2143 esse
980 2116 1056 2143 dux.

260 2172 304 2177 —
329 2159 366 2186 In
398 2159 494 2187 rostri
525 2163 661 2194 utraque
695 2165 783 2194 parte
823 2161 945 2195 appicti
978 2165 1055 2189 sunt

260 2205 387 2239 leoneS,
415 2204 461 2232 ita
491 2209 523 2232 ut
556 2206 664 2240 capita
694 2214 803 2234 eorum
838 2214 940 2241 paene
973 2207 1055 2235 inter

260 2257 295 2278 se
339 2249 538 2285 contingant,
571 2255 600 2280 et
629 2259 730 2285 supra
767 2252 907 2281 cernitur
949 2253 1054 2289 'imago

260 2295 374 2330 aliqua
406 2298 568 2331 nymphae
605 2298 722 2326 montis
756 2299 841 2326 Idae.
904 2299 1055 2327 Rostrum

259 2346 366 2370 autem
397 2345 467 2370 erat
496 2342 529 2370 in
559 2342 625 2371 ima
661 2350 763 2377 nave,
802 2348 925 2378 poterat
959 2344 1057 2377 igitur

261 2387 426 2416 imminere
450 2387 553 2416 forma
569 2390 645 2416 Idae
671 2392 843 2425 nymphae.
875 2386 1057 2418 Imminere

260 2433 344 2461 enim
384 2441 435 2461 res
471 2441 554 2467 quae
592 2441 693 2468 supra
729 2440 801 2463 sunt
841 2435 939 2463 etiam
977 2435 1056 2463 alibi

260 2479 410 2507 dicuntur
441 2478 480 2508 cf.
519 2476 552 2515 1,
588 2477 665 2507 42⁰.
694 2495 738 2499 —
776 2478 972 2509 Subiuncta
1009 2485 1057 2509 est

260 2529 348 2554 arcte
377 2525 564 2560 coniuncta,
600 2525 646 2553 ita
673 2530 706 2553 ut
740 2527 822 2560 quod
849 2527 1057 2556 subiunctum

261 2570 312 2602 sit.
348 2571 443 2604 quasi
474 2578 550 2605 pars
584 2572 779 2600 secundaria
814 2573 954 2601 accedat.
1011 2574 1057 2601 De

261 2624 328 2645 acc.
365 2616 404 2645 cf.
447 2614 482 2652 2,
509 2614 585 2645 273.
629 2632 666 2636 -
706 2619 814 2652 Neque
846 2618 960 2647 mirum
999 2623 1058 2654 est,

261 2662 344 2696 «quod
369 2661 477 2690 omisit
498 2663 572 2694 vgt,
601 2670 779 2692 memorare
801 2660 833 2697 8,
859 2661 934 2698 548,
959 2671 1058 2692 unam

262 2715 380 2736 navem
405 2708 550 2737 relictam
571 2715 662 2746 esse,
689 2709 722 2736 in
745 2716 809 2743 qua
833 2709 902 2743 ipse
926 2710 1059 2738 Aeneas

261 2758 491 2789 reverteretur3
527 2754 557 2782 id
592 2754 679 2783 enim
718 2762 799 2789 opus
829 2754 932 2784 fuisse
962 2755 1060 2785 facile

261 2799 471 2835 intelligitur,
509 2807 612 2834 neque
647 2808 708 2835 quo
751 2800 784 2828 in
824 2801 893 2829 loco
930 2805 960 2829 et
998 2809 1060 2836 quo

263 2848 402 2879 tempore
442 2845 614 2874 coniuncta
657 2846 701 2874 sit
742 2847 920 2874 Tuscorum
959 2847 1061 2875 classi

262 2890 354 2918 dixit.
404 2890 520 2919 Omisit
542 2891 639 2919 etiam
660 2898 794 2920 narrare
807 2893 943 2920 alterius
960 2893 1061 2921 navis

262 2942 345 2968 quae
375 2933 414 2970 8,
446 2933 512 2963 ³48
538 2937 722 2973 demittitur,
749 2937 780 2965 in
805 2943 914 2966 castra
939 2939 1061 2967 adven-

264 2983 339 3008 tum.
405 2983 486 3010 Nam
529 2983 654 3010 duabus
689 2983 831 3011 navibus
864 2984 997 3012 Aeneas
1021 2984 1061 3012 ad

266 3025 453 3054 Evandrum
478 3028 635 3057 advectus
660 3033 725 3057 erat
754 3028 793 3057 cf.
819 3026 851 3065 S,
884 3027 936 3057 79.
972 3029 1061 3058 Falsi

1100 1159 1186 1191 sunt,
1213 1155 1268 1190 qui
1291 1162 1409 1183 navem
1431 1159 1451 1181 a
1471 1151 1594 1181 Tuscis
1616 1151 1750 1179 Aeneae
1767 1155 1897 1180 exstru-

1101 1206 1185 1231 ctam
1220 1205 1348 1236 putam

1100 1250 1231 1284 longum
1259 1252 1307 1276 est
1327 1247 1368 1275 ad
1387 1252 1506 1274 navem
1527 1244 1767 1280 exstruendam,
1792 1251 1896 1279 neque

1100 1295 1190 1323 Idam
1231 1293 1324 1322 illam
1357 1291 1437 1320 navi
1473 1297 1495 1319 a
1538 1288 1655 1318 Tuscis
1694 1288 1728 1317 in
1764 1289 1897 1318 Aeneae

1100 1340 1239 1375 gratiam
1274 1343 1301 1368 et
1336 1340 1489 1366 honorem
1521 1335 1684 1369 appictam
1717 1343 1792 1364 esse
1823 1343 1898 1371 pro-

1100 1386 1216 1415 babile.
1266 1387 1302 1413 Et
1326 1386 1385 1413 hoc
1409 1382 1577 1412 dicendum
1597 1384 1666 1409 erat
1690 1385 1812 1415 poetae.

1148 1428 1221 1459 158.
1248 1431 1337 1465 Quod
1349 1425 1515 1468 profugis
1529 1423 1739 1467 gratissima
1759 1424 1900 1456 'Teucris

1101 1477 1244 1511 ineptum
1297 1478 1407 1511 putant
1450 1473 1703 1502 additamentum
1738 1469 1806 1502 Hn.
1844 1470 1898 1503 ΡΙ.

1099 1526 1217 1551 errant.
1259 1523 1341 1550 Nam
1361 1520 1474 1549 Teucri
1491 1519 1622 1547 fuerunt
1636 1517 1714 1553 fato
1734 1516 1897 1557 profugi.

1100 1569 1156 1596 Ida
1180 1571 1297 1603 autem,
1328 1574 1410 1601 quae
1441 1564 1575 1593 Teucris
1609 1564 1746 1593 dilectae
1770 1565 1898 1599 patriae

1100 1613 1285 1643 memoriam
1310 1615 1453 1644 revocat,
1482 1609 1680 1647 gratissima.

1148 1657 1222 1687 160.
1248 1660 1362 1687 Pallas
1412 1655 1625 1685 admiratione
1670 1655 1802 1684 Aeneae
1852 1656 1898 1685 ita

1101 1705 1224 1733 defixus
1261 1708 1325 1741 est,
1359 1707 1393 1731 ut
1424 1708 1589 1736 nunquam
1621 1703 1661 1729 ab
1700 1701 1771 1730 eius
1795 1703 1897 1731 latere

1100 1751 1246 1782 decedat.
1278 1754 1307 1778 et
1339 1749 1372 1777 in
1406 1748 1556 1776 omnibus
1588 1749 1684 1775 rebus
1704 1747 1897 1783 magistrum

1100 1804 1173 1825 eum
1205 1796 1284 1824 velit
1315 1797 1440 1823 habere.
1489 1795 1541 1821 Ita
1562 1801 1647 1821 nunc
1672 1794 1710 1821 de
1733 1794 1899 1823 sideribus

1100 1842 1224 1877 quaerit
1262 1846 1289 1869 et
1332 1840 1386 1875 qui
1425 1839 1530 1868 noctis
1563 1839 1605 1867 sit
1643 1839 1811 1868 decursus.
1855 1840 1896 1869 cf,

1100 1889 1175 1917 Val.
1214 1888 1260 1915 Fi.
1284 1884 1321 1920 7,
1354 1882 1421 1913 408
1466 1893 1534 1913 nox
1569 1892 1669 1912 sunm
1703 1882 1901 1922 peragebat

1101 1930 1177 1962 iter.
1243 1932 1406 1967 Imprimis
1437 1934 1544 1959 autem
1571 1930 1677 1965 ipsius
1701 1938 1753 1959 res
1779 1936 1902 1969 gestaS,

1101 1987 1184 2014 quas
1226 1979 1383 2012 imitetur,
1419 1978 1491 2005 vult
1530 1976 1654 2005 audire.
1695 1991 1733 1996 ——-
1770 1985 1901 2016 passus

1102 2034 1147 2055 sc.
1175 2025 1217 2053 sit
1242 2025 1280 2053 cf.
1314 2021 1344 2060 4,
1371 2020 1447 2051 362.

1205 2068 1265 2099 163
1281 2085 1325 2089 —
1343 2067 1417 2098 165.
1466 2064 1590 2096 Musae
1615 2063 1801 2097 invocatio.

1149 2114 1223 2144 163.
1250 2117 1337 2145 Idem
1356 2123 1388 2144 v.
1414 2115 1449 2142 in
1472 2122 1506 2142 re
1527 2114 1640 2142 eadem
1666 2110 1696 2147 7.
1723 2110 1799 2143 6⁴1.

1277 2158 1340 2191 166
1357 2176 1401 2180 -—
1419 2156 1493 2188 169.
1542 2155 1726 2188 Massicus.

1152 2205 1225 2236 166.
1251 2207 1431 2236 Massicum
1466 2205 1539 2234 fecit
1577 2205 1717 2233 'ruscum
1742 2205 1899 2242 aliquem,

1102 2262 1199 2288 quum
1237 2253 1401 2282 Massicus
1431 2251 1474 2279 sit
1508 2258 1601 2279 mons
1627 2251 1838 2287 Campaniae,
1864 2256 1901 2281 ut

1102 2305 1199 2328 antea
1228 2297 1264 2335 7,
1298 2295 1359 2327 691
1398 2296 1543 2331 Messapi
1588 2304 1703 2326 nomen
1748 2297 1902 2327 formavit

1103 2354 1119 2374 e
1154 2346 1281 2373 nomine
1310 2343 1489 2377 Messapia.
1544 2344 1656 2377 Itaque
1686 2350 1748 2371 non
1773 2352 1900 2378 semper

1103 2391 1287 2420 hominibus
1323 2390 1464 2418 eiusdem
1497 2392 1601 2417 terrae
1631 2389 1764 2417 nomina
1796 2390 1898 2425 dedit;

1103 2445 1204 2471 neque
1238 2436 1330 2464 nobis
1363 2435 1444 2463 satis
1476 2438 1598 2463 certum
1635 2438 1701 2469 est,
1744 2437 1827 2465 unde
1859 2443 1901 2465 ea

1104 2483 1235 2511 nomina
1259 2480 1444 2517 sumpserit,
1471 2484 1577 2509 utrum
1603 2480 1673 2515 ipse
1698 2480 1833 2515 finxerit,
1856 2489 1899 2510 an

1104 2529 1173 2557 alia
1198 2536 1239 2556 ex
1263 2527 1399 2556 historia
1430 2526 1542 2560 aliqua
1566 2525 1777 2555 transtulerit.
1806 2528 1900 2556 Etru-

1104 2575 1152 2603 sci
1195 2574 1279 2601 enim
1322 2573 1516 2606 aliquando,
1564 2573 1621 2600 sed
1661 2580 1724 2600 non
1766 2573 1899 2602 Aeneae

1105 2625 1260 2655 tempore,
1298 2619 1331 2646 in
1360 2618 1540 2652 Campania
1578 2618 1832 2647 dominabantur.
1853 2633 1900 2637 —

1111 2662 1232 2704 Tigris
1255 2665 1353 2692 navis
1379 2672 1492 2692 nomen
1515 2668 1546 2692 et
1562 2663 1690 2700 insigne
1708 2663 1746 2693 cf.
1771 2663 1802 2700 5,
1824 2661 1899 2692 116.

1110 2726 1147 2731 —
1192 2713 1317 2738 aerum
1364 2709 1403 2738 cf.
1444 2708 1482 2745 5,
1528 2706 1600 2737 198.
1649 2724 1687 2728 -
1725 2705 1899 2748 ρνίηοερε,

1107 2757 1230 2792 primus
1257 2756 1340 2783 inter
1364 2755 1482 2784 socios.

1156 2799 1229 2829 167.
1257 2801 1407 2830 Clusium
1453 2799 1609 2835 (ChiusD
1661 2799 1726 2828 iam
1767 2799 1899 2834 antiquo

1109 2852 1246 2882 tempore
1276 2848 1397 2875 Romae
1427 2846 1554 2874 foedere
1586 2845 1725 2873 iunctum
1762 2848 1840 2880 erat,
1870 2849 1901 2873 et

1108 2902 1150 2922 ex
1180 2901 1217 2921 eo
1246 2892 1369 2921 foedere
1402 2893 1522 2920 bellum
1553 2898 1625 2919 cuni
1657 2890 1763 2918 Gallis
1796 2895 1900 2919 ortum

1108 2944 1166 2967 981.

1159 2981 1231 3011 168.
1264 2981 1373 3012 Cosae
1403 2983 1476 3011 sive
1511 2978 1599 3009 Cosa
1629 2981 1668 3008 ad
1692 2987 1780 3009 mare
1804 2989 1901 3016 prope

1111 3034 1234 3065 portum
1263 3027 1426 3058 Herculis.
1468 3028 1580 3055 Strabo
1610 3025 1641 3063 5,
1666 3023 1697 3064 2,
1721 3024 1741 3055 8
1766 3035 1796 3062 p.
1822 3024 1899 3056 225.

1394 1206 1469 1228 nam
1506 1205 1609 1232 neque
1645 1200 1771 1231 tempus
1813 1198 1896 1227 satis
1952 1233 1959 1237 ‚
