2023 3350
210 91 293 131 234
778 89 815 120 P.
841 87 1040 122 vmfflLu
1065 88 1279 123 MARONIS

206 200 433 251 Threiciis,
477 199 568 241 lato
607 212 736 252 quam
776 199 1146 254 circumplectitur
1183 217 1291 246 auro

207 259 399 309 Balteus,
445 260 487 298 et
525 257 651 298 tereti
687 256 904 300 subnectit
938 258 1074 302 fibula
1105 275 1286 314 gemma.

208 316 376 357 Tertius
414 314 620 367 Argolica
655 314 738 356 hac
777 315 904 369 galea
939 321 1168 360 contentus
1205 319 1337 362 abito.

206 374 325 415 Haec
363 371 438 413 ubi
472 371 610 423 dicta,
654 372 796 414 locum
836 374 1031 428 capiunt,

1075 375 1196 429 signo
1203 391 1286 430 que
1321 381 1501 431 repente
1778 378 1828 418 31
1838 393 1861 417 o

207 430 457 483 Corripiunt
494 429 638 483 spatia
675 430 848 483 audito,
893 432 1110 486 limenque
1144 434 1404 489 relinquunt,

205 488 342 530 Effusi
375 487 521 529 nimbo
563 487 742 541 similes3
794 489 921 531 simul
958 490 1114 532 ultima
1157 492 1341 545 signant.

203 546 372 587 Primus
415 544 508 586 abit
540 545 754 600 longeque
791 551 893 589 ante
929 548 1074 591 omnia
1112 563 1297 602 corpora
1334 551 1463 592 Nisus

206 604 397 653 Emicat,
442 606 484 644 et
522 604 660 645 ventis
697 607 740 646 et
774 604 966 648 fulminis
1002 607 1121 648 ocior
1154 607 1246 649 alis.

203 661 429 711 Proximus
463 660 583 712 huic,
625 661 757 716 longo
798 663 873 705 sed
905 665 1128 718 proximus
1171 665 1414 718 intervallo,
1772 668 1856 707 320

202 719 453 772 Insequitur
490 718 653 772 Salius3
695 721 839 775 spatio
871 725 972 776 post
1008 723 1163 765 deinde
1197 723 1351 765 relicto

205 778 374 819 Tertius
412 776 648 831 Euryalus3

203 835 526 889 Euryalumque
561 835 767 890 Helymus
805 837 1018 891 sequitur:

1067 851 1153 892 quo
1187 837 1340 880 deinde
1375 839 1454 881 sub
1491 839 1586 894 ipso

202 894 315 935 Ecce
350 893 470 934 volat
501 893 749 948 calcemque
785 895 889 936 terit
922 895 1009 937 iam
1047 896 1163 938 calce
1200 897 1356 938 Diores

201 950 458 993 Incumbens
494 950 696 1004 humer03
735 953 879 1006 spatia
915 957 957 995 et
991 954 1026 996 si
1062 954 1191 1008 plura
1227 953 1458 1008 supersint,
1777 955 1801 994 3
1837 968 1846 976 ’

1807 956 1830 994 [0

1837 955 1859 993 αἱ

203 1010 415 1051 Transeat
456 1009 627 1063 elapsus
663 1010 803 1064 prior,
849 1011 1151 1065 ambiguumve
1188 1012 1419 1067 relinquat.

202 1067 382 1120 Iamque
422 1066 513 1108 fere
553 1069 694 1121 spatio
732 1073 923 1111 extremo
962 1069 1150 1123 fessique
1186 1070 1264 1112 sub
1299 1071 1441 1125 ipsam

202 1125 352 1166 Finem
387 1124 702 1178 adventabant,
745 1127 828 1168 levi
869 1141 967 1169 cum
1003 1128 1212 1181 sanguine
1247 1128 1377 1171 Nisus

202 1182 387 1224 Labitur
423 1182 592 1235 infelix,
638 1184 774 1226 caesis
811 1187 861 1226 ut
898 1185 1013 1227 forte
1049 1185 1240 1228 iuvencis

205 1333 259 1353 ces
299 1324 451 1353 Troianis
496 1326 637 1354 tulerunt
679 1326 857 1362 auxilium,
905 1331 934 1356 et
974 1327 1006 1355 in

206 1371 301 1399 Creta
337 1371 407 1405 ipse
444 1376 660 1400 commoratus
699 1376 746 1400 est
779 1373 913 1401 Aeneas
951 1381 1008 1408 per

205 1417 336 1450 aliquod
369 1420 494 1451 tempus
529 1417 567 1445 cf.
597 1415 626 1453 3,
652 1415 710 1445 131
740 1426 787 1452 sq.
836 1420 950 1454 Itaque
978 1424 1007 1448 et

208 1462 414 1491 Amazonias
442 1465 609 1497 pharetras
628 1467 656 1491 et
681 1464 837 1493 Thracios
860 1474 957 1494 enses
977 1470 1006 1494 et

205 1508 328 1536 Gnosia
375 1509 505 1543 spicula
546 1509 648 1543 potuit
693 1512 812 1538 babere
862 1511 1003 1539 Aeneas.

205 1554 408 1588 Quamquam
445 1555 670 1591 concedimus,
721 1560 834 1590 poetas
869 1557 1005 1585 Latinos

206 1600 340 1634 saepius
372 1604 406 1628 ut
435 1601 576 1629 eximias
610 1601 663 1629 sui
692 1602 820 1637 generis
853 1611 905 1631 res
931 1611 1005 1631 esse

203 1646 401 1682 significent,
441 1655 483 1675 ex
507 1654 546 1675 ea
569 1655 642 1675 esse
668 1647 772 1676 dicere
798 1651 900 1682 terra,
940 1656 1003 1683 qua

204 1692 344 1726 optimae
371 1692 445 1720 sint.
496 1693 549 1722 Sic
574 1693 706 1721 Thracii
731 1701 838 1730 enseS,
857 1695 1003 1723 Amazo-

202 1738 276 1766 niae
307 1741 493 1772 pharetrae.
529 1739 652 1767 Gnosia
683 1739 811 1773 spicula
844 1745 918 1768 sunt
950 1749 1003 1769 res

203 1784 255 1812 sui
282 1784 410 1819 generis
435 1785 583 1819 optimae.
633 1785 687 1814 Sic
711 1786 817 1820 Lycia
848 1791 894 1814 est
922 1789 1002 1821 pha-

202 1834 287 1858 retra
307 1827 337 1865 7,
363 1827 439 1859 816.
468 1832 591 1866 Lyciae
613 1831 753 1865 sagittae
777 1829 807 1862 S.
833 1829 908 1860 166.
934 1834 1003 1868 Ly-

200 1876 288 1904 cium
309 1884 406 1904 cornu
437 1874 467 1905 9.
492 1874 568 1905 773.
603 1877 703 1905 funda
730 1878 880 1906 Balearis
908 1880 942 1906 G.
975 1876 1001 1911 1,

203 1920 279 1949 309.
330 1922 437 1950 Simili
463 1924 553 1951 modo
578 1931 674 1956 grues
698 1928 772 1951 sunt
795 1925 1002 1959 Strymoniae

203 1969 238 1995 G.
270 1965 297 1999 1.
325 1965 404 2004 120,
445 1976 542 1997 canes
566 1970 739 2004 Amyclaei
768 1967 797 2000 3.
825 1967 906 2003 345,
948 1979 1000 1999 co-

201 2015 331 2042 lumbae
359 2014 524 2043 Chaoniae
551 2017 584 2043 E.
614 2013 643 2046 9,
677 2013 735 2051 13,
757 2016 827 2044 taxi
853 2016 1002 2051 Cyrneae

202 2057 232 2091 9.
259 2057 318 2095 30,
344 2060 468 2093 glacies
495 2062 731 2096 Hyperboreae.
759 2062 895 2095 pruinae
920 2063 1001 2090 nni-

202 2112 304 2139 paeae
337 2107 371 2133 G.
401 2103 438 2141 4,
466 2103 542 2135 517.
593 2108 685 2135 Adde
716 2108 803 2135 Voss
831 2109 871 2136 ad
903 2110 938 2136 G.
970 2117 998 2143 p.

200 2149 284 2178 611:
318 2148 366 2179 Es
392 2148 536 2180 braurht
562 2149 668 2180 lenum
694 2155 827 2192 gesagt
852 2162 894 2181 zu
917 2161 1003 2182 wer-

199 2193 281 2231 den,
318 2193 399 2234 (lass
427 2194 540 2226 soh-he
570 2195 742 2228 Bciworte
772 2196 861 2236 blofs
891 2196 1002 2239 Treff-

197 2239 359 2277 lichit-eit,
396 2240 491 2272 nieht
524 2241 705 2281 Ilei-kunst
734 2242 921 2281 anzeigen.
960 2261 998 2265 -

200 2289 352 2324 Thraces,
378 2290 465 2318 natio
489 2290 663 2328 bellicosa,
687 2290 780 2319 bonis
804 2291 907 2319 armis
933 2295 1002 2320 stu-

199 2335 323 2362 debant.

243 2377 320 2408 312.
347 2377 646 2419 circumplectitur
676 2383 719 2410 Μ.
768 2378 896 2410 circum
927 2389 1002 2410 am-

195 2423 361 2465 plectitur
388 2427 443 2454 PR
471 2429 557 2460 prob.
587 2423 651 2454 Rb.

244 2469 320 2499 314.-
348 2473 457 2500 Honos
487 2480 549 2500 non
579 2477 644 2500 tam
669 2472 702 2501 in
733 2472 834 2506 pretio
861 2477 909 2501 est
941 2479 1002 2509 ga-

200 2519 281 2546 leae.
307 2525 404 2551 quam
429 2519 511 2553 quod
536 2523 584 2547 est
608 2518 693 2546 hosti
716 2519 868 2547 detracta.

246 2561 321 2592 316.
354 2561 555 2604 surripiunt
581 2561 699 2603 spatia
727 2563 765 2593 cf.
796 2561 822 2597 l,
848 2561 924 2592 418.
959 2579 996 2583 —

204 2605 323 2636 Limen
355 2609 454 2646 idem,
490 2611 574 2644 quod
603 2607 693 2648 finis
725 2610 890 2638 dicebatur
922 2606 999 2646 139,

199 2661 344 2683 carceres
369 2661 445 2684 sunt
469 2657 543 2684 sive
563 2657 671 2686 locus.
701 2656 784 2684 citra
804 2664 899 2689 quem
923 2664 999 2685 con—

199 2699 318 2727 sistunt
345 2701 378 2735 ii,
397 2703 451 2736 qui
472 2702 620 2731 currendi
642 2702 773 2737 signum
798 2706 997 2736 exspectant.

199 2759 236 2763 —-
262 2742 435 2784 limenque
459 2745 660 2785 relinquunt
683 2747 722 2776 cf.
748 2745 779 2783 8,
808 2744 882 2775 125.

244 2786 318 2817 317.
343 2788 458 2820 nimbo
482 2790 631 2828 similes,
672 2789 737 2821 wie
761 2790 816 2822 ein
851 2790 996 2822 lVetter.

205 2832 337 2863 Ultima
363 2833 510 2874 signant
545 2840 734 2870 ..Intuentur
759 2842 789 2867 et
813 2842 925 2867 notant
946 2840 997 2867 ul-

201 2880 279 2908 tima
305 2882 412 2915 spatia
437 2884 592 2913 aviditate
617 2883 801 2913 vincendi-‘⁴
824 2886 855 2912 S.

242 2923 317 2954 319.
351 2923 486 2956 Primus
515 2944 558 2949 —
595 2926 770 2970 longeque
807 2927 914 2960 Risus
954 2930 994 2959 cf.

197 2968 228 3007 8,
260 2969 333 2999 168.

244 3014 320 3045 319.
349 3014 490 3047 Emicat
516 3017 536 3046 i.
563 3027 590 3047 e.
628 3020 774 3056 exsurgit
806 3024 837 3049 et.
866 3020 994 3056 prosilit

1054 1328 1139 1357 lucis
1164 1332 1193 1357 et
1216 1328 1367 1358 fulminis
1393 1327 1558 1357 celeritate
1583 1326 1622 1356 cf.
1648 1323 1774 1364 2,175.
1806 1323 1856 1363 12,

1053 1372 1130 1403 327.
1159 1376 1218 1403 Ov.
1244 1377 1285 1403 M.
1315 1372 1344 1404 1.
1370 1372 1423 1402 27.
1450 1375 1534 1402 Flor.
1562 1370 1592 1409 1,
1621 1370 1672 1410 18,
1699 1369 1729 1401 4.
1767 1370 1858 1402 Alae

1053 1421 1203 1449 omnibus
1229 1424 1326 1450 rebus
1351 1420 1583 1456 assignantur,
1614 1426 1698 1454 quae
1722 1427 1856 1448 moven-

1052 1471 1103 1495 tur
1142 1468 1305 1502 celeriter;
1351 1467 1396 1495 ita
1437 1466 1588 1494 Aurorae
1625 1467 1700 1494 alas
1746 1465 1857 1494 tribuit

1051 1513 1241 1547 psalmistes
1272 1517 1301 1541 et
1335 1510 1372 1547 8,
1400 1509 1465 1539 430
1499 1516 1547 1540 est
1579 1508 1653 1540 ales
1678 1513 1798 1540 auster
1828 1514 1860 1539 et

1050 1559 1181 1587 fulmini
1218 1556 1299 1587 alae
1335 1559 1452 1586 dantur
1487 1564 1506 1586 a
1550 1558 1626 1586 Val.
1658 1559 1704 1586 Fl.
1735 1555 1774 1593 2,
1801 1554 1855 1585 97.

1052 1604 1165 1633 Claud.
1191 1605 1258 1633 ΒΡ.
1283 1602 1313 1638 2,
1344 1601 1420 1631 229.

1099 1648 1174 1678 320.
1221 1647 1364 1678 Duobus

1057 1693 1183 1725 Crasso
1210 1697 1240 1724 et
1269 1692 1420 1724 Antonio
1452 1691 1488 1723 L.
1525 1690 1711 1734 Philippus
1736 1691 1856 1733 prosi·

1049 1750 1126 1770 mus
1175 1738 1360 1770 accedebat
1403 1738 1462 1768 sed
1511 1737 1618 1778 longo
1665 1737 1856 1768 intervallo

1050 1789 1166 1816 tamen
1194 1785 1373 1826 proximus
1397 1787 1463 1815 Cic.
1488 1787 1542 1814 Br.
1560 1783 1613 1814 46.

1097 1842 1173 1872 323.
1207 1840 1340 1873 Deinde
1359 1844 1528 1878 repetitum
1552 1843 1715 1879 ingratum
1741 1847 1789 1872 est
1813 1843 1852 1872 cf.

1050 1888 1079 1921 6,
1108 1887 1183 1918 901.

1096 1945 1170 1975 32⁴.
1204 1944 1411 1985 Calremque
1450 1943 1530 1974 terit
1567 1943 1636 1974 iam
1673 1943 1769 1975 calce
1801 1943 1854 1975 in-

1048 1991 1209 2021 cumbens
1236 1989 1377 2020 humero
1403 1992 1423 2020 i.
1450 2001 1476 2020 e.
1510 1996 1574 2021 tam
1601 2000 1698 2028 prope
1723 1996 1787 2026 est,
1820 1996 1852 2021 ut

1048 2047 1104 2073 pes
1131 2039 1203 2067 eius
1224 2039 1327 2073 prior,
1351 2039 1483 2074 Helymi
1509 2035 1541 2066 i'n
1569 2047 1664 2067 cursu
1694 2039 1849 2073 posterio-

1047 2093 1113 2113 rem
1146 2089 1276 2119 aequet,
1313 2084 1382 2119 (sic
1415 2082 1542 2112 calcem
1577 2081 1704 2123 premit
1738 2081 1852 2121 calce)

1047 2138 1147 2165 quare
1172 2139 1269 2166 quum
1294 2139 1394 2165 prope
1419 2133 1458 2158 ab
1486 2130 1543 2158 illo
1574 2134 1699 2167 currat,
1737 2133 1850 2159 hume-

1049 2185 1120 2205 rum
1157 2177 1288 2212 Helymi
1321 2178 1458 2205 alterum
1492 2182 1592 2210 paene
1624 2176 1735 2211 tangit.
1785 2177 1852 2205 Ita-

1427 1645 1571 1677 summis
1632 1647 1855 1683 (oratoribus)

1049 2231 1110 2257 que
1135 2223 1164 2250 si
1190 2223 1316 2259 longior
1339 2230 1455 2251 cursus
1482 2221 1651 2257 supererit,
1677 2222 1775 2251 facile
1793 2230 1850 2257 po-

1048 2269 1119 2297 terit
1145 2270 1309 2297 aemulum
1337 2268 1472 2296 vincere
1502 2272 1558 2296 aut
1587 2272 1672 2296 certe
1697 2275 1848 2303 aequare.

1049 2314 1096 2342 Cf.
1125 2315 1183 2342 Sil.
1205 2311 1257 2342 16.
1281 2311 1346 2341 490
1378 2310 1496 2341 Prima
1522 2310 1669 2353 stringit
1696 2311 1852 2352 vestigia

1046 2357 1174 2398 planta
1200 2366 1435 2397 praegressae
1462 2356 1580 2387 calcis.
1620 2360 1712 2388 Hom.
1735 2361 1772 2388 Il.
1797 2357 1851 2398 23,

1049 2403 1125 2433 76⁴.
1152 2402 1229 2433 765.
1279 2401 1555 2444 ambiguumque
1579 2405 1664 2434 dedit
1695 2403 1758 2434 Rb.

1096 2459 1171 2489 327.
1198 2463 1267 2490 lain
1293 2469 1390 2495 quum
1414 2462 1446 2490 in
1469 2462 1530 2491 fine
1551 2467 1671 2497 essent,
1690 2459 1851 2502 fessique

1048 2507 1109 2537 ita.
1135 2512 1168 2535 ut
1199 2508 1246 2541 ei,
1274 2508 1328 2542 qui
1354 2508 1441 2543 prior
1465 2512 1553 2544 erat,
1577 2517 1640 2537 non
1659 2512 1764 2544 esset,
1791 2516 1848 2537 cur

1047 2553 1186 2582 timeret.
1219 2562 1258 2582 ne
1282 2556 1322 2582 ab
1346 2554 1424 2582 aliis
1452 2554 1652 2589 vinceretur3
1685 2558 1780 2589 atque
1805 2562 1847 2583 ex

1046 2608 1083 2627 eo
1113 2600 1295 2628 certissima
1329 2600 1493 2629 videretur
1527 2608 1600 2628 esse
1638 2600 1711 2628 Nisi
1744 2600 1848 2628 victo-

1047 2645 1114 2673 ria:
1143 2645 1278 2682 accidit,
1305 2650 1337 2674 ut
1365 2647 1532 2681 collapsus
1551 2649 1665 2675 rueret.
1697 2659 1734 2665 —-
1755 2642 1846 2683 finis

1046 2690 1237 2720 femininum
1269 2696 1316 2719 est
1348 2692 1387 2720 cf.
1412 2689 1441 2723 2.
1468 2689 1544 2720 554.
1574 2708 1612 2712 —
1645 2688 1705 2720 sub
1733 2687 1844 2729 ipsam

1046 2737 1083 2766 cf.
1107 2735 1142 2773 3,
1170 2736 1199 2766 6.
1237 2753 1274 2756 -
1315 2735 1558 2766 adventabant
1584 2744 1688 2776 quum
1717 2732 1848 2764 labitur

1046 2782 1084 2812 cf.
1114 2781 1143 2818 3,
1169 2781 1246 2811 590.

1094 2836 1169 2867 329.
1197 2836 1324 2877 infelix
1355 2839 1452 2874 ..quia
1486 2841 1602 2874 parata
1625 2836 1761 2866 victoria
1789 2844 1846 2866 ca-

1042 2883 1128 2913 ruit“
1157 2887 1189 2913 S.
1234 2900 1271 2904 ——
1316 2882 1455 2920 „caesis
1483 2886 1520 2913 ut
1544 2882 1639 2919 forte
1668 2879 1843 2916 iuvencis,

1043 2933 1123 2959 bene
1164 2938 1231 2959 rem
1270 2935 1378 2959 notam
1424 2938 1479 2965 per
1514 2928 1686 2957 transitum
1730 2928 1842 2962 tetigit.

1041 2976 1204 3010 Agonaus
1231 2976 1318 3005 enim
1344 2976 1442 3005 moris
1474 2974 1596 3009 fuerat,
1635 2978 1706 3009 post
1737 2973 1843 3003 sacri-

1040 3021 1114 3051 ficia
1135 3023 1175 3050 ad
1198 3025 1358 3051 certamen
1384 3017 1530 3049 veniref⁶
1557 3022 1589 3047 S.
