2023 3350
670 127 900 159 AENEIDOS

933 129 1020 160 LlB.
1051 129 1111 160 xl.
1623 129 1702 166 547

69 245 284 288 Invidisse
325 242 442 294 deos,
486 241 639 295 patriis
677 244 725 283 ut
763 241 956 283 redditus
987 242 1074 283 aris

72 302 331 355 Coniugium
368 304 563 354 optatum
601 302 642 340 et
678 299 905 353 pulchram
945 299 1166 354 Calydona
1201 298 1417 341 viderem?

75 361 202 402 Nunc
241 359 371 401 etiam
407 356 605 398 horribili
648 359 741 398 visu
780 361 984 410 portenta
1023 361 1275 412 sequuntur,

71 418 129 460 Et
178 417 282 459 soc-ii
320 415 466 457 amissi
501 414 722 468 petierunt
754 415 932 457 aethera
970 416 1131 469 pennis,

70 473 430 526 Fluminibusque
471 476 686 526 vagantur
726 487 825 514 aves
857 499 911 502 —
940 472 1023 514 heu
1060 473 1157 514 dira
1197 485 1389 513 meorum

76 531 319 586 Supplicia!
347 556 405 561 —-
438 533 480 571 et
515 531 714 584 scopulos
757 531 996 573 lacrimosis
1031 530 1208 573 vocibus
1247 530 1437 584 implent.

72 590 191 631 Haec
228 588 335 630 adeo
374 601 426 629 ex
464 587 539 629 illo
575 588 677 629 mihi
714 588 800 630 iam
841 588 1058 643 speranda
1098 588 1273 630 fuerunt

73 647 305 700 Tempore,
341 660 472 699 quum
509 646 623 688 ferro
663 647 865 688 caelestia
904 660 1086 700 corpora
1127 645 1300 687 demens

70 704 242 759 Adpetii
274 707 315 745 et
347 703 524 745 Veneris
555 704 711 745 violavi
750 705 918 746 volnere
952 704 1161 746 dextram.

70 763 133 805 Ne
164 775 284 813 vero,
320 775 373 812 ne
409 775 476 803 me
510 761 566 803 ad
600 763 709 804 tales
750 762 959 816 impellite
990 776 1167 816 pugnas.

67 820 155 862 Nec
190 819 294 860 mihi
332 834 427 860 cum
464 819 636 861 Teucris
674 820 807 861 ullum
844 823 943 874 post
980 824 1102 861 eruta
1140 817 1301 860 bellum

69 879 293 931 Pergama,
334 891 411 919 nec
449 881 640 919 veterum
679 879 851 920 memini
884 878 1074 920 laetorve
1106 875 1331 919 malorum.

71 936 266 988 Munera,
306 949 416 988 quae
451 936 606 989 patriis
643 936 699 977 ad
733 950 800 977 me
837 936 1025 991 portatis
1064 935 1118 977 ab
1150 935 1248 985 oris,

70 993 233 1036 Vertite
270 992 326 1034 ad
362 994 546 1035 Aenean.

608 994 812 1036 Stetimus
847 994 934 1036 tela
968 1007 1123 1047 aspera
1157 995 1318 1043 contra,

72 1050 422 1105 Contulimusque
458 1065 627 1094 manus:
666 1056 842 1105 experto
881 1051 1063 1103 credite,
1104 1054 1289 1105 quantus

69 1110 119 1152 In
156 1109 338 1162 clipeum
378 1109 605 1163 adsurgat,
642 1124 728 1163 quo
766 1109 938 1151 turbine
973 1113 1177 1164 torqueat
1212 1108 1393 1150 hastam.

71 1167 115 1210 Si
154 1167 238 1208 duo
280 1171 504 1220 praeterea
542 1168 650 1209 tales
690 1167 820 1209 Idaea
856 1168 1026 1210 tulisset

1628 1167 1708 1205 255

70 1225 202 1267 Terra
236 1224 368 1276 viros,
408 1225 523 1267 ultro
559 1225 757 1267 Inachias
790 1225 974 1267 venisset
1012 1225 1067 1267 ad
1100 1223 1228 1265 urbes

35 1405 38 1409 ”
69 1401 116 1432 of.
152 1394 391 1441 ἐφεδρεύειν.)
452 1402 541 1430 Unde
582 1406 611 1430 et
650 1399 864 1430 subsessores

68 1449 227 1483 dicuntur,
246 1447 301 1482 qui
317 1448 449 1476 insidiis
467 1452 578 1476 tauros
592 1448 812 1476 interitntint.²'·
831 1449 862 1475 S.

69 1495 122 1524 Sic
153 1496 226 1523 Sen.
260 1494 354 1528 Hipp.
390 1492 443 1522 52.
474 1498 503 1522 et
545 1494 583 1521 de
615 1498 778 1522 structura
812 1490 864 1529 11),

70 1538 145 1569 301.
201 1541 376 1569 Praeterea
409 1541 450 1568 ad
484 1539 609 1568 dicendi
653 1540 786 1568 formam
824 1539 864 1568 cf.

71 1583 237 1627 Spartam
266 1582 486 1627 expugnavit
510 1583 650 1613 adulter
678 1582 729 1620 10,
754 1583 808 1613 92.

114 1630 189 1660 269.
215 1631 269 1660 Dii
304 1632 369 1667 ipsi
403 1632 633 1666 prohibuerunt
669 1632 866 1665 Diomedem,

67 1678 240 1714 quominus
264 1678 434 1715 coniugem
454 1682 485 1707 et
509 1678 690 1714 Calydona,
715 1678 868 1707 Aetoliae

66 1726 187 1761 urbem,
209 1725 293 1753 unde
317 1725 449 1760 Tydeus
471 1723 632 1758 profectus
657 1728 737 1761 erat,
776 1723 867 1753 vide-

68 1774 126 1800 ret.
173 1770 361 1799 Infinitivus
398 1767 567 1798 invidisse
609 1771 721 1804 pendet
761 1776 781 1798 a
815 1777 866 1797 re-

61 1815 180 1854 seram
207 1814 284 1852 264,
313 1823 416 1850 neque
440 1818 564 1844 absona
589 1819 637 1843 est
661 1823 772 1844 eorum
795 1815 865 1850 opi-

66 1862 133 1896 nio,
168 1862 222 1896 qui
241 1869 272 1890 v.
300 1859 435 1889 266-8
459 1861 525 1890 13111
552 1861 702 1896 perfectis
726 1860 862 1895 reliquis

68 1914 89 1937 a
111 1907 251 1944 Virgilio
284 1907 412 1936 additos
444 1907 649 1936 existimant:
697 1914 800 1942 neque
830 1910 864 1935 ut

67 1961 153 1983 nunc
173 1955 276 1982 verba
299 1957 392 1988 sunt,
431 1953 634 1987 offendimur,
661 1954 744 1988 quod
770 1955 863 1981 homo

67 2001 176 2028 dolore
200 1999 359 2036 agitatus,
398 2007 497 2033 quum
528 1999 688 2027 sociorum
715 1999 864 2027 infelices

67 2049 221 2075 memoret
246 2045 365 2082 exitus,
390 2048 552 2074 structura
570 2047 709 2081 aberrat,
735 2052 866 2073 rursus-

68 2099 129 2126 que
161 2091 194 2119 in
226 2098 298 2120 eam
329 2092 511 2120 revertitur.
573 2092 662 2126 Quae
696 2091 798 2119 oratio
832 2094 868 2119 ut

68 2138 279 2174 continuetur,
304 2139 419 2166 volunt
438 2138 535 2166 etiam
561 2141 630 2172 post
655 2144 866 2178 magnorum

69 2191 102 2213 v.
129 2181 193 2211 266
218 2183 336 2212 inferre
363 2185 410 2212 ut.
437 2185 533 2212 Male.
584 2184 693 2212 Potest
717 2191 790 2211 esse
816 2182 866 2210 in-

69 2229 214 2259 finitivus
236 2229 455 2259 exclamantis
481 2229 520 2259 cf.
549 2228 575 2265 l,
597 2227 651 2257 37.
696 2244 733 2248 —
776 2229 865 2257 Haec

69 2278 171 2305 verba
211 2275 309 2305 facile
348 2277 507 2304 deducunt
549 2275 692 2310 aliquem
729 2275 763 2303 in
792 2282 865 2303 eum

69 2329 217 2359 errorem,
241 2326 276 2351 ut.
301 2323 420 2351 erroris
446 2322 516 2356 ipse
538 2322 707 2350 insimulet
730 2324 865 2358 poetam,

70 2367 126 2402 qui
154 2368 341 2405 coniugium
371 2368 535 2397 Diomedis
561 2368 729 2403 Calydone
760 2367 865 2395 fuisse

69 2414 240 2449 putaverit.
280 2415 341 2443 Sed
361 2410 430 2443 Hn.
448 2414 553 2443 docuit
578 2414 611 2442 111
636 2421 777 2442 excursu
805 2420 864 2441 suo

70 2460 255 2489 Diomedem
299 2460 415 2489 uxoris
459 2468 538 2489 suae
584 2460 718 2488 insidiis
762 2459 864 2495 Argis

69 2506 240 2540 depulsum
267 2507 467 2542 Calydonem
491 2506 665 2541 petivisse,
708 2513 769 2540 quo
793 2506 864 2534 loco

68 2559 133 2580 non
157 2555 303 2587 receptus
327 2552 360 2580 in
384 2552 515 2580 Italiam
541 2552 680 2580 transiit.
729 2553 792 2580 Per
816 2555 864 2579 to-

69 2601 137 2626 tum
160 2601 268 2626 autem
298 2598 376 2626 litus
411 2598 525 2626 ltaliae
555 2598 753 2628 occidentale
784 2597 863 2626 Dio-

69 2644 178 2673 medes
208 2645 303 2672 heros
339 2644 505 2673 colebatur
533 2650 553 2672 a
582 2644 718 2673 Venetis
750 2651 864 2680 usque,

69 2691 305 2724 multarumque
334 2690 463 2718 urbium
494 2692 672 2718 habebatur
711 2689 863 2719 conditor.

71 2736 132 2764 Sed
159 2736 302 2764 maxime
334 2735 526 2764 Diomedeae
557 2735 687 2764 insulae
721 2740 751 2764 et
783 2742 865 2764 aves

71 2783 251 2818 celebratae
274 2784 375 2811 erant.
428 2778 489 2811 ΠΙ).
517 2785 547 2810 et
571 2778 632 2810 Ld.
647 2790 680 2810 v.
703 2778 780 2809 264.
802 2779 866 2808 265

70 2831 234 2857 removent
258 2831 330 2862 post
355 2835 385 2856 v.
411 2824 493 2864 268,
520 2830 553 2856 ut
584 2824 764 2864 invidisse,
787 2827 870 2861 quod

71 2877 119 2902 est
149 2882 182 2903 v.
213 2872 295 2911 269,
329 2874 465 2909 pendeat
495 2881 516 2902 a
546 2870 699 2910 referam
721 2881 754 2901 v.
782 2871 868 2909 2643

71 2922 102 2948 et
122 2919 171 2949 sic
194 2920 290 2949 nasci
307 2916 371 2948 Ld.
390 2919 491 2948 sentit
517 2926 677 2948 summam
703 2918 870 2947 concinni-

72 2967 182 3004 tatem,
226 2966 387 2995 exsistere
416 2965 502 2995 enim
536 2968 568 2994 et
593 2964 812 2993 narrationem
839 2967 870 2992 et

72 3012 311 3048 quaestionem,
342 3012 436 3041 illam
456 3010 624 3046 complecti
648 3012 765 3038 heroas
793 3014 870 3046 tres,

5 3078 11 3084 .
72 3058 263 3095 Menelaum,
287 3058 430 3095 Ulixem,
457 3058 750 3094 Agamemnonem,
784 3058 871 3085 113110

908 1402 1037 1430 totidem
1061 1401 1311 1435 Neoptolemum,
1336 1399 1551 1435 Idomeneum,
1580 1399 1711 1427 Diome-

910 1448 991 1476 dem.
1015 1447 1104 1475 Idem
1134 1446 1221 1475 eiicit
1247 1453 1279 1474 v.
1309 1441 1479 1483 Libycone
1502 1460 1539 1464 —
1573 1441 1711 1481 Locros,

912 1498 941 1522 et
965 1493 1048 1528 quod
1074 1495 1154 1521 11300
1186 1492 1299 1520 fabula
1324 1497 1486 1525 nusquam
1512 1492 1648 1527 legatur,
1681 1495 1711 1520 et

913 1540 995 1574 quod
1020 1539 1108 1567 natio
1136 1542 1202 1567 tota
1226 1537 1385 1566 inseratur
1408 1537 1490 1565 inter
1514 1539 1641 1566 heroas.

960 1593 1036 1624 271.
1062 1595 1161 1624 Varie
1186 1595 1321 1624 traditur
1354 1597 1435 1623 haec
1465 1594 1631 1624 Diomedis
1656 1603 1711 1624 so-

913 1643 1036 1674 ciorum
1058 1642 1092 1670 in
1117 1649 1198 1670 aves
1213 1641 1395 1674 conversio,
1423 1644 1452 1669 et
1470 1641 1614 1676 plerique
1638 1648 1711 1670 eam

913 1692 985 1724 post
1021 1688 1188 1716 Diomedis
1234 1691 1365 1716 mortem
1404 1686 1522 1716 factam
1564 1692 1709 1717 narrant.

913 1736 1015 1763 Plura
1040 1735 1092 1762 dat
1115 1736 1208 1762 Serv.
1223 1735 1282 1762 Ov.
1300 1735 1373 1761 Met.
1392 1730 1444 1769 14,
1468 1730 1534 1762 441
1560 1742 1608 1768 sq.
1624 1734 1710 1762 Plin.

914 1781 982 1809 NH.
1012 1778 1065 1816 10,
1094 1776 1148 1817 44,
1173 1776 1227 1808 61.

963 1834 1038 1865 272.
1065 1834 1207 1866 amissi.-
1236 1838 1385 1874 „Legunt
1409 1837 1560 1865 nonnulli
1586 1840 1617 1865 et
1646 1834 1711 1865 ad-

910 1879 1026 1911 missis
1047 1879 1178 1921 pinnis.
1220 1882 1295 1918 (Sic
1313 1879 1364 1911 Pl.
1384 1879 1531 1921 sumptis
1553 1880 1710 1921 pennis.)

911 1930 973 1958 Sed
1002 1928 1120 1957 melius
1148 1933 1197 1958 est
1229 1925 1384 1958 amissi.“
1407 1929 1438 1956 S.
1488 1928 1576 1962 Quod
1607 1933 1655 1957 est
1676 1929 1710 1957 in

911 1975 984 2003 MR.
1018 1975 1061 2003 al.
1099 1978 1134 2003 ut
1170 1979 1306 2004 testatur
1340 1971 1411 2003 Hn.
1464 1975 1588 2003 Durum
1624 1975 1711 2003 enim

911 2025 971 2057 est,
995 2021 1076 2055 quod
1101 2021 1209 2050 socios
1233 2021 1352 2058 amisit,
1383 2021 1508 2055 durum,
1542 2022 1625 2055 quod
1651 2021 1709 2049 illo

912 2067 1004 2096 modo
1027 2066 1147 2096 amisit.

964 2110 1040 2141 275.
1067 2121 1210 2153 sperare
1235 2113 1275 2143 cf.
1303 2110 1333 2149 1,
1361 2109 1438 2140 543.

958 2167 1034 2198 276.
1061 2167 1227 2199 caelestia
1241 2177 1386 2210 corpora
1396 2171 1537 2199 Veneris
1550 2171 1711 2200 etMartiS.

963 2225 1039 2256 280.
1066 2225 1207 2256 memini
1239 2224 1394 2255 laetorve
1425 2225 1618 2264 malorum3
1656 2229 1712 2258 ubi

912 2274 1076 2311 genitivus
1101 2281 1121 2302 a
1148 2270 1290 2302 memini
1303 2274 1418 2307 pendet
1441 2275 1481 2302 ad
1506 2275 1610 2303 laetor
1636 2283 1712 2303 ma-

912 2318 956 2349 lis
987 2328 1028 2349 ex
1057 2328 1137 2349 voce
1170 2316 1343 2347 malorum
1375 2320 1550 2348 eruendum
1580 2324 1638 2349 est.
1671 2320 1710 2349 cf.

912 2368 964 2395 Gr.
981 2366 1013 2402 ξ.
1026 2363 1087 2393 321
1112 2365 1216 2394 Α11.·2.
1237 2364 1303 2394 Cic.
1317 2366 1440 2394 Cluent.
1460 2363 1477 2392 2
1493 2368 1713 2405 'unaquaque

913 2411 954 2441 de
978 2420 1012 2440 re
1036 2408 1149 2440 dicam
1178 2413 1209 2440 ct
1234 2408 1379 2440 diluam.
1403 2413 1483 2440 Sall.
1500 2412 1569 2441 Cat.
1591 2409 1645 2449 51,
1669 2410 1712 2440 38

911 2454 1045 2487 imitari
1074 2466 1177 2497 quam
1204 2454 1361 2486 invidere
1397 2454 1492 2486 bonis
1523 2455 1712 2487 malebant.

911 2506 954 2534 al.
977 2505 1083 2539 Quare
1101 2504 1154 2533 1110
1170 2505 1264 2533 locus
1278 2511 1340 2532 non
1361 2504 1449 2533 docet
1465 2500 1597 2532 laetari
1618 2504 1711 2541 iungi

911 2550 1068 2588 genitivo.

958 2594 1034 2624 283.
1058 2592 1268 2625 contulimus
1309 2603 1434 2624 manus
1473 2595 1512 2625 cf.
1550 2596 1641 2624 Hom.
1672 2597 1712 2625 Il.

911 2642 942 2680 5,
969 2640 1045 2670 239.

959 2686 1035 2716 284.
1061 2688 1215 2727 quantus
1239 2683 1273 2714 in
1302 2682 1451 2725 clipeum
1477 2689 1648 2727 assurgat
1671 2687 1712 2717 cf.

915 2733 946 2771 9,
972 2731 1066 2762 749.;
1092 2733 1194 2767 clipeo
1216 2733 1302 2761 elato
1327 2732 1361 2760 in
1385 2734 1509 2761 hostem
1536 2733 1642 2762 irruit.
1671 2749 1710 2754 —

916 2779 1082 2809 Sententia
1104 2784 1211 2807 autem
1233 2782 1296 2806 est:
1321 2782 1351 2806 et
1376 2778 1522 2807 cominus
1540 2783 1569 2807 et
1583 2780 1714 2809 eminus

916 2826 1086 2862 pugnando
1111 2824 1271 2853 timendus
1299 2827 1358 2851 est.
1406 2839 1442 2843 —-
1486 2832 1553 2864 quo
1575 2823 1715 2854 turbine

916 2873 936 2901 i.
961 2881 988 2901 e.
1013 2878 1078 2906 qua
1110 2870 1272 2899 celeritate
1308 2873 1338 2897 et
1368 2869 1507 2906 inipetu;
1550 2871 1597 2900 ita
1636 2880 1713 2901 nos:

918 2915 981 2946 wie
1007 2913 1064 2946 ein
1097 2913 1242 2945 Wetter.
1291 2915 1339 2944 Cf.
1367 2916 1424 2944 Sil.
1452 2914 1489 2953 4,
1514 2914 1579 2945 543
1606 2914 1716 2947 intor—

916 2971 1024 3004 quens
1046 2959 1177 2991 directo
1203 2958 1340 2990 turbine
1361 2959 1478 2991 robur.

961 3006 1038 3037 286.
1067 3004 1249 3043 Inachias,
1280 3007 1429 3043 Argivas
1459 3006 1520 3042 (cf.
1558 3006 1589 3046 7,
1615 3006 1716 3046 792),

917 3057 1069 3084 Graecas.
