2023 3350
276 149 357 189 268

273 259 507 314 Massylum
539 263 686 313 gentes
723 264 1037 316 praetentaque
1070 263 1266 318 Syrtibus
1303 279 1427 318 arva3

846 150 881 181 P.
909 150 1106 184 VIRGILII
1131 151 1343 186 MAROMS

272 317 364 357 Iam
402 317 575 357 tandem
607 318 760 359 Italiae
798 318 1002 372 fugientis
1038 321 1287 373 prendimus
1328 337 1439 365 oras.

272 374 366 414 Hac
406 373 593 414 Troiana
631 378 755 416 tenus
790 375 922 417 fuerit
962 376 1137 420 fortuna
1169 383 1327 421 secuta.

273 430 360 471 Vos
399 443 572 483 quoque
610 431 872 485 Pergameae
905 434 993 475 iam
1028 434 1093 475 fas
1134 439 1199 476 est
1231 450 1407 489 parcere
1444 438 1572 490 genti,

269 487 408 539 Dique
447 487 639 540 deaeque
676 502 840 541 omues,
890 490 1047 543 quibus
1079 491 1249 534 obstitit
1283 493 1412 535 Ilium
1451 498 1494 536 et
1528 495 1679 549 ingens

270 543 419 585 Gloria
451 540 710 587 Dardaniae.

270 601 472 642 Praescia
509 603 696 654 venturi,
742 603 818 655 da,
861 619 946 646 non
982 605 1176 648 indebita
1208 621 1339 660 posco

269 658 419 711 Regna
453 660 559 700 meis
597 660 717 712 fatis,
766 661 892 704 Latio
935 663 1155 705 considere
1193 664 1389 716 Teucro&

268 715 563 769 Errantesque
594 717 696 759 deos
732 719 984 773 agitataque
1021 721 1199 762 numina
1235 722 1398 763 Troiae.

268 772 376 813 Tum
411 773 583 815 Phoebo
623 778 665 816 eb
697 775 865 818 Triviae
903 777 1041 819 solido
1081 778 1134 820 de
1165 792 1381 820 marmore
1413 779 1621 833 templum

267 829 499 872 Instituam
537 831 755 885 festosque
791 833 880 875 dies
917 834 970 876 de
1004 835 1176 877 nomine
1205 835 1380 877 Phoebi.

269 887 326 928 Te
362 902 532 942 quoque
566 903 724 943 magna
761 895 936 933 manent
968 892 1111 946 regnis
1149 893 1391 946 penetralia
1428 893 1608 946 nostris3

266 943 348 985 Hic
381 958 458 998 ego
495 960 681 1000 namque
712 947 819 989 duas
858 952 996 990 sort-es
1028 963 1273 1004 arcanaque
1309 951 1414 1002 fata,

268 1001 397 1043 Dicta
431 1016 551 1044 meae

269 1058 414 1111 Alma,
453 1060 581 1102 viros.

312 1185 365 1216 60.
389 1189 576 1227 praetenta
602 1187 752 1229 syrtibus
776 1191 815 1220 cf.
843 1190 873 1227 3,
899 1189 974 1221 692.

314 1230 367 1261 61.
398 1230 526 1262 Italiae
538 1233 718 1274 fugientis
731 1234 947 1273 cf.3,496.—
964 1246 1068 1276 pren-

269 1275 402 1313 dimus,
440 1283 472 1307 ut
499 1279 690 1317 fugientem,
733 1286 782 1310 est
816 1284 995 1318 appellere;
1033 1287 1067 1312 ut

268 1331 445 1362 capessere
475 1330 544 1354 erat
577 1330 693 1355 terram
717 1327 862 1362 aliquam
887 1333 993 1363 petere
1026 1329 1090 1358 cf!

313 1412 365 1442 62.
398 1411 553 1444 Troiana
588 1415 735 1451 fortuna
777 1418 798 1446 i.
840 1426 866 1447 e.
914 1420 1064 1448 adversa.

266 1460 313 1488 Cf.
334 1461 408 1488 Hor.
426 1461 459 1489 C.
479 1460 508 1495 3,
522 1459 602 1496 3,61
627 1459 752 1491 Τνοὶαε
773 1471 958 1492 renascens
980 1462 1064 1493 alite

263 1502 409 1544 lugubri
439 1503 592 1535 Fortuna
621 1505 713 1537 tristi
742 1505 842 1537 clade
870 1506 1062 1539 iterabitur.

266 1565 310 1571 —-
340 1548 459 1580 Fuerit
483 1553 623 1587 optantis
647 1558 695 1582 est
717 1557 747 1582 et
771 1555 998 1583 coniunctivus
1024 1555 1064 1583 il·-

263 1595 329 1623 lius
355 1596 494 1630 perfecti.
516 1600 598 1632 (nied
622 1603 691 1627 erat
714 1597 742 1633 2,
763 1597 825 1627 325
845 1597 919 1636 fuit
946 1597 1062 1629 Ilium.

265 1642 336 1669 Iam
360 1647 430 1676 peto
452 1643 580 1673 finiatur
597 1645 739 1673 Troiana
760 1644 898 1682 fortuna,
925 1646 1063 1681 occipiat

264 1687 422 1716 Romana.

313 1731 365 1760 63.
391 1734 419 1761 Ii
445 1734 543 1763 etiam
568 1734 622 1768 dii.
647 1735 701 1769 qui
726 1735 963 1764 inimici-erant
984 1737 1062 1764 Tro-

264 1777 334 1811 iae;
382 1779 437 1807 ubi
460 1780 603 1808 maxime
627 1782 780 1810 Iunonem
809 1782 976 1817 intelligit,
1006 1782 1063 1810 sed

264 1823 380 1851 latiore
405 1825 504 1853 utitur
528 1825 683 1863 formula,
714 1835 802 1855 more
826 1828 991 1864 Romano,
1023 1836 1063 1856 ne

264 1869 348 1903 quod
376 1877 493 1898 numen
517 1871 651 1899 omittat.

307 1913 358 1941 6⁴.
391 1912 522 1952 Quibus
555 1913 686 1945 obstitit
724 1913 829 1945 Iliam
865 1914 985 1957 gloria
1023 1918 1061 1946 cf.

260 1959 319 1986 Sil.
350 1956 401 1991 17.
428 1959 494 1988 550
524 1959 722 1990 'I'antumne
746 1960 860 1991 obstat
881 1970 957 1991 mea
983 1960 1064 2003 glo-

259 2002 313 2032 ria
341 2002 442 2034 dicis.

309 2047 361 2078 65.
391 2047 600 2079 Dardaniae
625 2051 664 2080 cf.
688 2050 718 2088 2,
747 2050 823 2081 281.

309 2094 361 2123 (ili.
389 2093 435 2124 da
461 2096 498 2125 cf.
527 2094 557 2134 3,
584 2094 638 2125 85.
676 2113 714 2117 -
756 2095 813 2126 Da
843 2107 917 2128 cum
942 2099 998 2128 inf.
1027 2096 1057 2134 1,

306 2183 357 2214 67.
386 2187 494 2220 Neque
533 2187 597 2216 sibi
629 2188 692 2215 soli
727 2192 757 2216 et
790 2190 958 2227 Troianis,
1001 2193 1056 2219 sed

260 2230 322 2258 diis
352 2231 433 2265 ipsis
459 2232 557 2261 etiam
583 2234 675 2261 sedes
701 2234 778 2267 petit
803 2236 939 2270 quietas

305 2274 356 2304 69.
390 2273 546 2306 Phoebo.-
582 2279 710 2307 Alludit
741 2281 814 2315 Vgl.
856 2282 894 2310 ad
932 2282 1058 2317 magni-

256 2322 349 2351 ficum
379 2324 549 2360 templum,
584 2325 667 2358 quod
695 2324 866 2358 Augustus
895 2328 1059 2356 exstruxit

257 2368 407 2402 Apollini
444 2368 476 2395 in
513 2373 620 2397 monte
660 2370 826 2407 Palatium
876 2373 1056 2402 dedicatum

255 2420 339 2441 anno
363 2411 404 2440 37
420 2411 538 2449 (726).
559 2416 643 2443 Suet.
663 2413 716 2442 29.
741 2418 778 2444 In
802 2425 873 2445 eam
896 2426 961 2446 rem
985 2426 1056 2447 car-

256 2466 329 2487 men
353 2459 485 2493 scripsit
510 2460 585 2487 Hor.
616 2458 643 2495 1,
669 2457 722 2489 31.

300 2502 352 2532 7²¹.
375 2503 556 2543 festosque
581 2501 654 2533 (lies
679 2502 721 2533 de
739 2514 772 2534 n.
805 2503 939 2535 Phoebi.
972 2509 1055 2537 Ludi

258 2550 470 2583 Apollinares
499 2550 628 2586 magnis
655 2551 836 2585 sumptibus
868 2553 1051 2582 edebantur.

254 2595 327 2623 Liv.
364 2593 423 2627 25,
456 2592 504 2623 12.
549 2593 602 2632 27,
634 2593 687 2624 22³.
725 2599 824 2625 Macr.
851 2599 916 2625 Sat.
945 2596 982 2633 1,
1012 2596 1052 2626 17

257 2641 387 2668 ..Ludos
411 2636 640 2677 Apollinares,
674 2642 727 2675 qui
754 2644 929 2671 secundum
955 2652 1052 2677 quos-

254 2687 327 2713 dam
353 2685 525 2721 (Livium)
557 2688 641 2714 bello
673 2687 795 2716 Punico
827 2690 967 2716 secundo
1001 2690 1051 2717 in-

255 2731 358 2758 stituti
378 2734 468 2766 sunt,
502 2733 678 2760 secundum
703 2733 787 2761 alios
813 2736 953 2768 tempore
976 2736 1050 2763 Sul-

253 2777 328 2803 lano
349 2784 390 2804 ex
415 2784 571 2810 responso
591 2778 787 2806 Marciorum
805 2777 949 2811 fratrum.
972 2788 1050 2814 quo-

255 2829 325 2849 rum
354 2823 527 2849 exstabant
557 2823 719 2858 Sibyllina
749 2822 915 2852 oracllla.“
941 2827 971 2853 S.
1008 2841 1046 2845 —

249 2863 452 2894 instituam:
488 2868 537 2894 Ila
568 2869 642 2896 Yal.
670 2870 717 2896 Fi.
752 2866 787 2905 1,
814 2867 852 2896 15
894 2867 956 2897 Ille
988 2868 1051 2899 tibi

249 2908 430 2948 cultusque
461 2908 562 2940 deum
585 2910 798 2953 delubraque
818 2912 920 2952 genti
948 2912 1050 2944 Insti-

251 2958 333 2985 tuet.
381 2958 523 2985 Verbum
555 2958 694 2992 positum
725 2959 845 2994 duplici
871 2962 974 2989 relatu
1009 2962 1046 2990 cf.

253 2998 268 3027 1
307 2998 360 3030 78.

296 3042 349 3074 71.
373 3044 570 3085 penetralia
609 3057 754 3089 magna.
804 3051 854 3078 Ita
881 3051 940 3079 Ov.
973 3053 1046 3080 Met.

1863 269 1918 309 60

771 547 937 600 Tuque,
985 562 1009 590 o
1044 550 1317 591 sanctissima
1353 555 1484 603 vates,
1862 553 1915 591 65

1861 836 1915 875 70

584 1004 717 1058 genti,
760 1019 936 1059 ponam,
980 1007 1201 1061 lectosque
1235 1008 1429 1059 sacrabo,

640 1062 773 1104 Foliis
813 1066 984 1105 tantum
1022 1078 1075 1106 ne
1111 1065 1303 1108 carmina
1334 1063 1504 1116 manda,

1118 1190 1171 1230 14,
1198 1191 1262 1222 128
1294 1194 1428 1223 Aeneas
1456 1193 1603 1228 Sibyllae
1627 1191 1721 1221 dicit:
1766 1187 1912 1230 Templa

1115 1236 1178 1268 tibi
1204 1241 1376 1275 statuam,
1415 1236 1567 1268 tribuam
1602 1235 1665 1266 tibi
1691 1233 1781 1266 turis
1808 1232 1914 1264 hono-

1113 1291 1196 1312 rem.
1247 1285 1395 1320 Sibyllae
1423 1285 1558 1313 oracula
1585 1286 1718 1312 servata
1749 1281 1784 1310 in
1812 1282 1912 1316 Capi-

1113 1329 1201 1361 tolio.
1226 1337 1292 1359 una
1309 1338 1381 1359 cum
1409 1338 1444 1358 eo
1470 1337 1555 1358 anno
1581 1326 1646 1356 670
1670 1336 1700 1357 a.
1721 1335 1753 1356 u.
1779 1334 1908 1356 concre-

1112 1377 1300 1411 mabantur;
1336 1384 1436 1410 quare
1465 1382 1553 1404 nova
1579 1374 1666 1403 omni
1693 1382 1710 1402 e
1735 1376 1822 1401 terra
1843 1374 1911 1402 col-

1111 1421 1198 1449 lecta
1231 1425 1313 1449 sunt.
1369 1422 1488 1449 Postea
1518 1429 1559 1449 ex
1589 1420 1631 1447 iis
1660 1426 1743 1454 quae
1776 1419 1910 1452 placue-

1111 1470 1183 1494 rant
1207 1470 1349 1502 recepta,
1376 1466 1528 1495 crematis
1552 1465 1705 1502 reliquis,
1725 1464 1910 1501 Augustus,

1111 1513 1171 1539 sub
1201 1512 1369 1546 Apollinis
1398 1511 1546 1540 Palatini
1576 1514 1686 1539 statua
1719 1509 1815 1538 iussit
1854 1510 1911 1538 de-

1109 1556 1186 1591 poni
1212 1558 1296 1585 Suet.
1322 1558 1408 1593 Aug.
1432 1555 1484 1585 31.
1516 1557 1591 1585 Tac.
1618 1556 1682 1585 An.
1709 1554 1739 1592 6,
1762 1551 1816 1583 12.

1155 1599 1209 1630 72.
1234 1610 1404 1641 namque.-
1447 1603 1485 1631 de
1514 1603 1584 1631 loco
1615 1601 1654 1631 cf.
1681 1601 1720 1638 5,
1747 1597 1824 1628 733.
1867 1614 1906 1619 -

1113 1643 1227 1675 Sertis
1251 1655 1453 1686 arcanaque
1475 1646 1559 1684 fata
1591 1650 1666 1675 sum
1695 1647 1831 1675 oracula
1858 1644 1910 1673 Si-

1109 1693 1238 1728 byllae,
1269 1693 1344 1720 libri
1371 1693 1528 1728 Sibyllini
1552 1692 1607 1727 qui
1634 1691 1763 1727 magnis
1783 1691 1817 1719 in
1843 1691 1908 1719 rei-

1112 1738 1260 1771 publicae
1285 1738 1526 1766 calamitatibus
1551 1742 1606 1767 aut
1631 1737 1785 1772 periculis
1813 1736 1907 1765 iussu

1113 1784 1252 1811 Senatus
1278 1783 1550 1819 inspiciebantur3
1582 1783 1637 1818 qui
1664 1790 1791 1817 semper
1811 1788 1908 1810 sacra

1111 1827 1261 1857 facienda
1285 1837 1358 1857 esse
1386 1830 1582 1858 indicabant.
1614 1843 1652 1848 —
1689 1829 1751 1856 Sel
1775 1834 1816 1856 ea
1839 1827 1908 1856 fata

1111 1874 1218 1907 eloqui
1241 1874 1378 1903 vetitum
1410 1879 1494 1911 erat,
1530 1878 1562 1903 ut
1595 1881 1692 1908 quum
1726 1881 1801 1909 rege
1825 1873 1906 1901 'l’ar-

1110 1919 1220 1953 quinio
1244 1920 1396 1948 duumvir
1421 1928 1459 1948 ea
1491 1920 1569 1948 aliis
1599 1919 1811 1948 describenda
1841 1922 1906 1947 tra-

1110 1965 1261 2001 didisset,
1299 1967 1390 1994 culeo
1421 1965 1551 1993 insutus
1585 1964 1620 1993 in
1644 1971 1733 1993 mare
1760 1964 1905 1993 abiectus

1105 2010 1147 2038 sit
1172 2011 1246 2038 Val.
1272 2013 1315 2039 M.
1346 2009 1372 2047 1,
1402 2006 1428 2047 1,
1453 2008 1503 2038 13.
1536 2011 1629 2038 Dion.
1656 2011 1694 2038 H.
1724 2007 1755 2046 4,
1780 2007 1833 2037 62.

1151 2053 1204 2083 73.
1232 2053 1312 2084 lecti
1332 2053 1410 2084 viri.
1458 2056 1648 2090 Antiquitus
1674 2058 1766 2084 erant
1790 2056 1905 2083 duum-

1104 2100 1171 2129 viri
1193 2101 1298 2130 saeris
1324 2101 1485 2130 faciundis
1506 2101 1633 2136 patricii
1659 2101 1697 2129 cf.
1716 2101 1809 2129 Dion.
1824 2101 1845 2128 l.
1860 2101 1901 2135 l.;

1104 2148 1160 2174 sed
1196 2154 1217 2174 a
1243 2147 1352 2175 Sextio
1385 2151 1413 2175 et
1442 2147 1570 2175 Licinio
1600 2145 1737 2174 tribunis
1773 2149 1901 2174 cautum

1102 2191 1179 2226 fuit,
1209 2196 1243 2220 ut
1267 2192 1440 2220 decemviri
1464 2189 1574 2220 sacris
1601 2187 1788 2228 faciundis
1811 2198 1904 2219 crea-

1103 2241 1229 2273 rentur,
1267 2237 1406 2272 quinque
1446 2241 1586 2271 patrum,
1620 2236 1760 2270 utrinque
1796 2236 1903 2270 plebis

1104 2282 1178 2310 Liv.
1211 2280 1246 2317 6,
1275 2280 1326 2310 37.
1381 2284 1498 2310 Eorum
1529 2281 1631 2310 officia
1664 2282 1753 2310 docet
1782 2279 1839 2317 10,
1868 2279 1900 2310 8.

1103 2327 1135 2355 A
1169 2329 1262 2355 Sulla
1297 2328 1370 2355 inde
1405 2330 1495 2356 erant
1530 2326 1779 2361 quindecimviri
1807 2328 1899 2355 Serv.

1103 2373 1144 2400 ad
1165 2375 1194 2400 h.
1216 2374 1237 2400 l.
1288 2373 1379 2401 Unde
1405 2376 1452 2401 est
1474 2372 1764 2407 quindecimvirale
1789 2379 1900 2400 sacer-

1103 2417 1222 2445 dotium
1247 2419 1321 2446 Tac.
1348 2418 1390 2446 A.
1422 2415 1472 2446 11.
1500 2415 1550 2445 11.
1581 2416 1631 2452 16,
1661 2415 1712 2445 22.
1750 2417 1797 2446 Cf.
1816 2418 1897 2445 Gell.

1101 2459 1132 2499 1,
1164 2461 1213 2490 19.
1243 2463 1341 2492 Alex.
1367 2465 1407 2491 ab
1434 2464 1487 2491 Al.
1514 2461 1544 2499 3,
1570 2471 1597 2492 c.
1626 2461 1674 2491 16.

1148 2505 1201 2535 74.
1233 2505 1407 2546 Tantum,
1441 2513 1475 2537 ut
1499 2513 1643 2537 nostrum
1673 2515 1741 2536 nur
1765 2508 1899 2542 saepius

1099 2556 1148 2581 est
1173 2554 1312 2587 optantis
1335 2559 1368 2582 ut
1392 2552 1422 2587 S.
1448 2552 1501 2582 78.
1534 2569 1572 2573 -
1606 2550 1785 2589 Carmina,
1813 2553 1899 2581 vati-

1099 2598 1204 2634 cinia,
1235 2602 1267 2626 ut
1295 2597 1324 2632 3,
1350 2596 1426 2627 445.
1462 2601 1527 2628 Ecl.
1555 2596 1586 2634 4,
1612 2596 1630 2626 4
1669 2595 1800 2626 Ultima
1830 2596 1897 2627 Cu-

1097 2641 1191 2672 maei
1217 2642 1309 2673 venit
1334 2641 1404 2673 iam
1425 2641 1594 2673 carminis
1618 2645 1728 2672 ποίας.
1764 2643 1838 2671 Liv.
1867 2640 1897 2679 1,

1099 2686 1151 2717 45.
1175 2690 1217 2717 al.
1273 2687 1421 2718 Carmen
1449 2694 1555 2719 autem
1579 2693 1627 2717 est
1652 2696 1743 2717 omne
1766 2689 1895 2723 dictum,

1098 2736 1179 2768 quod
1207 2739 1294 2763 certa
1325 2735 1429 2763 forma
1463 2739 1649 2768 conceptum
1681 2737 1744 2768 esu
1786 2733 1895 2767 itaque

1097 2786 1229 2808 carmen
1263 2784 1310 2809 est
1338 2789 1423 2808 unus
1446 2788 1564 2809 versus
1590 2783 1620 2807 et
1643 2782 1740 2806 tolum
1769 2786 1893 2816 poema,

1097 2833 1195 2859 quum
1227 2830 1311 2854 certo
1338 2830 1436 2854 metro
1467 2826 1510 2854 sit
1533 2823 1763 2859 compositum,
1790 2828 1819 2852 et
1846 2828 1894 2853 esi

1096 2872 1280 2907 oraculum,
1326 2877 1410 2904 quae
1448 2874 1534 2899 certa
1569 2869 1708 2903 quadam
1754 2868 1894 2898 formula

1097 2915 1348 2951 proferebantur,
1373 2919 1401 2943 et
1423 2915 1534 2944 titulus
1558 2914 1596 2943 cf.
1625 2911 1654 2950 3,
1681 2911 1756 2942 287.
1782 2917 1811 2942 et
1836 2917 1891 2943 lex

1096 2961 1168 2988 Liv.
1196 2957 1226 2996 1,
1253 2958 1305 2989 26.
1349 2958 1379 2997 3,
1403 2957 1455 2989 64.
1497 2961 1563 2989 Cic.
1588 2959 1686 2994 Legg.
1715 2957 1746 2994 2,
1773 2956 1827 2996 23,
1849 2957 1891 2988 59

1098 3002 1327 3034 Disccbamus
1360 3003 1450 3034 enim
1479 3001 1582 3044 pueri
1606 3000 1788 3032 duodecim
1823 3004 1894 3039 [ta-—

1093 3051 1210 3086 bulas]
1237 3052 1275 3080 ut
1305 3058 1443 3080 carmen
1467 3045 1718 3087 necessarium,
1751 3054 1781 3079 et
1807 3055 1891 3080 certa
