2023 3350
655 124 717 158 DE
747 125 1044 158 HEXAMETRO
1069 126 1274 160 VIRGILII.
1701 123 1780 163 651

258 248 324 276 Αη.
373 247 442 276 noc
468 246 544 274 loco
572 245 710 280 vulgata
733 247 830 276 etiam
854 245 960 281 magis
983 246 1196 282 improbatur,
1229 245 1314 280 quod
1341 241 1447 279 quarti
1476 241 1570 278 pedis
1594 239 1700 270 tnesis
1724 247 1786 275 po-

145 292 232 322 nitur
258 295 393 328 syllaba.
415 291 544 320 debilis.
573 296 605 319 ut
630 291 874 323 infirmissimus
900 292 1002 322 totius
1028 300 1151 322 versus
1179 300 1239 327 pes
1269 293 1367 327 plane
1389 292 1532 319 corruat.
1580 288 1785 323 Quamquam

145 339 203 368 atil
230 344 348 375 poetae
373 339 480 368 minus
506 337 638 372 quidem
662 338 709 368 illi
735 340 767 369 in
793 343 895 369 metro
924 339 1132 369 haesitantes
1163 341 1242 370 talia
1273 337 1347 367 ausi
1373 340 1460 366 sunt.
1503 334 1560 364 sic
1587 334 1706 364 catull.
1731 331 1787 370 64,

148 412 212 443 186
238 384 337 443 milla
359 419 436 461 spes
451 431 459 440 .
479 433 487 441 .
509 435 516 441 .
563 412 621 441 Sil.
646 415 683 451 X,
711 410 776 444 123
800 385 895 447 tgrra
919 414 1057 458 spicula
1083 439 1090 447 .
1107 439 1115 446 .
1131 438 1138 446 .
1173 417 1316 447 Maniai.
1332 418 1371 455 V,
1395 414 1450 454 70,
1477 412 1498 443 3
1521 411 1689 456 gladium
1716 411 1788 443 Ro-

144 457 252 490 manii
275 456 423 498 stringas
448 455 483 487 in
503 466 580 488 ora.

260 557 426 591 Addendi
461 562 544 591 sunt
583 558 649 591 loci
684 559 745 593 ubi
781 572 849 603 que
884 561 1090 604 producitur
1127 561 1197 594 arsi
1229 559 1271 593 cf.
1301 561 1336 601 §-
1370 561 1401 593 9.
1437 563 1470 593 et
1499 560 1613 602 iungit
1646 559 1789 592 nomina

145 616 300 660 propria:
360 616 460 655 V1113
497 617 562 648 425
594 615 820 661 Brontesque
843 619 1093 663 Steropesque.
1142 619 1198 652 Sic
1227 618 1267 651 G.
1294 619 1327 657 1,
1353 618 1418 651 370
1444 617 1609 660 Eurique
1649 617 1788 661 Zephy-

144 675 261 717 rique.
311 674 379 712 lv,
412 675 478 708 336
514 675 725 719 Drymoque
761 675 991 720 Xanthoque.
1040 676 1083 709 A.
1108 678 1173 717 IV,
1211 677 1273 709 146
1310 676 1502 718 Cretesque
1545 676 1789 720 Dryopesque.

146 731 210 774 lx,
233 732 298 765 767
321 731 609 775 Naeomonaque
634 733 912 778 Prytanimque.
962 736 1041 775 XII,
1069 735 1134 768 443
1158 734 1394 776 Antheusque
1419 733 1706 775 Mnestheusque.

261 802 335 834 Iam
381 801 450 835 duo
492 806 627 836 restant
664 803 752 841 loci,
793 803 829 836 in
862 803 992 846 quibus
1023 803 1157 848 syllaba
1190 809 1242 838 est
1273 803 1389 837 brevis
1417 803 1458 843 V,
1489 803 1552 836 143
1585 804 1792 844 rostrisque

143 858 404 897 stridentibus:
430 860 492 893 sed
518 860 553 892 in
579 861 667 893 Mss.
694 861 838 905 optimis
864 867 917 894 est
943 862 1181 903 tridentibus,
1221 861 1315 904 quod
1338 861 1408 904 ipsi
1437 861 1516 894 loco
1547 861 1676 904 aptius.
1723 860 1791 892 Re-

147 919 214 949 stat
238 916 344 959 Igitur
376 927 470 950 unus
502 917 602 950 locus
633 923 765 951 certus:
800 919 859 952 XI.
886 921 952 953 309
977 920 1116 952 Ponite.
1165 920 1250 962 Spes
1280 920 1351 952 sibi
1383 921 1552 962 quisque,
1597 917 1659 951 ubi
1690 918 1791 959 signo

144 972 357 1017 interposito
384 980 417 1008 et
440 975 538 1008 finita
563 978 738 1011 sententia
765 977 813 1020 fit,
837 982 875 1011 ut
897 987 1016 1011 vocem
1044 978 1328 1011 intermittamus
1377 978 1500 1020 Itaque
1524 977 1569 1013 X.
1595 977 1660 1009 313
1685 985 1791 1008 aerea

144 1034 264 1073 scuta,
291 1032 385 1075 quod
408 1039 461 1066 est
485 1034 521 1066 in
548 1035 618 1069 Pal.
642 1035 713 1068 iam
739 1035 783 1069 ob
809 1041 962 1069 metrum
986 1034 1134 1069 iuferius
1160 1040 1213 1069 est
1235 1034 1335 1069 alteri
1361 1045 1467 1068 aerea
1487 1038 1585 1074 suta,
1618 1033 1716 1076 quod
1740 1039 1794 1067 est

147 1088 184 1121 in
209 1088 302 1122 Med.
329 1091 431 1123 Rom.

259 1159 309 1192 Ex
336 1159 541 1202 virgilianis
568 1167 668 1196 sunt:
693 1163 784 1196 Ciris
811 1164 873 1196 130
897 1161 972 1194 Nec
988 1161 1123 1203 saer-at
1143 1164 1216 1194 nisi
1239 1161 1376 1206 Scylla.
1417 1162 1524 1195 Culex
1551 1163 1616 1196 194
1635 1162 1794 1195 Horrida

146 1220 334 1260 squamosi
383 1218 563 1252 volventia
604 1221 764 1252 membra
809 1220 990 1252 draconis.
1039 1220 1166 1252 Morel.
1207 1220 1248 1252 36
1273 1220 1445 1252 calcanea
1484 1223 1610 1253 scissa.
1659 1221 1698 1253 ln
1740 1219 1795 1253 his

147 1274 316 1309 omnibus
342 1275 458 1309 brevis
484 1281 540 1310 est
565 1277 708 1315 vocalis:
755 1282 790 1310 et
814 1278 865 1310 sic
893 1278 1038 1310 omnino
1064 1282 1188 1319 poetae
1220 1276 1331 1309 multo
1358 1278 1498 1320 saepius
1522 1277 1663 1311 brevem
1689 1287 1793 1320 quam

147 1332 288 1376 longam
327 1333 459 1367 faciunt
491 1334 678 1378 syllabam,
724 1341 762 1368 ut
801 1335 1016 1378 Propertius,
1053 1336 1234 1375 Horatius,
1268 1334 1415 1367 Ovidius
1450 1335 1589 1377 longam
1621 1335 1795 1378 syllabam

146 1390 333 1424 admittant
355 1401 551 1436 nunquam,
580 1393 770 1435 aliquando
794 1392 953 1429 brevem:
980 1391 1141 1425 Catullus
1167 1402 1237 1425 uno
1264 1391 1341 1424 loco
1357 1401 1463 1434 supra
1478 1392 1603 1430 allato:
1630 1393 1797 1426 Tibullus

147 1458 219 1482 uno
256 1448 333 1482 loco
372 1451 398 1490 1,
421 1450 453 1490 5,
478 1451 519 1483 ‘28
549 1461 617 1493 pro
650 1441 785 1494 segete?
801 1452 922 1493 spicas
955 1450 990 1481 in
1031 1449 1120 1481 arsi:
1169 1450 1335 1481 Lucanus
1361 1450 1469 1482 semel
1497 1451 1536 1488 V,
1568 1452 1631 1483 118
1662 1453 1797 1494 quippe

147 1507 299 1540 stitnulo
325 1508 360 1540 in
383 1509 469 1545 arsi;
496 1508 605 1541 semel
629 1509 814 1541 Lucretius
842 1509 867 1546 Ι,
884 1508 950 1540 390
973 1507 1158 1549 ίὐιιιμ1ει·ἐ
1173 1508 1336 1549 spatium
1362 1508 1397 1540 in
1427 1508 1508 1547 arsi,
1535 1518 1646 1551 quum
1674 1508 1800 1541 audeat

146 1566 205 1607 V1,
231 1566 294 1600 194
320 1566 585 1609 speluncasque
621 1566 718 1598 velut
749 1567 854 1598 saxis
880 1565 1121 1608 pendentibus
1156 1568 1321 1597 structas
1351 1570 1384 1598 et
1410 1576 1439 1598 v.
1464 1566 1530 1599 943
1564 1567 1688 1609 guttis
1719 1576 1797 1598 ma-

148 1624 320 1656 nantibus
338 1623 492 1657 stillent.
546 1625 632 1658 1186
656 1623 794 1656 Tenuiii
810 1626 932 1666 sputa.

261 1692 352 1726 Sunt
377 1694 478 1726 etiam
504 1693 673 1726 nonnulla
699 1691 882 1729 vocabula,
912 1697 951 1724 ut
971 1692 1204 1735 smaragdus,
1232 1691 1466 1734 Scamander,
1494 1692 1708 1737 Zaeyrzlhus
1742 1692 1798 1733 al.,

149 1761 237 1794 quae
261 1751 377 1784 versui
406 1761 478 1784 non
505 1755 657 1793 possunt
681 1750 804 1793 aptari,
830 1749 898 1782 nisi
921 1748 1038 1782 brevis
1059 1749 1234 1783 antecedit
1262 1750 1404 1794 syllaba.

264 1832 300 1873 2)
326 1833 426 1865 Muta
451 1841 530 1864 cum
560 1830 693 1873 liquida
718 1830 747 1863 si
775 1829 906 1873 primae
930 1834 1013 1862 sunt
1050 1832 1145 1865 vocis
1176 1836 1430 1871 consonantes,
1466 1830 1607 1865 brevem
1633 1831 1801 1871 vocalem,

151 1899 240 1933 quae
266 1889 397 1923 claudit
420 1899 539 1924 vocem
565 1889 841 1930 antecedentem,
882 1887 975 1931 apud
1003 1889 1190 1932 Virgilium
1216 1889 1415 1932 producunt
1438 1899 1637 1932 nunquam:
1685 1899 1801 1933 neque

152 1949 246 1982 enim
271 1949 315 1989 X,
342 1949 383 1982 88
415 1949 483 1981 tibi
507 1950 643 1990 flua-as,
670 1950 683 1980 i
707 1946 854 1990 longum
883 1950 936 1979 est
961 1945 1005 1979 ob
1031 1951 1221 1990 sequentes
1246 1949 1283 1988 11.
1314 1947 1370 1979 Sic
1395 1947 1454 1986 IX,
1481 1947 1546 1980 732
1572 1947 1801 1980 Hom-endum

151 2008 317 2046 sonuere,
343 2009 508 2039 tremunt
531 2008 565 2038 ιή
594 2006 729 2038 vertis-«3
753 2007 900 2037 cristae.
950 2005 1091 2037 Fecerat
1118 2004 1154 2036 id
1183 2004 1256 2036 Cal.
1275 2005 1307 2043 4,
1333 2005 1353 2036 9
1370 2004 1595 2047 Propontidi}
1621 2007 1803 2036 trucemve

152 2065 346 2097 Ponticum
383 2066 504 2096 sinum
540 2068 573 2096 et
603 2074 633 2099 v.
665 2064 705 2096 18
732 2064 949 2106 impotentia
962 2061 1070 2103 freta
1097 2063 1152 2102 29,
1177 2064 1197 2096 4
1226 2062 1356 2095 ultima
1382 2062 1582 2095 Britannia
1622 2062 1658 2094 in
1698 2071 1802 2095 versu

150 2122 302 2163 senario,
329 2121 371 2154 al.

267 2190 416 2232 Quando
444 2195 562 2223 autem
589 2191 624 2223 iu
655 2190 775 2223 eadem
801 2199 884 2222 voce
916 2195 1001 2222 sunt
1036 2195 1134 2223 muta
1174 2194 1208 2223 et
1248 2190 1403 2233 liquida,
1446 2190 1578 2234 syllaba
1617 2190 1733 2226 brevis
1771 2199 1805 2227 et

154 2254 292 2283 constat
318 2258 422 2292 saepe
453 2254 487 2282 et
510 2252 678 2281 mutatur.
727 2249 799 2281 Nec
843 2248 992 2288 mirum,
1036 2248 1210 2291 siquidem
1254 2249 1383 2292 positio
1413 2248 1508 2291 apud
1534 2250 1804 2292 antiquissimos

153 2309 333 2341 Romanos
361 2307 505 2340 omnino
531 2305 617 2339 nihil
643 2304 781 2339 valebat
807 2305 850 2339 cf.
871 2306 929 2338 Gr.
945 2306 977 2347 §-
997 2306 1052 2340 58.
1103 2306 1191 2339 Sunt
1217 2311 1333 2340 autem
1363 2306 1457 2350 apud
1484 2308 1632 2340 Latinos
1649 2308 1804 2351 liquidae

157 2375 244 2408 quae
273 2365 536 2398 antecedentem
562 2362 731 2407 syllabam
757 2374 827 2397 non
852 2368 999 2403 mutant,
1027 2368 1163 2396 tantum
1191 2364 1206 2396 l
1230 2368 1263 2397 et
1289 2375 1324 2403 r,
1363 2374 1433 2396 non
1460 2375 1491 2396 m
1517 2370 1551 2397 et
1576 2376 1609 2398 n.
1661 2366 1805 2411 Cycnus

155 2429 290 2462 tamen,
341 2429 381 2456 ut
411 2429 465 2456 est
498 2433 552 2466 ap.
578 2421 654 2465 Vgl.
687 2428 722 2455 et
747 2423 822 2459 ov..
849 2432 902 2465 ap.
926 2422 1013 2454 Hor.
1043 2422 1077 2454 C.
1112 2423 1144 2460 4,
1176 2421 1207 2461 2,
1237 2421 1280 2455 25
1315 2426 1368 2455 est
1399 2426 1535 2466 c5enus
1567 2427 1600 2455 et
1628 2424 1668 2463 4,
1700 2426 1732 2463 3,
1760 2427 1804 2459 20

155 2483 290 2527 οῇ-οηιιε
315 2488 348 2515 et
373 2491 427 2524 ap.
454 2482 556 2514 Mart.
585 2482 637 2514 14.
668 2481 743 2521 161,
767 2481 786 2513 2
816 2483 951 2524 efferens
977 2484 1010 2513 et
1035 2481 1067 2519 9,
1095 2480 1169 2520 103,
1196 2480 1215 2512 2
1239 2481 1382 2524 c5cnus.
1407 2480 1532 2523 (Talia,
1559 2481 1661 2524 quale
1683 2488 1737 2517 est.
1762 2484 1805 2516 ob

152 2560 198 2565 -
222 2542 329 2584 repit,
350 2548 490 2582 semper
508 2539 611 2582 longa
636 2540 747 2581 suut.)

156 2679 235 2713 XII,
262 2678 327 2711 130
353 2676 524 2710 redinant

155 2736 237 2775 XII,
263 2735 330 2767 924
355 2733 507 2767 recludit
521 2733 563 2768 cf.
582 2735 643 2775 lx,
661 2735 738 2767 423.
768 2734 808 2767 G.
828 2733 884 2773 lv,
901 2732 956 2766 52.
1005 2733 1045 2764 G.
1072 2733 1117 2772 11,
1145 2734 1208 2766 175
1235 2731 1413 2767 recludere

156 2794 219 2834 111,
250 2793 314 2825 647
348 2791 524 2836 C5clopas
1003 2791 1062 2831 VI,
1088 2791 1153 2823 630
1177 2790 1371 2835 Cffclopum

155 2855 210 2894 11,
251 2852 313 2885 741
347 2850 464 2884 reflexi
496 2849 538 2883 cf.
570 2849 619 2890 X,
648 2850 725 2884 535.
766 2850 842 2883 632.
891 2850 958 2889 XI,

251 2910 329 2944 622.

156 2970 218 3010 IX,
243 2970 286 3002 32
313 2966 431 3000 renuit
453 2964 494 2999 cf.
520 2965 560 2997 G.
588 2966 648 3005 IV,
674 2966 751 2999 262.

159 3027 200 3061 G.
228 3028 280 3069 11,
310 3026 377 3059 235
410 3019 551 3068 repletis
584 3023 628 3057 cs.
654 3022 698 3056 Α.
725 3025 775 3065 ll,
799 3025 875 3057 679.
918 3024 959 3065 V,
1003 3022 1066 3062 XI,
1088 3023 1154 3055 380
1178 3022 1343 3066 replenda

252 3085 330 3118 806.
1008 3081 1070 3122 ΧΙ,
1100 3082 1162 3114 140
1187 3081 1300 3125 replet
