2023 3350
763 91 1000 126 AENEIDOS
1027 94 1114 126 LIB.
1141 95 1181 127 V.

155 205 357 256 Quamvis
396 204 514 247 solus
551 218 674 247 avem
709 205 830 247 caelo
869 205 1024 248 deiecit
1061 205 1116 248 ab
1154 206 1258 248 alto.

150 263 379 305 Proximus
416 262 659 316 ingreditur
693 262 833 315 donis,
870 264 944 318 qui
981 264 1152 305 vincula
1185 264 1326 317 rupit3

148 321 400 372 Extremus,
447 320 612 361 volucri
645 320 720 374 qui
759 319 854 362 fixit
889 321 1099 363 arundine
1137 321 1312 363 malum.

264 378 323 419 At
361 380 488 431 pater
523 377 692 419 Aeneas
733 378 925 420 nondum
960 379 1195 421 certamine
1233 379 1364 420 misso

150 434 386 477 Custodem
422 434 479 476 ad
521 448 613 476 sese
646 435 931 489 comitemque
967 436 1154 490 impubis
1189 436 1272 478 Iuli

149 493 366 547 Epytiden
402 495 549 544 vocat,
592 495 635 534 et
668 493 800 534 fidam
839 494 900 535 sic
939 493 1058 535 fatur
1096 494 1152 535 ad
1187 507 1356 535 aurem:

148 550 270 592 Vade
308 563 390 604 age
420 553 463 591 et
500 550 702 602 Ascanio,
749 551 785 592 si
821 550 909 592 iam
947 551 1112 605 puerile
1145 554 1347 604 paratum

148 608 315 662 Agmen
348 607 481 650 habet
519 621 662 650 secum
701 620 935 662 cursusque
963 609 1170 650 instruxit
1201 620 1422 662 equorum,

147 666 292 708 Ducat
323 680 404 708 avo
438 669 604 707 turmas
644 669 686 708 et
724 680 816 707 sese
854 666 1056 708 ostendat
1088 666 1133 707 in
1169 666 1302 708 armis

423 723 522 777 Ipse
559 736 728 765 omnem
764 723 894 777 longo
930 723 1138 765 decedere
1179 723 1293 765 circo

148 723 247 776 Dic,
290 723 364 765 ait.

1713 666 1795 704 550

147 781 345 823 Infusum
385 780 593 835 populum
629 784 671 822 et
708 795 886 835 campos
922 781 1044 823 iubet
1081 794 1172 822 esse
1212 782 1423 835 patentes.

147 838 360 881 Incedunt
391 838 516 893 pueri
552 838 805 893 pariterque
844 842 946 881 ante
986 853 1064 881 ora
1096 841 1324 893 parentum

148 1002 418 1040 significationem
450 1004 619 1039 exemplis
644 1006 779 1039 probare
817 1007 952 1033 conatur

152 1057 217 1078 non
243 1049 339 1084 aptis.
393 1046 456 1078 Rb.
481 1050 534 1078 dat
560 1047 703 1081 honore.
739 1050 821 1084 quod
845 1053 894 1078 est
918 1049 950 1077 in

153 1091 214 1131 Pl,
236 1091 362 1124 honori
384 1095 417 1123 in
440 1093 626 1133 MP2Rybc.

151 1182 170 1214 4
195 1137 272 1169 542.
304 1137 474 1179 Quamvis
504 1149 530 1170 c.
564 1140 742 1170 indicativo
774 1139 814 1169 cf.
846 1141 897 1168 Gr.
929 1139 951 1174 §

178 1183 217 1214 14
244 1187 309 1215 NB.

275 1262 493 1294 545—603.
542 1260 666 1294 Ludus
699 1260 833 1293 Troiae.

198 1322 310 1351 Ludus
349 1325 495 1357 equester
532 1322 684 1350 edebatur
717 1328 738 1349 a
774 1320 952 1349 iuvenibus

151 1367 299 1403 patriciis
320 1360 566 1405 (εὐπατρίδας
593 1368 654 1396 Dio
688 1358 844 1404 εὐγενεῖς
866 1367 950 1395 Plut.

151 1413 268 1451 dicit),
309 1413 364 1448 qui
389 1413 556 1441 dicebatur
586 1417 616 1441 et
646 1413 743 1441 ludus
773 1413 890 1441 Troiae
923 1415 953 1441 et

150 1459 249 1487 Troia
283 1462 311 1488 et
345 1459 461 1487 Troiae
493 1458 658 1494 decursim
697 1458 730 1486 in
762 1466 863 1492 eoque
899 1458 952 1486 illi

150 1504 290 1534 iuvenes
352 1504 518 1539 equitandi
577 1508 678 1533 artem
739 1505 951 1532 ostentabant.

150 1551 246 1580 Sulla
291 1550 389 1579 edidit
425 1541 492 1587 τὴν
534 1541 709 1589 παιδικὴν
751 1544 812 1577 καὶ
849 1543 954 1588 ἱερὰν

150 1590 414 1634 ἱπποδρομίαν,
438 1587 484 1635 ἣν
507 1591 661 1623 καλοῦσι
693 1588 832 1632 Τροίαν
866 1595 951 1623 Plut.

151 1640 220 1671 Cat.
256 1641 334 1670 Min.
369 1639 388 1669 3
424 1645 482 1671 etc.
541 1642 591 1669 Ex
623 1647 662 1669 ea
695 1640 884 1669 narratione
922 1644 954 1669 et

151 1694 282 1717 sacrum
317 1687 424 1716 fuisse
456 1689 541 1716 hunc
578 1687 690 1715 ludum
723 1689 753 1715 et
783 1686 953 1720 antiquum

151 1737 302 1769 apparet3
338 1740 534 1768 quamquam
568 1737 695 1767 praeter
727 1734 812 1761 hunc
846 1733 953 1761 locum

151 1787 214 1807 non
240 1779 363 1813 reperio
390 1779 511 1814 alium,
551 1786 628 1815 quo,
670 1782 843 1812 antequam
866 1778 953 1806 lulla

152 1832 232 1861 gens
259 1832 366 1853 rerum
398 1824 499 1859 potita
530 1828 596 1860 est,
633 1823 685 1853 liic
720 1824 817 1852 ludus
859 1825 954 1852 datus

157 1878 232 1899 esse
267 1872 425 1898 narretur.
496 1871 561 1898 Sub
607 1869 856 1904 imperatoribus
894 1876 953 1898 au-

154 1918 233 1952 tem,
269 1915 412 1944 maxime
448 1914 554 1950 gentis
593 1915 714 1951 Iuliae,
758 1915 952 1949 saepissime

153 1962 306 1990 edebatur
333 1961 372 1990 cf.
406 1960 498 1989 Caes.
526 1957 579 1988 39.
617 1961 682 1989 Oct.
710 1957 763 1988 43.
803 1961 872 1989 Cal.
904 1958 952 1988 18.

154 2007 268 2036 Claud.
292 2004 343 2034 21.
382 2008 455 2034 Ner.
481 2003 511 2033 7.
551 2006 626 2034 Tac.
653 2005 694 2034 A.
725 2003 781 2039 11,
809 2002 862 2034 11.
916 2007 955 2033 Et

154 2052 316 2087 imprimis
350 2052 523 2088 Augustus
561 2051 699 2086 „Troiae
734 2052 846 2079 ludum
886 2051 953 2079 edi-

154 2099 199 2126 dit
230 2098 512 2132 frequentissime,
546 2097 705 2125 maiorum
731 2096 954 2130 minorumque

154 2145 294 2180 delectu,
343 2143 443 2177 prisci
489 2142 658 2177 decorique
700 2142 798 2170 moris
837 2141 953 2170 existi-

154 2197 249 2219 mans
288 2191 397 2218 clarae
436 2188 550 2223 stirpis
591 2188 731 2216 indolem
773 2187 821 2215 sic
862 2191 952 2215 note—

156 2233 279 2265 scere‚“
330 2236 415 2263 Suet.
455 2235 521 2263 Oct.
566 2231 620 2262 43.
700 2234 806 2267 Quare
849 2233 954 2260 Iuliae

155 2282 243 2316 genti
273 2281 437 2315 proprium
462 2279 567 2308 fuisse
599 2279 725 2307 videtur
757 2281 816 2307 hoc
849 2283 952 2307 certa-

155 2335 240 2363 men,
264 2327 348 2360 quod
372 2326 470 2354 etiam
494 2334 511 2353 e
535 2325 663 2354 nomine
686 2325 802 2352 Troiae
826 2324 855 2352 fit
880 2332 952 2358 pro-

156 2372 273 2401 babile.
322 2372 430 2406 Atque
456 2375 557 2399 artem
586 2375 700 2405 poetae
729 2370 953 2405 intelligimus,

157 2418 212 2452 qui
246 2418 351 2445 Iulum
386 2417 524 2451 primum
556 2416 679 2445 lusisse
710 2415 803 2444 illum
834 2415 955 2443 Iulium

158 2464 269 2492 ludum
303 2462 476 2491 tradiderit.
532 2463 613 2490 Eum
647 2463 757 2490 ludum
792 2461 955 2497 describit,

157 2512 191 2537 ut
222 2512 331 2543 poeta,
363 2508 461 2536 etiam
484 2508 686 2536 Claudianus
715 2508 752 2536 de
786 2507 841 2535 IV.
868 2514 955 2535 cons.

158 2556 241 2583 Hon.
268 2551 433 2581 539—41
463 2557 493 2581 et
524 2554 561 2582 de
587 2554 643 2581 Vl.
669 2561 757 2581 cons.
784 2554 864 2580 Hon.
890 2549 951 2580 621

162 2615 199 2620 -—
215 2597 290 2627 639.
323 2615 359 2618 —
396 2599 487 2627 Adde
516 2600 589 2627 Sen.
611 2599 725 2626 Troad.
750 2595 825 2626 731.
876 2599 956 2626 Sue-

160 2646 267 2675 tonius
294 2645 449 2681 originem
474 2644 572 2673 huius
604 2644 672 2672 ludi
711 2643 895 2679 „expressit
928 2643 962 2671 in

160 2692 243 2720 libro
282 2692 319 2719 de
360 2697 529 2725 puerorum
571 2688 732 2717 lusibus.“
783 2689 830 2717 Cf.
869 2690 961 2717 Serv.

158 2739 199 2766 ad
238 2745 270 2765 v.
313 2734 389 2764 60⁶2.
464 2732 588 2763 (iocbcl
633 2731 747 2762 Diircn
799 2732 877 2762 1851
926 2735 963 2762 de

158 2783 275 2812 Troiae
300 2783 374 2811 ludo
398 2780 643 2810 accuratissime
669 2780 802 2814 scripsit
831 2788 961 2808 omnes-

160 2837 221 2864 que
251 2833 374 2865 motus‚
408 2827 463 2861 qui
493 2831 569 2855 sunt
594 2833 644 2860 ap.
671 2826 767 2863 VgL,
804 2826 958 2860 depinxit.

165 2889 202 2894 —-
234 2875 275 2903 Ut
298 2876 358 2902 hoc
388 2875 458 2902 loco
482 2873 578 2900 ludus
609 2873 746 2900 habetur
777 2871 809 2899 in
843 2871 959 2900 mortui

161 2921 312 2949 honorem
336 2918 395 2954 [cf.
421 2916 527 2954 550),
557 2918 606 2946 sic
632 2917 763 2946 omnino
789 2916 822 2945 in
846 2917 959 2946 funere

162 2965 290 2994 videtur
323 2973 397 2994 esse
439 2964 581 2993 habitus.
647 2964 739 2991 Certe
774 2962 839 2991 iam
875 2963 961 2997 apud

165 3011 337 3040 Homerum
369 3013 418 3040 est
455 3017 607 3040 curruum
639 3003 796 3038 decu‘rsus
835 3010 874 3037 Il.
906 3006 961 3045 23,

1000 1000 1052 1032 13.
1101 1005 1139 1031 Et
1163 1001 1372 1032 decursiones
1398 1000 1519 1029 circum
1543 1006 1655 1034 rogum
1678 1006 1796 1027 memo-

998 1053 1112 1077 rantur
1143 1045 1200 1084 11,
1230 1045 1303 1075 189.
1354 1046 1486 1075 Similes
1517 1048 1591 1073 sunt
1621 1044 1706 1081 ludi,
1741 1044 1797 1078 qui

999 1097 1039 1123 ab
1082 1094 1243 1129 equitibus
1276 1092 1442 1120 nobilibus
1472 1090 1576 1120 medio
1609 1096 1692 1118 aevo
1723 1090 1798 1117 ede-

999 1142 1132 1176 bantur,
1158 1143 1254 1173 atque
1279 1137 1377 1166 etiam
1404 1144 1490 1166 nunc
1517 1136 1600 1164 tales
1624 1134 1693 1164 ludi
1716 1142 1798 1163 non-

999 1192 1163 1220 nunquam
1195 1184 1281 1212 fiunt.
1325 1197 1363 1202 —-
1402 1183 1473 1216 Qua
1504 1187 1583 1210 cura
1617 1188 1638 1209 a
1667 1180 1798 1209 Latinis

999 1230 1073 1265 equi
1104 1229 1232 1259 tractati
1257 1229 1324 1258 sint
1348 1228 1387 1258 cf.
1414 1225 1445 1265 7,
1471 1224 1548 1255 274.

1044 1273 1121 1304 ⁵45.
1147 1271 1337 1304 certamine
1365 1270 1470 1302 misso
1507 1272 1546 1301 cf.
1579 1268 1657 1300 286.
1711 1272 1799 1299 Non-

998 1323 1074 1350 dum
1092 1322 1172 1350 illud
1189 1320 1365 1357 sagittandi
1388 1323 1549 1348 certamen
1570 1317 1694 1346 finitum
1717 1320 1797 1352 erat,

998 1376 1097 1403 quum
1120 1374 1236 1403 parare
1259 1366 1345 1394 iubet
1371 1366 1504 1394 Aeneas
1529 1371 1660 1392 novum.
1700 1362 1799 1390 Pater

999 1414 1132 1443 Aeneas
1155 1413 1271 1442 dicitur
1297 1414 1326 1440 11.
1352 1413 1385 1447 1.,
1412 1411 1494 1446 quod
1517 1408 1660 1444 producit
1685 1407 1797 1437 filium.

1046 1457 1122 1488 5⁴6.
1150 1459 1307 1487 Custodes
1328 1457 1439 1492 pueris
1462 1455 1626 1484 nobilibus
1644 1454 1719 1482 addi
1745 1461 1798 1482 so-

999 1507 1125 1541 lebant,
1150 1504 1205 1539 qui
1228 1507 1400 1533 servarent
1421 1505 1451 1531 et
1475 1508 1495 1531 a
1522 1500 1721 1530 facinoribus
1745 1507 1798 1528 co-

998 1552 1152 1580 hiberent.
1218 1550 1264 1579 Cf.
1298 1550 1373 1578 Hor.
1405 1550 1472 1576 Sat.
1506 1544 1539 1584 1,
1568 1545 1606 1583 6,
1632 1543 1686 1574 81.
1725 1545 1796 1574 AP.

1000 1595 1060 1625 161
1106 1592 1271 1625 Imberbis
1304 1590 1441 1623 iuvenis
1478 1589 1620 1622 tandem
1658 1586 1801 1620 custode

997 1644 1128 1672 remoto
1160 1638 1297 1682 gaudet
1330 1636 1439 1679 equis.
1476 1653 1514 1658 -
1550 1637 1664 1667 Alium
1693 1639 1800 1666 custo-

999 1690 1070 1717 dem
1095 1690 1125 1716 et
1147 1687 1341 1723 magistrum
1366 1684 1527 1714 intellexit
1553 1683 1700 1719 Servius,
1726 1682 1797 1716 qui:

999 1730 1224 1772 „custodcm,
1248 1732 1425 1760 secundum
1449 1730 1608 1765 Tullium,
1633 1728 1688 1763 qui
1713 1727 1799 1763 dicit,

1000 1781 1041 1809 ad
1064 1779 1218 1808 militiam
1242 1778 1394 1807 euntibus
1419 1776 1491 1804 dari
1515 1775 1629 1804 solitos
1647 1782 1720 1803 esse
1743 1781 1798 1802 cu-

1000 1827 1126 1861 stodes,
1165 1831 1186 1853 a
1223 1824 1341 1859 quibus
1381 1822 1482 1857 primo
1517 1828 1603 1849 anno
1637 1822 1799 1855 regantur.

1000 1872 1090 1900 Unde
1121 1869 1166 1899 ait
1193 1871 1230 1898 de
1257 1870 1410 1898 Pallante
1435 1865 1466 1903 S,
1492 1863 1558 1894 515
1596 1861 1667 1894 Sub
1693 1866 1726 1894 te
1749 1865 1800 1894 to·-

999 1914 1111 1945 lerarc
1137 1912 1311 1956 magistro
1334 1910 1497 1942 militiam
1519 1913 1551 1941 et
1573 1917 1688 1952 grave
1705 1907 1803 1939 Mar-

1000 1960 1044 1992 tis
1071 1970 1158 2001 opus
1186 1956 1416 1990 adsuescat.“

1047 2016 1123 2046 548.
1158 2014 1255 2047 sade
1281 2024 1351 2057 age
1377 2015 1416 2046 cf.
1445 2013 1475 2053 3,
1497 2012 1573 2043 462.

1339 2072 1408 2101 ·Sic
1456 2074 1542 2100 Suet.
1582 2070 1652 2098 Tib.
1692 2066 1711 2096 6
1753 2072 1800 2096 est

1046 2073 1122 2102 550.
1151 2077 1305 2102 turmas:

1004 2116 1169 2148 Troianis
1221 2115 1438 2147 Circen-:ibus
1487 2115 1611 2145 (luctor
1666 2117 1804 2143 turmae

997 2172 1187 2203 puerorum
1218 2160 1406 2191 maiorum.
1437 2177 1481 2181 —
1511 2161 1585 2190 Avo
1613 2164 1662 2189 est
1686 2160 1717 2187 in
1745 2159 1803 2187 avi

1000 2213 1163 2239 honorem.
1194 2224 1231 2228 -—
1259 2209 1398 2236 Turmae
1423 2211 1470 2235 est
1493 2207 1625 2242 triginta.
1649 2205 1801 2239 equitum,

1000 2256 1113 2284 deinde
1151 2258 1182 2282 ut
1219 2256 1249 2282 11.
1284 2255 1305 2281 l.
1339 2256 1443 2281 certus
1473 2251 1595 2286 aliquis
1634 2257 1800 2278 numerus.

1002 2317 1039 2321 -
1086 2300 1169 2328 Sese
1207 2299 1359 2328 ostentat
1393 2294 1426 2326 in
1464 2293 1572 2325 armis
1608 2295 1723 2324 alludit
1761 2295 1801 2323 ad

1002 2347 1094 2375 illam
1121 2345 1265 2380 equitum
1295 2348 1369 2372 ante
1394 2350 1560 2372 censorem
1587 2340 1801 2369 transvectio-

1002 2401 1083 2421 nem.
1110 2407 1147 2411 -
1174 2388 1208 2418 in
1233 2387 1342 2418 armis
1364 2389 1402 2418 cf.
1428 2386 1479 2416 37.

1049 2445 1125 2476 551.
1152 2449 1190 2475 In
1218 2445 1324 2482 fatur
1353 2461 1397 2465 —-
1428 2442 1479 2473 ait
1510 2451 1609 2473 unum
1642 2443 1800 2477 abundat3

1004 2495 1052 2523 sic
1074 2492 1104 2530 2,
1132 2491 1185 2521 78.
1212 2490 1243 2528 3,
1269 2489 1344 2520 480.
1374 2488 1425 2527 11,
1453 2488 1505 2518 41.
1526 2489 1599 2517 Liv.
1619 2485 1650 2525 7,
1679 2485 1718 2515 16
1745 2495 1802 2516 ex-

1004 2538 1134 2569 clamat
1160 2553 1204 2558 —-
1228 2534 1354 2576 inquit.
1387 2552 1424 2556 ——
1461 2536 1621 2570 Populum
1652 2533 1685 2561 in
1718 2533 1802 2561 ludi-

1005 2586 1087 2621 criS,
1121 2586 1219 2619 quale
1248 2587 1313 2612 erat
1343 2586 1511 2611 caestuum
1545 2584 1572 2609 et
1608 2579 1802 2616 sagittarum

1008 2636 1186 2667 certamen,
1218 2629 1251 2657 in
1273 2637 1334 2663 quo
1364 2629 1492 2662 amplus
1517 2633 1651 2660 campus
1675 2629 1802 2653 certan-

1009 2678 1095 2706 tibus
1119 2684 1182 2705 non
1209 2674 1461 2710 desiderabatur,
1491 2679 1695 2707 progressum
1717 2670 1803 2699 iubet

1008 2723 1155 2752 recedere
1190 2724 1219 2749 et
1259 2720 1426 2755 „discessu
1465 2717 1578 2753 populi
1615 2717 1700 2744 iubet
1735 2716 1802 2745 fieri

1008 2775 1140 2803 campos
1163 2765 1341 2801 patentes.“
1374 2766 1404 2792 S.
1455 2759 1630 2791 discedere
1653 2763 1690 2789 P.
1715 2764 1801 2796 prob.

1012 2811 1097 2849 Rb.‚
1137 2813 1219 2847 quod
1254 2812 1312 2848 „de
1342 2809 1545 2839 multitudine
1570 2808 1697 2842 proprie
1723 2807 1804 2836 dici-

1007 2859 1079 2888 tur“
1107 2867 1151 2888 sc.
1178 2865 1232 2893 ea,
1260 2863 1342 2891 quae
1367 2856 1401 2884 in
1426 2856 1577 2884 diversas
1601 2853 1669 2882 abit
1694 2858 1802 2887 partes

1006 2914 1071 2934 non
1092 2905 1129 2933 in
1155 2903 1298 2932 eandem.
1327 2917 1364 2921 —
1395 2898 1559 2930 decedere
1579 2900 1692 2927 MRbc.

1054 2959 1130 2989 553.
1158 2962 1311 2988 Incessus
1326 2958 1468 2994 equitum
1487 2957 1670 2993 depingitur
1683 2962 1803 2990 aequa-

1008 3007 1132 3036 bilitate
1157 3012 1321 3034 versuum.
