2023 3350
269 112 352 152 560

266 226 354 267 Aut
391 223 595 265 adsuetus
635 234 773 275 aquae
807 222 1008 276 perfundi
1036 224 1208 270 flumine
1240 232 1341 272 noto

829 111 866 144 P.
894 112 1089 148 VIRGILn
1124 114 1332 150 MARONIS

1806 232 1890 273 495

264 281 433 324 Emicat
472 278 735 333 arrectisque
767 279 912 322 fremit
943 282 1176 325 cervicibus
1213 286 1299 328 alte

264 338 525 390 Luxurians,
558 335 796 392 luduntque
834 337 962 380 iubae
992 353 1068 392 per
1107 341 1237 393 colla,
1272 356 1349 396 per
1384 357 1537 388 armos.

265 395 399 437 Obvia
435 396 522 446 cui,
555 393 810 437 Volscorum
849 396 940 437 acie
977 397 1227 449 comitante,
1271 400 1450 444 Camilla

263 453 480 504 Occurrit,
517 451 738 506 portisque
778 452 832 494 ab
869 466 977 507 equo
1014 455 1164 508 regina
1198 455 1278 497 sub
1315 457 1418 510 ipsis

260 510 460 561 Desiluit,
503 523 631 564 quam
667 514 761 552 tota
798 510 952 553 cohors
984 511 1156 553 imitata
1194 513 1354 555 relictis

260 567 328 610 Ad
367 572 527 609 terram
565 566 742 610 defluxit
778 569 916 622 equis,
951 572 1044 611 tum
1075 570 1183 611 talia
1212 570 1351 612 fatur:

260 625 416 666 Turne!
455 625 521 667 sui
560 626 711 667 merito
753 626 788 667 si
823 640 908 680 qua
950 630 1015 668 est
1051 626 1209 669 fiducia
1248 627 1364 678 forti,

258 683 406 725 Audeo
445 686 488 724 et
523 682 769 725 Aeneadum
805 684 1010 738 promitto
1047 699 1269 726 occurrere
1310 689 1480 727 turmae

261 740 448 794 Solaque
486 740 728 794 Tyrrhenos
767 742 930 796 equites
964 742 1028 784 ire
1064 742 1188 784 obvia
1221 746 1382 784 contra.

260 798 330 840 Me
369 798 458 840 sine
496 798 636 852 prima
674 813 804 840 manu
837 802 1004 842 tentare
1036 800 1228 854 pericula
1271 799 1392 852 belli3

1806 801 1888 842 505

259 855 322 897 Tu
358 855 488 910 pedes
524 855 580 897 ad
619 870 765 899 muros
797 856 982 899 subsiste
1022 861 1065 899 et
1097 858 1265 900 moenia
1301 871 1434 899 serva.

257 913 423 955 Turnus
459 913 515 955 ad
550 913 675 967 haec,
709 915 855 956 oculos
890 914 1103 957 horrenda
1142 916 1186 957 in
1225 915 1388 969 virgine
1425 914 1557 956 fixus:

260 970 294 1012 O
333 970 459 1013 decus
498 971 667 1024 Italiae,
706 973 845 1026 virgo,
891 986 999 1026 quas
1037 973 1178 1015 dicere
1216 976 1358 1027 grates

257 1028 423 1079 Quasve
461 1028 622 1071 referre
660 1030 835 1084 parem?

897 1030 979 1072 Sed
1013 1044 1142 1082 nunc,
1183 1034 1248 1072 est
1279 1030 1422 1072 omnia
1454 1027 1625 1083 quando

254 1087 343 1128 Iste
380 1086 546 1129 animus
586 1102 737 1142 supra,
778 1101 943 1129 mecum
980 1089 1145 1142 partire
1182 1087 1385 1130 laborem.

254 1145 438 1195 Aeneas,
470 1147 519 1185 ut
554 1143 670 1187 fama
707 1145 835 1187 fidem
868 1146 1070 1200 missique
1107 1149 1331 1200 reportant

254 1201 582 1256 Exploratores,
617 1203 807 1257 equitum
841 1203 951 1245 levia
981 1203 1201 1257 improbus
1240 1217 1361 1246 arma

251 1259 495 1313 Praemisit,
534 1264 761 1315 quaterent
799 1274 994 1315 campos,
1035 1262 1128 1316 ipse
1165 1261 1302 1305 ardua
1336 1259 1494 1303 montis

252 1416 336 1443 haec
365 1418 457 1443 sunt:
503 1411 670 1444 adsuetus
700 1412 869 1452 perfundi
897 1412 1047 1452 flumine

252 1462 335 1489 noto
366 1466 501 1499 aquae,·
523 1460 613 1495 atqui
638 1460 688 1495 (111
703 1461 831 1489 taceam
852 1458 1048 1499 deflumine

254 1504 391 1545 aquae)
421 1501 564 1541 flumine
599 1508 681 1535 noto
712 1506 813 1534 avelli
850 1509 889 1535 ab
923 1504 1047 1534 emicat

252 1551 383 1587 nequit,
425 1551 510 1584 quod
550 1559 611 1579 nec
656 1553 717 1580 hoc
744 1554 894 1581 absolute
928 1552 1047 1580 dictum

253 1604 389 1625 sensum
412 1598 508 1624 hahet
531 1601 561 1625 et
587 1599 673 1631 quod
698 1605 821 1632 equus,
853 1598 957 1626 levari
988 1605 1045 1626 so-

251 1643 340 1679 litus,
364 1642 603 1671 consuetudine
626 1642 742 1671 flumen
767 1648 876 1671 notum
903 1643 978 1677 petit
1002 1650 1045 1671 ex

251 1696 357 1722 eoque
394 1688 510 1716 deinde
545 1688 674 1717 emicat.
739 1689 950 1717 scribendum
994 1692 1045 1716 est

246 1733 345 1767 igitur
373 1733 584 1762 necessario:
635 1735 712 1770 aut,
750 1732 918 1763 adsuetus
950 1741 1045 1773 aqua

247 1787 294 1819 p.‚
318 1777 346 1815 f.
369 1787 403 1807 n.
433 1775 507 1807 E.·⁶

295 1834 372 1864 496.
399 1833 584 1865 luxurians
604 1835 624 1864 i.
650 1843 678 1865 e.
702 1835 877 1865 ferociens.

293 1891 370 1923 498.
400 1890 511 1922 Obvia
535 1891 683 1923 occurrit
710 1893 750 1923 cf.
781 1892 830 1931 10,
857 1891 935 1922 552.

293 1951 369 1980 500.
397 1949 540 1980 desiluit
567 1953 628 1987 „ad
665 1953 822 1980 honorem
856 1950 956 1979 Turni
983 1952 1041 1979 de-

244 1994 382 2026 sertur.“
408 1999 440 2025 S.
482 1999 575 2032 Apud
591 1999 759 2026 Romanos
782 2001 932 2032 quattuor
949 2001 1041 2025 erant

248 2043 343 2078 signa
364 2043 517 2079 honoris,
549 2051 632 2077 equo
658 2043 810 2080 desilire,
836 2048 933 2078 caput
960 2050 1041 2078 ape-

247 2090 331 2126 rire,
364 2089 418 2117 via
448 2090 627 2124 decedere,
666 2096 854 2124 assurgere.
904 2089 1041 2118 consuli

249 2135 436 2164 advenienti
451 2143 710 2169 unumquemque
734 2143 818 2169 equo
838 2136 1039 2163 descendere

245 2181 298 2210 ius
321 2185 399 2209 erat.
439 2196 483 2199 —
525 2178 652 2210 Cohors
682 2181 746 2209 dici
776 2182 860 2209 solet
887 2181 1038 2218 peditum,

247 2233 278 2255 et
309 2227 362 2261 „in
384 2227 514 2261 legione
545 2231 619 2255 sunt
651 2227 819 2255 centuriae
851 2227 1038 2263 sexaginta,

244 2273 403 2307 manipuli
426 2272 575 2307 triginta.
613 2275 768 2301 cohortes
793 2270 929 2302 decem‘·
955 2274 1037 2302 Gell.

252 2317 300 2354 16,
328 2316 359 2347 4.
384 2321 414 2345 et
439 2320 532 2346 Serv.
560 2319 599 2346 ad
627 2325 656 2347 v.
680 2317 756 2347 463.
805 2319 904 2351 Legio
937 2320 1036 2347 habet

244 2365 357 2392 decem
394 2366 565 2399 cohortes,
616 2365 792 2398 sexaginta
836 2363 1036 2393 centurias.“

244 2411 307 2437 Sed
341 2411 494 2438 cohortes
534 2410 630 2438 etiam
659 2410 803 2443 equitum
835 2410 898 2438 dici
928 2411 1037 2439 docuit

242 2457 368 2484 hersen
395 2463 425 2490 p.
449 2453 492 2483 58
517 2463 561 2483 ex
587 2455 870 2491 inscriptionibus;
919 2463 1033 2489 quam-

243 2508 340 2535 quam
381 2508 420 2529 eo
456 2503 618 2529 vocabulo
652 2502 765 2530 latiore
796 2501 1034 2536 significatione

244 2547 399 2581 Virgilius
430 2554 512 2575 usus
547 2551 608 2583 est,
639 2551 671 2575 ut
700 2548 731 2583 7,
754 2546 830 2576 710.
874 2546 923 2583 10,
955 2546 1032 2575 328.

241 2593 338 2620 etiam
364 2593 402 2620 de
437 2592 578 2621 navibus
603 2592 634 2629 3,
660 2592 736 2621 563.
781 2593 892 2621 Simile
918 2595 1032 2622 obser-

241 2644 353 2666 vatum
377 2642 426 2666 est
452 2637 483 2674 5,
509 2637 587 2668 824.

286 2681 362 2711 501.
389 2681 435 2711 acl
457 2685 585 2712 terram
603 2681 769 2718 defluxit.-
793 2684 955 2720 „Dicendo
979 2686 1034 2714 de-

241 2729 333 2758 fluxit
355 2733 455 2757 artem
474 2733 503 2758 et
526 2731 686 2764 quandam
711 2731 958 2759 moderationem
978 2733 1033 2760 de-

241 2775 412 2804 scendendi
436 2775 648 2812 significavit,
689 2783 770 2810 quae
800 2780 848 2804 est
877 2776 973 2805 etiam
998 2777 1032 2806 in

241 2821 441 2849 ascendendo
465 2822 550 2855 apud
574 2822 671 2850 huius
693 2821 739 2850 rei
761 2822 914 2856 peritos.“
938 2824 969 2850 S.

285 2875 360 2905 502.
385 2874 501 2916 siqua
523 2875 613 2914 forti
648 2880 697 2906 est
728 2875 783 2906 sm·
798 2875 938 2917 fiducia
964 2887 1033 2908 me-

238 2919 305 2950 rico
330 2923 350 2951 i.
377 2931 403 2951 e.
434 2923 464 2951 si
489 2923 542 2957 qui
566 2923 658 2952 fortis
680 2924 792 2953 merito
816 2925 959 2959 aliquam
974 2928 1034 2954 ha-

238 2968 312 2995 bere
338 2972 437 3002 potest
464 2969 514 2996 sui
540 2969 697 3001 fiduciam.
723 2978 779 3007 ego
807 2970 903 3000 etiam
929 2972 1030 3000 audeo

240 3016 271 3039 et
296 3014 440 3046 promitto
464 3018 521 3044 etc.

1137 1414 1214 1446 503.
1245 1414 1395 1445 Turmae
1404 1415 1548 1450 equitum
1560 1417 1635 1444 sunt
1645 1412 1704 1448 (cf.
1717 1409 1770 1449 10,
1781 1409 1885 1448 310);

1091 1462 1201 1497 itaque
1225 1464 1328 1491 solam
1350 1470 1386 1491 se
1409 1461 1527 1496 opponi
1551 1461 1625 1490 vult
1645 1459 1810 1494 equitatui.
1841 1473 1880 1478 —

1096 1505 1266 1537 Promitte
1308 1517 1335 1537 0.
1380 1507 1539 1536 infinitivo
1580 1505 1761 1541 praesentis
1799 1505 1884 1533 nudo

1092 1553 1236 1587 iungitur
1272 1558 1306 1582 ut
1342 1550 1373 1589 4,
1413 1550 1489 1580 «187.
1536 1552 1605 1581 Hoc
1647 1553 1718 1580 1000
1760 1550 1883 1580 accedit

1092 1600 1174 1634 quod
1192 1596 1266 1627 sola
1284 1599 1410 1628 additur
1425 1597 1656 1634 nominativus,
1681 1601 1717 1625 ut
1730 1596 1764 1624 in
1783 1597 1882 1625 verbo

1091 1652 1190 1683 spero
1222 1645 1360 1681 legimus
1395 1641 1426 1681 4,
1452 1642 1517 1672 306
1545 1639 1778 1671 Dissimulare
1807 1649 1882 1681 spe-

1090 1688 1179 1718 rasti
1213 1689 1450 1728 tacitusque
1480 1696 1557 1717 mea
1583 1685 1745 1717 decedere
1773 1689 1879 1716 terra.

1091 1736 1191 1764 Recte
1215 1740 1322 1764 tamen
1345 1736 1432 1764 dices
1463 1732 1536 1763 sola
1570 1735 1601 1762 h.
1631 1735 1652 1762 1.
1677 1734 1814 1768 pendere
1840 1735 1880 1761 ab

1091 1778 1206 1810 audeo
1232 1783 1283 1810 vel
1308 1781 1416 1816 potius
1432 1779 1603 1816 anotione,
1628 1779 1736 1814 qualis
1755 1779 1882 1814 utrique

1089 1829 1188 1856 verbo
1210 1827 1305 1865 inest,
1330 1835 1375 1856 sc.
1396 1829 1527 1865 parata
1554 1832 1641 1854 sum.

1135 1881 1211 1912 509.
1239 1880 1356 1912 omnia
1388 1890 1417 1922 q.
1453 1878 1477 1910 1.
1509 1889 1540 1910 a.
1574 1888 1697 1920 supra:
1733 1882 1771 1911 de
1810 1883 1880 1912 loco

1087 1929 1338 1965 praepositionis
1357 1929 1396 1959 cf.
1419 1925 1494 1966 149,
1519 1928 1558 1956 110
1571 1927 1807 1964 significatione
1826 1924 1880 1966 12,

1084 1972 1162 2004 839.

1132 2030 1208 2062 510.
1235 2041 1342 2072 supra
1373 2029 1548 2071 M2PRybc
1586 2038 1714 2071 supera
1757 2032 1771 2061 t
1812 2029 1878 2068 Mt,

1088 2086 1216 2117 supera
1258 2087 1320 2108 rec.
1356 2075 1421 2107 Rb.
1480 2092 1519 2097 —
1578 2084 1707 2106 mecum
1744 2075 1880 2116 partire

1087 2121 1237 2153 laborem
1259 2133 1303 2154 sc.
1338 2120 1443 2153 ducis.
1490 2124 1529 2152 Et
1550 2124 1691 2151 laborem
1713 2126 1743 2152 et
1775 2123 1876 2158 parti-

1085 2170 1203 2199 tionem
1228 2178 1346 2199 versus
1372 2171 1484 2199 docent
1508 2172 1689 2203 sequentes.

1130 2225 1207 2256 512.
1239 2225 1504 2267 Erploratores:
1525 2228 1638 2261 Itaque
1656 2226 1784 2254 Turnus
1803 2227 1878 2256 dum

1085 2273 1119 2301 in
1154 2276 1233 2302 urbe
1256 2281 1296 2303 ac
1327 2278 1441 2303 senatu
1465 2277 1632 2307 versatur,
1670 2279 1733 2301 non
1767 2273 1875 2302 omisit

1082 2319 1186 2349 officia
1200 2321 1291 2349 ducis
1313 2323 1499 2353 hostemque
1518 2320 1722 2347 observabat.
1742 2333 1787 2338 —-
1810 2317 1873 2348 im-

1079 2363 1227 2405 probus:
1274 2367 1312 2394 In
1351 2373 1440 2400 eum,
1474 2363 1529 2399 qui
1554 2364 1673 2398 ubique
1708 2364 1820 2399 premit
1845 2369 1876 2393 et

1081 2411 1189 2448 angit,
1221 2414 1368 2446 probrum
1392 2410 1483 2445 iacit3
1534 2414 1568 2439 ut
1592 2411 1696 2439 solent
1721 2418 1795 2439 esse
1815 2413 1871 2439 ho-

1079 2457 1202 2486 minum
1241 2465 1354 2486 mores.
1403 2457 1549 2485 Ceterum
1581 2455 1620 2485 cf.
1649 2454 1679 2492 2,
1716 2454 1781 2484 356
1829 2472 1874 2476 »-

1086 2499 1192 2531 Leuia
1233 2511 1333 2531 arma
1360 2501 1514 2541 equitum
1549 2502 1628 2530 sunt
1655 2509 1748 2531 arma
1784 2502 1876 2538 equi·-

1080 2552 1146 2577 tum
1183 2549 1269 2577 levis
1300 2552 1503 2583 armaturae,
1546 2551 1581 2576 ut
1624 2556 1683 2577 nos
1723 2548 1872 2578 dicimus,

1080 2596 1188 2628 Neque
1214 2599 1321 2624 tamen
1343 2598 1392 2623 est
1410 2595 1587 2630 hypallage
1600 2594 1766 2631 adiectivi,
1790 2602 1874 2630 quae

1082 2641 1176 2668 nulla
1194 2645 1254 2676 est,
1288 2642 1344 2669 sed
1370 2640 1496 2676 proprio
1517 2645 1566 2669 est
1590 2641 1694 2669 relatu
1717 2641 1799 2669 illud
1821 2637 1871 2669 le-

1082 2683 1142 2714 via
1166 2686 1204 2715 cf.
1231 2684 1262 2723 8,
1289 2685 1366 2714 526.

1126 2741 1202 2771 513.
1229 2745 1411 2782 quaterent
1452 2750 1608 2782 campoS,
1653 2742 1871 2778 obequitarent

1080 2796 1212 2823 campos
1235 2789 1273 2817 cf.
1304 2787 1379 2818 875.
1406 2805 1443 2809 -
1466 2790 1648 2828 quaterent
1673 2788 1712 2818 cf.
1732 2785 1763 2824 8,
1789 2786 1865 2816 505.

1084 2850 1121 2854 -
1143 2835 1276 2863 Aeneas
1299 2836 1463 2870 praemisit
1483 2835 1626 2870 equites,
1657 2834 1711 2868 qui
1735 2839 1867 2868 campos

1079 2880 1313 2915 pervolitarent
1337 2882 1528 2915 levibusque
1549 2879 1681 2915 proeliis
1697 2879 1868 2907 retinerent

1079 2928 1203 2963 hostes,
1244 2935 1284 2955 ne
1313 2927 1474 2957 exercitus
1505 2934 1562 2961 per
1582 2928 1705 2953 montes
1727 2925 1866 2962 ⁴(lescen-

1080 2972 1157 3000 dens
1173 2972 1387 3007 impediretur,
1409 2980 1492 3001 neve
1505 2970 1624 3006 proelio
1640 2971 1865 3007 lacesseretur,

1079 3022 1250 3053 antequam
1274 3019 1315 3047 ad
1338 3018 1429 3047 urbis
1451 3023 1559 3046 muros
1583 3015 1794 3050 pervenisset.

1806 1086 1888 1126 510
