2023 3350
300 148 381 187 630

853 146 887 177 P.
913 145 1106 179 vtRGth
1133 149 1342 183 MARONIS

302 259 366 300 Sit
404 258 593 305 Latium,
623 256 708 297 sint
745 256 902 298 Albani
941 271 1018 311 per
1057 260 1228 301 saecula
1262 275 1396 315 reges,

306 316 369 357 Sit
408 315 598 354 Romana
631 316 781 366 potens
820 314 933 356 Itala
963 314 1122 357 virtute
1155 330 1372 372 propago;

303 370 485 418 Occidit,
521 369 808 424 occideritque
849 371 964 412 sinas
999 385 1094 413 cum
1133 374 1300 416 nomine
1338 376 1477 418 Troia.

302 427 386 468 Olli
427 426 650 468 subridens
690 427 907 470 hominum
944 443 1172 483 rerumque
1206 435 1418 485 repertor:

302 485 359 525 Es
399 497 600 537 germana
636 484 750 526 Iovis
789 485 1048 539 Saturnique
1083 487 1222 528 altera
1250 489 1407 541 proles,

1842 490 1925 530 830

301 539 469 582 Irarum
503 544 646 582 tantos
682 542 814 583 volvis
855 543 933 584 sub
971 546 1146 597 pectore
1182 544 1348 586 fluctus.

301 598 458 639 Verum
493 612 572 651 age
608 603 650 640 et
681 600 898 654 inceptum
933 598 1096 642 frustra
1134 601 1338 643 submitte
1377 601 1575 644 furorem.

301 655 387 706 Do,
425 655 540 708 quod
576 657 658 707 vis,
698 660 740 698 et
769 671 835 698 me
872 658 1093 711 victusque
1131 658 1362 712 volensque
1397 661 1582 702 remitto.

302 712 547 754 Sermonem
580 714 757 755 Ausonii
791 715 981 768 patrium
1016 729 1238 770 moresque
1275 715 1502 763 tenebunt:

302 770 446 822 thue
476 774 561 821 est,
602 785 754 812 nomen
787 772 890 824 erit3
930 773 1151 814 commixti
1185 787 1366 828 corpore
1404 777 1572 815 tantum

784 829 948 871 Morem
983 830 1175 884 ritusque
1211 844 1429 873 sacrorum

302 827 530 869 Subsident
564 828 725 870 Teucri.

1844 775 1926 816 835

301 884 532 935 Adiiciam,
569 885 811 939 faciamque
848 901 993 928 omnes
1025 902 1110 929 uno
1149 902 1221 930 ore
1256 889 1444 930 Latinos.

301 941 412 983 Hinc
452 956 581 996 genus
616 943 805 985 Ausonio
845 944 1024 985 mixtum
1065 946 1179 998 quod
1220 946 1425 1000 sanguine
1463 948 1618 999 surget,

303 998 443 1053 Supra
476 1000 688 1052 homines,
727 1015 858 1055 supra
893 1002 955 1043 ire
991 1001 1094 1043 deos
1129 1003 1289 1057 pietate
1316 1001 1500 1054 videbis3

302 1056 390 1098 Nec
432 1071 533 1110 gens
570 1058 660 1098 ulla
694 1062 791 1100 tuos
829 1072 965 1112 aeque
999 1058 1235 1102 celebrabit
1265 1061 1460 1102 honores.

1845 1059 1929 1099 840

301 1113 464 1155 Adnuit
502 1114 569 1156 his
607 1115 730 1166 Iuno,
773 1119 815 1157 et
851 1120 1034 1158 mentem
1067 1117 1232 1160 laetata
1268 1117 1455 1160 retorsit.

301 1171 472 1212 Interea
510 1172 677 1214 excedit
716 1173 836 1215 caelo
871 1173 1112 1227 nubemque
1144 1175 1357 1229 relinquit.

416 1228 494 1270 His
533 1230 642 1271 actis
681 1230 796 1272 aliud
841 1230 1019 1272 Genitor
1056 1245 1199 1273 secum
1240 1233 1333 1286 ipse
1368 1231 1546 1282 volutat,

302 1285 606 1341 Iuturnamque
642 1291 770 1341 parat
807 1288 956 1330 fratris
991 1288 1208 1332 dimittere
1247 1290 1301 1332 ab
1339 1289 1481 1332 armis.

301 1449 380 1477 tanti
409 1450 558 1478 momenti
588 1450 683 1479 fuerit
707 1451 848 1479 Troiana
879 1452 1017 1487 colonia,
1060 1456 1094 1481 ut

302 1496 372 1523 vult
397 1504 469 1524 esse
483 1496 568 1533 Vgl.,
590 1504 685 1530 quum
709 1497 789 1525 tanti
816 1496 971 1525 carminis
995 1497 1094 1526 faciat

303 1545 535 1576 argumentum,
561 1541 614 1575 qui
640 1541 756 1570 factum
779 1542 833 1577 sit,
859 1546 891 1569 ut
913 1544 1004 1571 nulla
1021 1543 1093 1571 eius

302 1585 349 1614 rei
391 1587 528 1615 certiora
565 1590 692 1615 exstent
737 1588 936 1624 documenta,
980 1588 1094 1623 qualia

303 1635 378 1659 ante
402 1632 512 1660 omnia
537 1636 611 1660 sunt
641 1640 767 1667 nomen,
794 1641 909 1669 sermo,
943 1634 1092 1662 vestitus.

303 1677 446 1711 Iuppiter
474 1681 579 1706 autem
611 1685 694 1712 quae
726 1679 805 1705 Iuno
841 1679 917 1712 petit
949 1679 1094 1707 concedit

302 1722 397 1756 quasi
444 1730 495 1751 res
542 1723 665 1751 nullius
711 1723 872 1751 momenti.
927 1725 1093 1752 Summum

302 1771 381 1801 erat,
407 1769 488 1802 quod
514 1775 611 1796 sacra
634 1772 663 1796 et
687 1769 774 1804 deOS,
806 1768 923 1802 quibus
936 1772 1092 1797 terrarum

302 1812 469 1847 imperium
492 1813 588 1848 stetit,
624 1813 656 1841 in
679 1813 808 1841 Italiam
832 1818 1092 1848 asportaverant.

302 1859 339 1885 Et
375 1859 433 1886 hoc
469 1858 533 1887 iam
559 1861 599 1887 ab
638 1858 730 1887 initio
761 1859 913 1888 carminis
937 1859 1093 1889 indicavit

302 1900 332 1939 1,
359 1900 377 1930 4
403 1901 485 1932 dum
515 1901 675 1933 conderet
712 1902 839 1942 urbem,
881 1902 1094 1945 inferretque

302 1945 383 1976 deos·
414 1945 527 1978 Latio.

346 2002 424 2032 828.
453 2002 504 2034 Pl.
528 2014 583 2040 pro
605 2003 701 2034 sinas
721 2005 803 2035 coni.
829 2014 901 2036 suo.

348 2058 425 2090 829.
451 2064 607 2100 repertor
631 2062 670 2091 cf.
697 2060 728 2098 7,
755 2060 831 2091 772.
880 2065 992 2098 Itaque
1021 2066 1093 2099 Iup-

303 2107 385 2141 piter
410 2109 562 2136 mundum
584 2112 614 2137 et
638 2108 784 2137 homines
810 2109 880 2143 ipse
907 2110 1039 2138 creavit.

349 2150 425 2181 830.
451 2154 573 2182 Probas
604 2157 633 2181 te
658 2155 748 2183 Iovis
771 2162 957 2188 germanam
983 2157 1096 2185 Satur-

303 2197 399 2232 nique
425 2200 556 2235 prolem,
595 2200 677 2234 quod
709 2203 813 2228 tantos
837 2200 959 2230 irarum
983 2202 1096 2230 volvis

303 2243 427 2272 fluctuS.
474 2245 604 2273 Omissa
651 2245 811 2279 particula
862 2255 959 2283 nam,
1014 2255 1096 2282 quae

301 2289 434 2324 saepius
459 2290 613 2319 omittitur
642 2295 717 2319 ante
748 2293 867 2320 tantus
894 2292 932 2321 cf.
960 2292 991 2328 5,
1019 2290 1094 2321 404.

301 2335 409 2371 Pergit
436 2336 597 2371 Iuppiter:
634 2337 796 2374 Attamen,
818 2345 915 2372 quum
939 2342 971 2367 tu
997 2339 1094 2375 velis,

302 2381 482 2409 concedam.

345 2423 421 2454 831.
451 2424 584 2455 irarum
599 2423 732 2464 fluctus
753 2424 891 2456 volnere
907 2428 946 2457 cf.
967 2426 997 2466 4,
1015 2427 1092 2457 532.

345 2479 422 2511 835.
455 2481 586 2522 Corpus
610 2483 659 2512 sic
686 2481 736 2521 ll,
763 2481 839 2512 313.

345 2535 421 2567 836.
449 2536 626 2567 subs-idem
682 2536 804 2568 'I'cneri
850 2542 1015 2575 „latebunt
1060 2541 1093 2570 in

300 2584 489 2613 Latinorum
519 2585 643 2614 scilicet
675 2585 878 2614 multitudine
904 2591 935 2614 ut
970 2587 999 2621 5,
1027 2584 1092 2615 498

300 2626 477 2669 galeaque
509 2628 578 2658 ima
609 2627 761 2659 subsedit
788 2629 964 2660 Acestesf‘
991 2634 1021 2661 S.
1053 2649 1089 2653 —

299 2672 457 2713 ritusque
481 2684 655 2704 sacrorum
681 2672 868 2704 adiiciam:
893 2677 928 2705 si
952 2678 1095 2712 Iuppiter

299 2720 421 2755 adiicit,
446 2729 507 2749 non
533 2726 579 2749 est
607 2722 637 2749 'nt
665 2722 780 2749 Iunoni
805 2723 960 2759 dedecori,
982 2725 1036 2751 sed
1063 2724 1093 2753 si

300 2766 331 2793 id
371 2766 435 2794 lieri
475 2767 589 2795 dicitur
631 2774 651 2795 a
681 2767 842 2796 Troianis.
892 2769 1041 2797 Attamen
1073 2777 1094 2798 a

300 2811 451 2840 Troianis
481 2812 527 2839 dii
557 2812 639 2839 illati
671 2817 745 2840 sunt
778 2813 817 2841 cf.
848 2811 909 2841 192
941 2819 971 2843 et
1003 2813 1028 2850 1,
1055 2814 1091 2850 4;

300 2856 407 2891 igitur,
432 2861 466 2885 ut
483 2866 524 2885 ex
540 2859 682 2886 hocloco
698 2858 920 2896 intelligimus,
943 2868 986 2888 ex
1003 2861 1092 2889 Iovis

301 2902 459 2930 sententia
481 2903 554 2932 sive
584 2911 624 2931 ex
656 2904 730 2932 fato.
784 2919 820 2923 —-
869 2906 1034 2934 Ausonios
1064 2910 1094 2934 et

302 2946 440 2976 Teucros
465 2956 527 2976 uno
559 2949 687 2978 nomine
707 2949 842 2979 Latinos
883 2951 983 2979 factos
1021 2959 1093 2980 esse

301 2991 377 3020 dicit.
409 2994 589 3023 Sallustius
627 2994 666 3023 cf.
697 2992 725 3030 1,
752 2993 782 3023 6.
831 3011 867 3015 ——
930 2993 978 3025 Pl.
1010 2997 1092 3025 coni.

300 3034 473 3067 commixti
497 3046 636 3078 corpore
654 3037 778 3069 Teucri
798 3038 990 3072 subsident:
1015 3044 1092 3071 tau-

1140 1455 1210 1482 tum
1252 1461 1294 1482 m.
1326 1460 1353 1482 r.
1389 1460 1414 1481 s.
1451 1447 1619 1480 adiiciem
1657 1450 1855 1485 detrahitque
1893 1450 1931 1478 de

1140 1499 1231 1527 Iovis
1257 1506 1294 1527 ac
1319 1497 1454 1526 Iunonis
1475 1496 1654 1526 maiestate.

1186 1542 1262 1572 839.
1292 1551 1399 1582 supra
1424 1540 1504 1571 deos
1532 1539 1593 1570 ire.
1641 1541 1683 1570 Hi
1706 1540 1931 1570 observantio-

1139 1596 1191 1617 res
1214 1594 1304 1617 erunt
1336 1590 1476 1624 deorum,
1515 1594 1612 1622 quam
1647 1587 1692 1615 dii
1713 1588 1930 1615 Romanorum

1140 1642 1251 1663 curam
1277 1637 1403 1663 habent.
1428 1649 1468 1652 -—
1499 1640 1606 1672 snpra
1632 1633 1680 1662 sic
1709 1629 1757 1668 ll,
1785 1629 1861 1660 510.

1185 1677 1262 1707 8⁴0.
1290 1681 1368 1708 Iuno
1398 1679 1523 1714 Regina
1553 1686 1595 1706 ex
1626 1680 1703 1706 urhe
1726 1678 1820 1706 Veiis
1850 1685 1930 1706 evo-

1140 1730 1213 1753 cata
1236 1724 1293 1758 (de
1320 1733 1379 1759 quo
1402 1732 1489 1753 more
1514 1723 1552 1753 cf.
1569 1721 1598 1759 2,
1625 1721 1710 1759 351)
1735 1730 1755 1752 a
1781 1723 1930 1758 Camillo,

1139 1774 1166 1798 et
1195 1772 1234 1798 ab
1259 1778 1296 1797 eo
1322 1774 1461 1804 tempore
1484 1770 1604 1797 Romae
1628 1773 1675 1797 est
1696 1770 1783 1798 culta
1798 1769 1871 1798 Liv.
1899 1768 1930 1804 5,

1140 1813 1193 1850 21,
1234 1812 1287 1842 22.
1335 1815 1502 1849 Templum
1538 1814 1651 1842 hahuit
1693 1814 1725 1842 in
1765 1814 1930 1844 Aventino

1140 1861 1215 1889 Liv.
1242 1858 1297 1896 22,
1328 1858 1354 1888 1.

1184 1902 1261 1934 841.
1283 1907 1426 1934 mentem
1449 1901 1602 1933 retorsit.
1649 1901 1860 1943 Retorqnere
1883 1908 1931 1934 est

1141 1953 1323 1987 torquendo,
1347 1951 1496 1980 flectendo
1520 1953 1696 1984 revertere;
1741 1949 1790 1979 sic
1814 1951 1932 1985 ubique

1140 2001 1170 2025 et
1193 1994 1258 2025 4135
1288 2005 1392 2036 equos
1414 1993 1553 2025 retorsit
1579 1997 1724 2030 Iuturna,
1752 1995 1773 2024 i.
1798 2003 1824 2024 e.
1847 2000 1931 2025 retro

1141 2043 1205 2075 egit
1233 2050 1387 2078 aversos,
1428 2042 1508 2077 quod
1552 2041 1658 2076 ipsum
1688 2041 1804 2070 adiecit
1827 2045 1929 2076 poeta.
1978 2079 1981 2083 Ι

1143 2090 1253 2122 Itaque
1281 2092 1417 2117 mentem
1441 2091 1610 2123 retorquet,
1653 2087 1708 2121 qui
1734 2092 1878 2116 removet
1902 2091 1933 2116 et

1143 2135 1174 2162 in
1203 2134 1397 2162 contrariam
1427 2133 1617 2162 seutentiam
1643 2132 1748 2161 vertit.
1774 2133 1827 2161 Sic
1850 2134 1931 2162 Iuno

1142 2187 1238 2214 quum
1260 2182 1340 2208 haec
1362 2188 1403 2208 ex
1426 2180 1503 2207 Iove
1524 2179 1680 2214 audisset,
1720 2178 1784 2207 iam
1812 2179 1932 2207 destitit

1141 2227 1282 2254 Turnum
1323 2226 1438 2253 iuvare
1483 2224 1681 2259 propitiaque
1720 2224 1843 2252 reddita
1883 2228 1932 2253 est

1141 2272 1288 2305 Aeneae;
1335 2279 1371 2299 eo
1409 2270 1493 2299 enim
1534 2271 1630 2299 ducta
1678 2269 1781 2298 fuerat
1813 2278 1930 2307 errore,

1141 2317 1224 2351 quod
1247 2317 1405 2345 Troianos
1434 2316 1570 2345 debitum
1599 2315 1662 2344 sibi
1694 2317 1845 2344 honorem
1879 2324 1931 2344 re-

1141 2366 1311 2392 cusaturos
1342 2362 1533 2396 opinabatur
1560 2361 1600 2391 cf.
1624 2363 1697 2390 Sen.
1723 2361 1832 2389 Benef.
1858 2358 1888 2399 3,
1910 2359 1929 2388 3

1139 2408 1260 2444 Ingrati
1285 2405 1332 2436 ad
1351 2404 1542 2446 praeterita
1556 2404 1631 2435 rari
1650 2403 1804 2435 animum
1822 2408 1930 2435 retor-

1140 2456 1255 2493 quent,
1295 2449 1390 2481 sehr.
1425 2452 1505 2481 coni.
1537 2449 1681 2482 vultum.
1711 2467 1749 2471 —
1781 2449 1929 2488 laetata,

1140 2500 1222 2534 quod
1247 2499 1337 2527 audit
1352 2499 1462 2527 desua
1480 2501 1638 2533 potestate
1657 2497 1740 2526 nihil
1755 2498 1930 2527 detractum

1140 2545 1181 2574 iri
1204 2548 1234 2573 et
1258 2545 1409 2573 Latinum
1431 2552 1545 2572 nomen
1570 2550 1825 2579 permansurum.

1184 2588 1260 2618 842.
1294 2587 1420 2618 Nubem
1435 2586 1602 2629 relinquit
1620 2588 1762 2623 explicat
1781 2588 1824 2625 id,
1847 2589 1930 2623 quod

1138 2636 1222 2664 dixit
1244 2632 1339 2663 caelo
1364 2632 1507 2670 excedit,
1531 2638 1563 2663 ut
1586 2642 1683 2669 saepe
1706 2634 1856 2663 adiuncto
1874 2642 1930 2670 per

1141 2689 1205 2720 quc
1231 2683 1328 2709 verbo
1350 2679 1441 2715 prius
1466 2681 1656 2715 explicatur.
1689 2679 1737 2709 ef.
1770 2677 1798 2716 1,
1824 2677 1856 2709 2.
1886 2695 1924 2699 -

1139 2728 1250 2760 Itaque
1278 2727 1387 2754 eodem
1424 2730 1564 2761 tempore
1595 2722 1730 2755 excedit
1759 2728 1789 2754 et
1821 2721 1928 2753 relin-

1140 2769 1213 2811 quit
1249 2775 1296 2800 est
1326 2771 1503 2800 dicendum.
1551 2773 1630 2800 Iuno
1663 2774 1769 2800 autem
1795 2777 1816 2799 a
1844 2773 1928 2800 nube

1139 2817 1257 2846 recedit
1282 2818 1418 2846 domum.

1139 2892 1329 2924 843—886.
1366 2892 1524 2935 Iuppiter
1549 2891 1664 2924 Diram
1695 2891 1851 2924 immittit
1869 2893 1926 2924 Iu·

1268 2942 1400 2977 tumne,
1426 2942 1465 2970 nt
1487 2947 1505 2969 a
1530 2937 1632 2969 fratre
1655 2935 1801 2970 recedat.

1185 2994 1261 3025 843.
1283 2993 1336 3025 his
1361 2994 1468 3026 actis.-
1514 3004 1610 3031 quum
1632 2995 1774 3031 Iuppiter
1804 2996 1850 3026 ita
1870 2999 1924 3027 Iu-

1139 3042 1233 3072 nonis
1256 3042 1399 3072 animum
1425 3044 1660 3072 commutasset.
