2023 3350
788 94 826 124 P.
856 92 1053 126 VIRGILH
1088 94 1302 128 MAROMS

217 96 300 137 456

216 207 349 249 Audit
382 219 536 259 equos,
576 205 699 247 audit
737 206 944 260 strepitus
981 211 1024 250 et
1059 207 1183 262 signa
1221 212 1491 262 sequentum.

217 265 306 307 Nec
343 264 521 317 longum
556 263 600 303 in
640 262 781 304 medio
817 267 1008 318 tempus,
1050 279 1180 319 quum
1216 267 1379 308 clamor
1413 267 1469 308 ad
1509 280 1636 308 aures

216 320 431 370 Pervenit,
474 333 525 361 ac
565 319 682 361 videt
712 320 973 374 Euryalum,
1016 336 1142 375 quem
1179 323 1265 365 iam
1305 338 1458 366 manus
1493 324 1642 375 omnis,

216 377 386 419 Fraude
421 377 506 418 loci
544 380 587 418 et
620 378 777 429 noctis,
819 378 961 420 subito
998 379 1202 421 turbante
1238 382 1438 434 tumultu,

217 436 480 488 Oppressum
517 435 655 488 rapit,
700 439 742 476 et
775 439 1004 478 conantem
1043 436 1232 489 plurima
1269 438 1445 481 frustra.

217 491 330 542 Quid
364 490 529 533 faciat?
569 505 657 545 qua
695 493 735 533 vi
771 493 988 545 iuvenem,
1032 493 1190 547 quibus
1229 496 1388 538 audeat
1421 496 1553 539 armis

216 549 428 603 Eripere?
468 562 523 590 an
560 563 653 590 sese
687 550 852 592 medios
889 551 1126 593 moriturus
1159 551 1204 592 in
1238 551 1386 596 hostes

217 606 400 658 Inferat,
447 609 489 647 et
518 606 746 659 pulchram
780 611 986 661 properet
1023 622 1103 662 per
1142 608 1318 652 volnera
1352 612 1567 653 mortem?

218 664 347 705 Ocius
382 662 570 705 adducto
607 667 814 718 torquens
845 665 1004 707 hastile
1039 666 1220 718 lacerto,

218 721 464 775 Suspiciens
504 721 639 763 altam
674 722 862 774 Lunam,
904 727 946 765 et
977 722 1040 764 sic
1076 736 1182 764 voce
1216 727 1442 776 precatur:

216 779 297 829 Tu,
339 778 438 829 dea,
479 781 528 819 tu
562 792 768 832 praesens
802 784 954 822 nostro
990 794 1195 822 succurre
1227 780 1380 834 labori,

217 837 448 878 Astrorum
480 835 610 878 decus
642 840 685 878 et
720 850 944 879 nemorum
984 838 1171 879 Latonia
1211 842 1378 891 custos;

218 893 263 936 Si
293 907 379 947 qua
411 893 498 935 tuis
536 907 728 947 unquam
765 909 847 948 pro
879 909 947 937 me
980 898 1107 949 pater
1137 895 1356 949 Hyrtacus
1393 898 1480 939 aris

216 951 343 992 Dona
377 950 494 1003 tulit,
539 951 575 992 si
611 964 698 1004 qua
733 951 827 1005 ipse
865 953 971 994 meis
1009 952 1240 994 venatibus
1275 954 1390 1006 auxi,

218 1007 483 1061 Suspendive
520 1007 642 1050 tholo
684 1013 761 1051 aut
797 1024 922 1052 sacra
960 1010 1017 1051 ad
1053 1009 1233 1063 fastigia.
1270 1009 1366 1053 fixi:

217 1065 343 1107 Hunc
378 1065 470 1107 sine
504 1079 572 1107 me
609 1066 790 1109 turbare
829 1067 1006 1121 globum
1044 1070 1088 1109 et
1123 1081 1226 1121 rege
1261 1069 1352 1111 tela
1391 1083 1468 1123 per
1509 1082 1650 1111 auras.

217 1123 419 1174 Dixerat,
461 1126 505 1164 et
543 1126 638 1165 toto
673 1124 884 1167 connixus
922 1138 1103 1179 corpore
1138 1124 1301 1166 ferrum

217 1180 410 1222 Coniicit.
470 1179 610 1223 Hasta
647 1182 799 1223 volans
838 1183 979 1224 noctis
1015 1182 1263 1224 diverberat
1298 1182 1475 1225 umbras

218 1238 275 1279 Et
313 1238 428 1279 venit
459 1239 600 1281 aversi
639 1238 684 1280 in
716 1242 887 1293 tergum
926 1240 1144 1282 Sulmonis
1180 1240 1329 1293 ibique

218 1295 452 1348 Frangitur
487 1309 539 1337 ac
570 1295 671 1338 fisso
709 1298 870 1340 transit
902 1297 1161 1351 praecordia
1197 1297 1329 1351 ligno.

220 1353 422 1394 Volvitur
457 1352 530 1394 ille
565 1367 739 1396 vomens
780 1355 970 1396 calidum
1006 1355 1059 1396 de
1095 1358 1273 1409 pectore
1309 1355 1467 1397 flumen

218 1409 420 1463 Frigidus
454 1413 496 1451 et
533 1410 672 1464 longis
712 1411 974 1466 singultibus
1014 1413 1090 1453 ilia
1127 1412 1288 1465 pulsat.

219 1467 388 1509 Diversi
427 1467 789 1522 circumspiciunt.
851 1470 947 1512 Hoc
991 1470 1135 1512 acrior
1171 1470 1286 1512 idem

1791 267 1871 305 395

1789 554 1871 592 400

1788 1126 1873 1164 410

219 1621 331 1656 ryalo,
365 1623 397 1648 υ1
428 1619 507 1648 nihil
540 1620 676 1650 audirer.
728 1623 851 1650 Postea
886 1621 1022 1656 propius
1071 1622 1132 1650 bus
1159 1629 1274 1656 saepe.
1324 1622 1374 1649 Ila
1406 1621 1477 1649 Tib.
1501 1619 1538 1657 3,
1581 1617 1620 1656 4,
1667 1619 1718 1648 15.
1760 1619 1802 1649 cf.
1840 1619 1872 1657 ’2,

219 1673 404 1700 aggressus
429 1666 516 1694 audit
545 1675 663 1701 equos.

264 1718 341 1749 394.
367 1718 475 1761 signa
494 1730 541 1751 sc.
560 1724 681 1760 sonitu,
711 1731 794 1752 voce
812 1727 843 1752 ut
871 1722 919 1760 10,
946 1721 1023 1752 265.

263 1776 339 1805 398.
366 1779 548 1811 Euryalum
574 1781 736 1807 turbatum
763 1784 791 1807 el
819 1778 943 1807 frustra
971 1787 1022 1807 re-

218 1823 391 1852 sistentem
430 1824 606 1853 abducunt.
663 1821 712 1853 Pl.
748 1825 833 1854 coni.
875 1822 1024 1864 rapiunt

219 1869 414 1898 conantem.

264 1921 340 1953 400.
368 1921 428 1962 „in
455 1931 553 1953 enses
585 1925 716 1959 allidam
744 1927 856 1961 legunt
885 1929 915 1954 et
953 1934 1021 1954 me-

217 1970 281 1998 lius
309 1973 423 2004 putant
449 1977 546 2004 quam
574 1967 609 1998 in
630 1967 777 2000 hostesf‘
805 1975 838 2000 S.
864 1980 930 2000 rec.
961 1969 1021 2000 Hb.

218 2012 334 2044 hostes
367 2016 491 2045 MRVb.
540 2016 642 2051 Igitur
672 2014 707 2045 in
733 2014 848 2046 hostes
879 2017 1022 2046 firmamr

219 2061 322 2089 libris.

264 2115 340 2145 40¹.
372 2114 466 2156 Quid
485 2114 605 2156 faciat
635 2140 641 2147 .
662 2140 668 2147 .
689 2140 696 2147 .
716 2141 724 2148 .
748 2121 912 2149 mortem.-
943 2121 1023 2154 Ipsa

217 2171 251 2190 re
276 2166 384 2192 lactus
411 2171 509 2192 suum
534 2164 710 2199 interponit
738 2170 835 2200 poeta
855 2165 1021 2194 iudicium.

218 2210 334 2238 'rentat
373 2209 474 2238 Nisus
507 2217 551 2238 ex
588 2212 718 2239 occulto
753 2211 868 2240 missis
899 2211 1021 2240 iaculis

218 2256 332 2284 hostes
350 2256 479 2285 turbare
496 2259 595 2289 atque
607 2255 653 2285 ila
668 2256 811 2286 liberare
826 2258 1019 2292 Euryalum.

263 2298 342 2328 402.
370 2297 467 2329 ocius
496 2300 536 2329 cf.
565 2300 606 2337 8,
631 2300 709 2330 555.

261 2343 339 2374 403.
366 2343 480 2375 altam
504 2343 624 2375 lunam
648 2348 680 2376 et
696 2348 816 2385 MPybc
844 2348 885 2375 al.
908 2344 1021 2376 allam

218 2389 265 2419 ml
292 2388 412 2419 lunam
437 2393 470 2421 et
496 2392 562 2420 RV.
614 2392 790 2421 Eiecerunt
817 2394 849 2421 et
874 2392 936 2421 iam
968 2389 1019 2421 Pl.

217 2441 247 2465 et
277 2432 339 2464 Ld.
369 2433 432 2465 Bk.
456 2437 542 2465 coni.
571 2433 606 2465 S.
639 2434 770 2475 altum,
807 2434 943 2466 Lunam
973 2434 1021 2466 sic

217 2482 302 2516 quod
334 2489 400 2510 rec.
431 2478 493 2510 ΠΙ).
525 2479 609 2522 lVg.
641 2483 756 2511 relinet
783 2484 815 2512 et
849 2487 880 2512 et
912 2484 1021 2512 addit:

217 2528 380 2562 „Utuntur
407 2527 568 2556 interdum
592 2532 724 2556 veteres
750 2529 932 2563 scriptores
965 2529 1020 2557 [ali

218 2573 385 2609 oratione,
415 2580 501 2607 quae
533 2573 608 2607 ipsa
640 2576 829 2608 perturbata
859 2577 1020 2603 turhatam

215 2622 359 2647 mentem
383 2619 438 2646 vel
468 2618 634 2652 loquentis
662 2619 719 2654 (Id
747 2621 933 2648 concedere
961 2627 1021 2654 par

216 2663 287 2698 est)
313 2667 345 2691 et
369 2664 500 2698 agentis
520 2663 573 2699 (ut
601 2666 631 2692 11.
648 2665 680 2699 1.,
701 2666 786 2699 quod
806 2666 943 2693 concedi
962 2674 1020 2693 ne-

217 2709 296 2745 quil,
330 2716 436 2743 neque
463 2709 547 2737 enim
567 2710 697 2744 agentis
721 2714 796 2738 sunt
821 2713 923 2739 verba
950 2711 1021 2740 Nisi

217 2755 276 2782 sed
304 2754 469 2783 narrantis
495 2752 634 2791 poetae)
666 2753 821 2784 indice1.‘²
872 2757 1020 2785 Nondum

216 2799 315 2834 igilur
339 2801 372 2829 et
400 2799 490 2828 iusta
513 2800 734 2834 explicatione
761 2800 954 2830 defenditur.
977 2817 1021 2821 —

217 2845 317 2874 Nisus
338 2844 507 2874 iaculandi
531 2846 656 2880 peritus
684 2845 724 2874 cf.
754 2854 787 2875 v.
817 2845 890 2875 178.

262 2887 340 2918 404.
366 2897 534 2929 praesens
559 2891 601 2919 cf.
626 2889 685 2924 12,
718 2890 791 2920 152.

264 2933 340 2963 405.
369 2931 473 2964 decus
494 2935 536 2964 cf.
562 2935 618 2972 10,
646 2936 723 2964 507.

264 2977 339 3008 406.
367 2977 396 3009 si
420 2978 479 3017 'pro
504 2977 696 3021 siquidem
718 2982 828 3017 itaque
855 2981 886 3011 in
915 2982 1022 3018 preci-

1074 1666 1150 1696 161.
1187 1665 1226 1703 4,
1259 1666 1336 1695 317.
1382 1665 1418 1703 6,
1450 1665 1526 1694 119.

1115 1711 1192 1741 407.
1226 1709 1277 1740 ΡΙ.
1302 1711 1388 1740 coni.
1415 1708 1512 1751 sique
1535 1708 1619 1751 ipse.

1115 1756 1193 1786 408.
1220 1759 1370 1794 „Tholus
1397 1757 1525 1792 proprie
1547 1762 1598 1785 esl
1619 1757 1721 1785 veluti
1743 1761 1874 1785 sculum

1072 1805 1189 1840 breve,
1229 1804 1314 1837 quod
1340 1803 1373 1831 in
1398 1804 1505 1831 medio
1532 1807 1617 1831 lecto
1647 1807 1714 1838 est,
1749 1802 1780 1831 in
1808 1811 1872 1836 quo

1070 1850 1182 1877 trabes
1219 1852 1357 1883 coenum
1399 1847 1461 1883 (cf.
1498 1848 1626 1877 Vitruv.
1667 1846 1704 1884 4,
1740 1848 1792 1884 7.)
1832 1849 1872 1876 ad

1071 1895 1156 1928 quod
1189 1895 1277 1922 dona
1304 1894 1466 1928 suspendi
1493 1898 1754 1922 consueverunt.
1804 1893 1873 1928 (cf.

1072 1941 1143 1969 Val.
1172 1941 1218 1968 Fl.
1250 1939 1279 1975 1,
1304 1938 1358 1968 57.
1387 1942 1467 1968 Stat.
1494 1940 1574 1968 Silv.
1606 1939 1631 1975 l,
1657 1937 1688 1975 4,
1713 1937 1757 1968 33
1782 1937 1874 1968 acci-

1067 1982 1120 2024 pit
1149 1982 1243 2014 omni
1267 1982 1413 2013 exuvias
1445 1982 1562 2013 Diana
1584 1981 1714 2023 tholo.)
1762 1985 1875 2014 Aedes

1070 2035 1179 2059 aulem
1206 2031 1365 2059 rotundas
1387 2030 1490 2059 trihus
1508 2031 1570 2059 diis
1589 2030 1699 2059 dicunt
1723 2030 1790 2059 fieri
1815 2032 1874 2058 de-

1071 2078 1164 2113 bere,
1207 2077 1350 2113 Vestae,
1388 2076 1533 2110 Dianae,
1571 2077 1627 2104 vel
1658 2076 1792 2104 Herculi
1818 2078 1873 2105 vel

1072 2120 1273 2150 Mercurio.“
1301 2124 1334 2150 S.
1358 2137 1402 2140 —
1424 2122 1472 2149 De
1499 2121 1593 2150 donis
1619 2122 1658 2149 ad
1686 2121 1822 2156 fasngia
1843 2125 1874 2150 et

1068 2168 1101 2196 in
1118 2167 1243 2196 foribus
1268 2169 1462 2202 1emplnrum
1481 2167 1660 2201 suspensis
1678 2166 1719 2195 cf.
1736 2166 1767 2203 3,
1792 2166 1871 2196 280.

1115 2211 1192 2241 409.
1221 2215 1290 2242 Non
1314 2217 1441 2248 poterat
1463 2216 1509 2241 101
1527 2212 1678 2241 homines
1696 2220 1781 2241 unus
1798 2213 1874 2241 vin-

1070 2266 1147 2286 cere
1181 2260 1281 2288 Nisus
1316 2259 1375 2287 sed
1409 2260 1540 2288 turbare
1577 2266 1637 2287 eos
1677 2262 1799 2295 tentat,
1840 2261 1871 2287 ul

1070 2306 1238 2337 Euryalus
1264 2304 1368 2338 possit
1395 2305 1552 2332 evadere.

1115 2347 1190 2378 410.
1219 2351 1291 2378 toto
1324 2357 1485 2388 corpore.-
1529 2348 1681 2378 omnibus
1721 2348 1871 2384 corporis

1069 2394 1215 2429 viribns;
1243 2396 1286 2424 ila
1317 2394 1375 2432 10,
1406 2394 1478 2423 127.
1523 2393 1577 2430 12,
1602 2393 1680 2424 920.
1709 2410 1754 2414 -
1778 2395 1872 2424 Adde

1072 2439 1130 2474 11,
1157 2439 1236 2468 313.

1115 2484 1191 2514 412.
1220 2481 1363 2514 adversi
1391 2487 1473 2514 Mss.
1501 2489 1531 2514 et
1560 2487 1655 2514 Serv.
1681 2485 1738 2519 qui
1768 2485 1872 2514 variis

1067 2531 1132 2560 viis
1174 2530 1307 2559 tentatis
1343 2533 1427 2559 hunc
1457 2533 1566 2559 locum
1600 2539 1700 2560 unum
1727 2539 1806 2560 esse
1832 2532 1871 2559 de

1065 2577 1300 2605 insolubilibus
1317 2576 1445 2605 falelur.
1474 2592 1512 2596 —
1536 2577 1752 2605 Recenliores
1769 2577 1869 2604 dede-

1067 2626 1141 2650 runt
1166 2630 1283 2650 ornnes
1310 2619 1438 2657 aversi,
1465 2623 1550 2657 quod
1578 2630 1664 2651 nunc
1685 2622 1717 2650 in
1741 2623 1869 2650 duobus

1068 2670 1149 2696 Mss.
1177 2672 1342 2702 repertum
1370 2671 1430 2696 est.
1486 2665 1625 2696 abversi
1651 2669 1706 2696 dat
1731 2663 1797 2696 Rb-

1113 2710 1190 2741 413.
1208 2710 1298 2750 fisso
1323 2709 1446 2751 ligno.-
1469 2715 1576 2742 Hasta
1593 2720 1713 2748 magno
1739 2711 1869 2740 {urbine

1069 2760 1186 2787 adacta
1212 2758 1383 2792 frangitur.

1113 2801 1190 2832 414.
1217 2805 1313 2831 Lucr.
1337 2803 1369 2839 2,
1396 2801 1473 2832 354.
1526 2797 1728 2840 Sanguinis
1755 2798 1869 2841 exspi-

1067 2856 1152 2878 rans
1178 2845 1335 2877 calidum
1364 2845 1407 2878 de
1430 2849 1567 2888 pectore
1584 2845 1731 2886 flumen.

1113 2892 1190 2923 415.
1218 2893 1265 2923 Cf.
1290 2892 1367 2929 333,
1395 2896 1430 2923 G.
1457 2893 1488 2929 3,
1513 2891 1579 2922 506
1597 2889 1737 2930 imaque
1760 2888 1870 2933 longo

1068 2936 1134 2969 ilia
1164 2936 1328 2979 singultu
1352 2936 1515 2968 tendunt.
1563 2937 1740 2965 Taaffist.
1766 2937 1798 2974 3,
1829 2938 1870 2967 10

1065 2987 1187 3026 pectus
1212 2990 1310 3021 alque
1335 2991 1394 3014 ora
1416 2979 1577 3024 singultu
1602 2980 1776 3022 quatiens.
