2023 3350
679 109 685 116 ·
707 99 943 134 AENEIDOS
974 104 1059 135 Lm.
1086 104 1165 136 xli.

124 213 337 254 Dicuntur
372 213 566 267 geminae
599 214 742 265 pestes
778 215 1030 277 cognomine
1063 217 1205 267 Dirae

1683 108 1760 146 631

1680 221 1763 260 845

126 271 242 320 Quas
285 274 328 312 et
361 271 610 312 'lai-taream
649 269 744 310 Nox
781 270 1038 326 intempesta
1077 274 1320 327 Megaeram

126 329 220 370 Uno
263 328 494 381 eodemque
528 326 629 368 tulit
659 331 788 380 partu
825 329 1088 384 palibusque
1122 332 1305 374 ievinxit

125 386 380 440 Seipentum
413 383 541 438 spiris
578 389 863 450 ventosasque
896 387 1064 429 addidit
1099 389 1204 429 alas.

126 443 219 485 Hae
255 442 367 483 Iovis
405 441 461 483 ad
501 441 656 482 solium
694 443 894 497 saevique
930 445 972 485 in
1009 445 1154 486 limine
1194 446 1307 498 legis

124 501 365 554 Adparent,
402 502 645 553 acuuntque
683 504 844 542 metum
878 502 1132 544 mortalibus
1171 503 1323 555 aegris,

1680 508 1763 547 850

126 559 172 600 Si
212 555 382 610 quando
413 556 547 597 letum
588 555 839 599 horrificum
875 559 1132 613 morbosque
1171 560 1297 601 deum
1334 575 1408 601 rex

125 615 300 657 Molitur
310 647 319 665 ,

359 614 535 656 meritas
574 619 651 656 aut
693 615 804 657 bello
843 617 1019 657 territat
1050 616 1189 658 urbes.

123 672 288 713 Harum
320 685 450 712 unam
493 672 674 714 ce1erem
709 673 881 714 demisit
914 673 970 714 ab
1003 674 1177 715 aet-here
1212 688 1376 714 summo

121 729 334 784 Iuppiter,
372 729 503 781 inque
533 744 658 771 omen
696 731 901 772 Iuturnae
934 744 1159 772 occurrere
1190 731 1326 772 iussit.

119 787 201 829 Illa
236 787 354 828 volat
393 787 607 840 celerique
646 787 703 829 ad
737 792 897 829 terram
930 789 1102 830 turbine
1141 789 1289 830 fertur.

1676 791 1760 829 855

123 846 220 887 Non
258 859 398 896 secus,
436 859 487 886 ac
518 859 648 886 nervo
687 860 764 898 per
799 844 953 885 nubem
988 846 1173 900 impulsa
1208 846 1379 900 sagitta,

121 904 342 944 Armatam
379 902 493 943 saevi
525 901 710 943 Parthus
747 916 875 956 quam
908 902 1006 945 felle
1045 904 1206 955 veneni,

122 960 307 1002 Parthus
342 959 431 1001 sive
465 959 631 1014 Cydon,
668 959 802 1001 telum
838 960 1152 1004 immedicabile
1185 962 1326 1012 torsit,

163 1133 240 1164 845.
263 1136 377 1174 pestes
402 1134 442 1163 cf.
466 1134 498 1172 5,
524 1132 601 1163 683.
650 1136 776 1164 Ρ3111115·
807 1144 834 1170 p.
862 1133 916 1163 69.

119 1183 162 1210 Μ.
200 1181 340 1216 explicat
376 1177 482 1209 Diras
522 1177 578 1208 dei
622 1178 677 1209 ira
713 1183 842 1216 τιαιιιες
887 1185 917 1210 et

121 1229 212 1256 Serv.
239 1227 279 1256 ad
303 1225 332 1263 3,
359 1224 426 1254 235
458 1226 595 1261 „Sabini
629 1231 657 1255 et
690 1227 801 1255 Umbri
833 1235 916 1261 111130

119 1281 178 1302 1105
203 1275 300 1308 maia,
329 1269 407 1300 dira
433 1271 716 1307 appellaverunt.“
745 1273 798 1302 Sic
818 1270 916 1301 dirus

121 1319 238 1353 ubique
268 1318 426 1354 significat
451 1319 534 1352 quod
564 1322 613 1347 est
642 1324 755 1347 contra
787 1319 915 1347 deorum

121 1366 330 1399 voluntatem,
353 1365 402 1393 sic
424 1361 504 1392 dira
519 1372 613 1392 mens
628 1362 659 1399 2,
680 1362 745 1392 519
765 1366 916 1394 501110011-

118 1411 222 1440 licher
247 1411 408 1447 GedanKe,
436 1417 500 1444 qua
526 1414 686 1439 tentantur
712 1410 768 1445 dii,
803 1414 836 1439 ut
859 1412 915 1438 ho-

119 1457 239 1486 minem
279 1464 389 1485 senem
434 1456 545 1485 iuvent
589 1456 715 1484 viribus
759 1455 916 1484 senectuti

117 1503 257 1539 negatiS,
284 1502 334 1531 sic
361 1499 440 1530 dira
465 1498 592 1540 cupido
622 1500 652 1538 6,
679 1498 755 1529 373.
780 1500 809 1538 9,
843 1499 916 1537 185,

118 1556 203 1584 quae
227 1548 326 1585 cupit,
345 1547 428 1582 quod
451 1547 497 1574 dii
521 1551 702 1581 vetuerunt,
735 1546 784 1575 sic
800 1545 916 1583 sunus

119 1592 235 1623 dirum
265 1591 318 1630 11,
338 1591 393 1629 56,
435 1592 513 1627 quia
547 1596 595 1621 est
624 1596 735 1622 contra
766 1596 915 1621 naturam

119 1640 184 1670 tilio
207 1643 338 1668 mortem
362 1638 543 1676 imprecari,
576 1635 735 1667 volucres
758 1635 858 1667 dirae
884 1636 916 1674 8,

120 1684 198 1722 235,
239 1692 322 1720 quae
345 1688 522 1714 vescuntur
556 1684 795 1719 cadaverinum
843 1684 916 1712 inde

120 1729 223 1761 dirae
259 1735 334 1760 sunt
358 1727 541 1770 Harpyiae
583 1729 613 1766 3,
640 1729 717 1764 235,
752 1737 835 1764 quae
876 1732 916 1758 ab

119 1778 234 1807 avium
259 1782 376 1806 natura
400 1778 492 1812 longe
514 1777 672 1811 recedunt,
705 1780 844 1810 suntque
868 1784 916 1804 re-

121 1831 202 1853 vera
226 1823 331 1852 factae
354 1823 395 1851 ad
427 1822 620 1856 explendam
661 1822 743 1850 iram
777 1823 917 1850 deorum.

124 1871 201 1898 Inde
229 1867 330 1897 dirae
353 1871 428 1897 sunt
457 1867 601 1901 infausta
625 1867 786 1902 auspicia,
817 1870 848 1895 et
871 1870 919 1895 est

121 1912 280 1945 dirarum
316 1910 548 1942 obnuntiatio.
600 1913 647 1942 Cf.
681 1913 748 1942 Cic.
786 1913 861 1941 Div.
893 1910 919 1949 1,

124 1958 175 1996 16,
211 1958 253 1987 29
293 1956 392 1988 diras
435 1955 654 1987 obnuntiare.
700 1960 778 1987 Inde
812 1955 919 1987 Dirae

120 2007 251 2043 signant
276 2002 396 2042 much,
419 2008 454 2033 ut
471 2005 595 2033 dicatur
615 2002 712 2032 diras
733 2001 920 2043 imprecari

121 2053 199 2082 Tac.
224 2053 265 2082 A.
293 2050 324 2085 6,
347 2049 400 2086 24,
425 2055 455 2079 et
481 2050 587 2080 sactae
611 2051 677 2079 sint
706 2052 795 2084 deae,
836 2057 918 2084 quas

123 2096 358 2137 „usurpative‘
384 2097 504 2125 Furias
532 2097 597 2125 dici
630 2098 719 2125 docet
755 2099 847 2124 Serv.
878 2097 917 2124 ad

124 2142 156 2181 4,
182 2142 258 2173 609.
309 2144 426 2179 Locus,
451 2151 512 2177 qun
535 2143 612 2178 sint,
652 2143 767 2171 varius
785 2142 921 2170 traditur

123 2190 183 2226 (cf.
212 2189 243 2224 6,
268 2187 367 2225 280),
390 2192 421 2217 et
447 2186 477 2225 4,
512 2186 576 2216 473
602 2188 701 2216 Dirae
729 2189 845 2216 adsunt
878 2188 918 2216 ad

123 2237 234 2271 templi
258 2236 367 2264 limen.
398 2236 449 2263 Ita
474 2237 504 2262 h.
527 2236 549 2262 l.
575 2236 747 2273 apparent
769 2238 920 2268 „praesto

123 2287 198 2312 sunt
232 2282 271 2310 ad
307 2280 517 2315 obsequium*
546 2282 577 2308 S.
601 2279 655 2314 (ut
687 2280 784 2308 etiam
817 2280 919 2313 magi-

123 2332 281 2358 stratuum
304 2327 446 2356 ministri
465 2327 652 2355 dicebantur
677 2323 919 2364 apparitores)

126 2375 209 2410 lovi,
247 2378 282 2402 ut
319 2373 390 2402 eius
427 2375 545 2401 acerba
577 2372 671 2401 iussa
689 2377 919 2406 exsequantur,

125 2422 225 2454 duae:
251 2419 355 2454 tertia,
380 2421 543 2454 Megaera,
569 2418 602 2446 in
628 2419 772 2446 Tartaro.
820 2419 857 2446 In
884 2426 920 2445 eo

127 2466 159 2504 6,
181 2464 242 2493 571
271 2465 370 2494 etiam
396 2465 581 2499 Tisiphone.
629 2464 742 2492 Utrum
758 2464 832 2499 Vgl.
852 2463 921 2497 ipse

127 2512 264 2546 finxerit,
285 2519 328 2540 an
355 2512 394 2539 ab
417 2511 483 2538 alio
501 2510 724 2544 assumpserit,
747 2510 920 2538 nescimus.

131 2557 329 2593 Apollonius
358 2556 504 2585 Rhodius
526 2556 693 2591 Harpyias
723 2556 800 2585 dicit
831 2555 922 2583 lovis

130 2611 231 2634 canes
251 2602 284 2640 2,
310 2599 386 2637 289,
407 2606 438 2630 et
461 2605 535 2631 sunt
558 2601 701 2630 famulae
726 2602 815 2630 lovis
836 2609 923 2639 quas

129 2656 284 2688 magnas
315 2644 380 2675 sibi
408 2644 497 2686 legit
534 2644 570 2675 in
606 2644 679 2675 iras
707 2648 782 2676 Val.
813 2648 861 2675 Fl.
892 2643 922 2680 ⁴,

131 2693 211 2723 520.
259 2693 369 2722 Facile
409 2696 514 2722 autem
549 2693 670 2727 aliquis
703 2695 743 2722 ad
773 2700 845 2722 eam
869 2699 924 2721 ac-

133 2742 245 2771 cedere
275 2742 396 2774 poterat
430 2738 623 2774 opinionem,
661 2746 725 2774 qua
747 2739 830 2773 Iovi,
872 2737 924 2766 cui

133 2787 298 2816 hominum
328 2789 462 2819 peccata
492 2784 655 2818 punienda
685 2788 776 2821 sunt,
809 2785 925 2813 adesse

133 2834 214 2863 illas
238 2832 380 2861 famulas
404 2833 539 2865 putaret.
567 2829 700 2858 Constat
723 2832 763 2858 ab
784 2829 927 2864 antiquis

135 2879 236 2909 varia
260 2876 431 2905 Furiarum
464 2875 596 2904 nomina
624 2876 771 2911 miseeri3
820 2880 927 2904 tamen

135 2932 237 2960 quum
274 2923 340 2952 sint
375 2921 508 2951 nomina
547 2921 759 2955 appellativa,
798 2922 929 2957 singula

135 2977 246 3000 eorum
281 2969 414 3005 singula
443 2967 587 2996 indicam
619 2967 722 2996 officia
750 2967 929 2996 Furiarum.

955 1401 1045 1446 Ἀοὰ
1075 1402 1118 1447 ὸ,

962 1130 1121 1187 ,Ερινύες
1153 1137 1449 1166 es.Ae.sct1.aum.
1477 1136 1541 1166 416
1567 1131 1669 1189 ἡμεῖς
1691 1132 1760 1190 yslo

966 1175 1070 1220 ἔσμεν
1106 1175 1254 1217 Νυκτὸς
1287 1177 1398 1220 αιανῆ
1430 1176 1554 1219 τέκνα,
1596 1177 1702 1221 Ἀραι
1728 1178 1760 1212 δ’

963 1221 1000 1256 ἐν
1024 1223 1138 1263 οἴκοις
1160 1224 1225 1267 φῆς
1242 1219 1334 1257 {farm
1364 1220 1590 1266 κεκλήμεθα,·
1634 1230 1678 1258 ibi
1702 1231 1760 1258 ad-

962 1277 1038 1302 sunt
1075 1275 1115 1302 ad
1154 1275 1350 1308 puniendum
1389 1276 1540 1303 Orestem.
1602 1276 1760 1309 Apertius

965 1320 1041 1347 Dira
1064 1320 1225 1348 indicatur
1250 1322 1335 1354 Sept.
1361 1317 1414 1353 69,
1447 1320 1502 1348 ubi
1526 1322 1688 1349 Eteocles:
1730 1329 1759 1349 ω

967 1361 1035 1393 Ζεῦ
1075 1373 1135 1393 και
1183 1361 1250 1404 Γῆ,
1296 1359 1356 1393 καὶ
1393 1361 1626 1414 πολισσοῦχοι
1659 1361 1759 1414 θεοὶ,

1139 1402 1289 1447 Ἐρινὺς
1316 1403 1455 1446 πατρὸς
1480 1401 1503 1448 ἡ
1522 1403 1764 1450 μεγασθενής.

963 1455 1016 1483 Sic
1041 1456 1112 1483 Ara
1147 1457 1186 1483 ab
1216 1456 1337 1490 Erinye
1371 1456 1549 1484 secernitur
1581 1464 1632 1490 ap
1662 1458 1758 1491 Soph.

962 1502 1009 1528 ΕΙ.
1039 1498 1097 1528 111
1125 1509 1152 1529 ω
1172 1494 1291 1539 χθόνι’
1305 1493 1425 1538 Ερμῆ
1446 1495 1507 1528 καὶ
1528 1494 1642 1529 πότνι’
1657 1494 1759 1540 Ἀρὰ,

962 1541 1092 1596 σεμναί
1130 1553 1168 1575 τε
1206 1542 1307 1575 θεῶν
1348 1541 1479 1580 παῖδες
1497 1539 1678 1584 Ἐρινύες,
1717 1541 1761 1576 αι

960 1584 1049 1626 τοὺς
1066 1583 1200 1626 ἀδίκως
1213 1585 1444 1631 θνήσκοντας
1458 1583 1577 1629 ὁρᾶτε,
1596 1596 1627 1620 et
1643 1592 1761 1621 dicitur

963 1629 1153 1671 δεινόπους
1170 1639 1204 1666 0.
1222 1638 1259 1666 R.
1275 1635 1351 1674 418,
1377 1641 1408 1666 ut
1423 1636 1544 1673 Erinys
1556 1631 1760 1676 χαλκόπους

961 1680 1096 1711 Ε1.49Ι
1137 1687 1166 1711 et
1190 1675 1416 1717 πολύστονος
1438 1684 1512 1711 Eur.
1537 1685 1589 1712 Or.
1613 1681 1689 1712 991.
1756 1681 1759 1684 ”

1009 1725 1291 1769 846.Me1raera
1321 1729 1404 1757 inter
1425 1729 1543 1757 Furias
1565 1729 1760 1764 saepissime

964 1778 1150 1803 memorata.

1011 1818 1088 1848 848.
1114 1819 1230 1854 Spirae
1251 1822 1435 1853 serpentum
1460 1819 1499 1848 cf.
1522 1817 1552 1855 2,
1578 1817 1655 1848 217.

1010 1864 1088 1894 849.
1114 1862 1231 1895 saevi.-
1257 1865 1447 1900 „Epitheton
1464 1869 1523 1900 est,
1536 1867 1759 1894 accommoda-

966 1915 1031 1940 tum
1057 1912 1096 1946 ei,
1123 1919 1220 1945 quum
1244 1911 1362 1943 saevit,
1388 1911 1587 1945 nequeenim
1614 1915 1661 1940 est
1682 1913 1759 1946 lup-

966 1958 1047 1992 piter
1091 1965 1217 1992 semper
1260 1957 1416 1985 saevus.“
1456 1959 1487 1985 S.
1536 1959 1760 1987 Exacerhatus

965 2007 1012 2031 est
1035 2003 1197 2031 hominum
1223 2003 1414 2031 sceleribus.

1010 2047 1087 2076 850.
1114 2046 1280 2077 mortales
1310 2046 1415 2088 aegri
1450 2048 1490 2077 cf.
1524 2046 1555 2085 2,
1592 2046 1667 2078 268.

964 2097 1090 2123 mettim
1118 2102 1242 2123 acuere
1265 2094 1304 2124 cf.
1334 2093 1411 2123 590.

1008 2138 1086 2168 852.
1108 2137 1262 2169 meritas.
1305 2141 1447 2175 luppiter
1478 2148 1543 2168 non
1574 2140 1666 2175 punit
1695 2142 1762 2169 nisi

963 2188 1148 2216 sceleratos.

1010 2230 1088 2260 854.
1119 2229 1154 2260 in
1182 2240 1280 2260 omen
1304 2232 1325 2259 i.
1352 2241 1379 2260 e.
1406 2235 1440 2259 ut,
1465 2239 1558 2260 omen
1579 2236 1674 2260 esset.
1710 2232 1759 2261 Cf.

965 2276 995 2313 6,
1019 2275 1072 2305 42.

1010 2322 1088 2352 856.
1116 2320 1267 2363 impulsa
1293 2319 1450 2362 sagitta:
1474 2322 1520 2350 ita
1542 2330 1572 2351 v.
1599 2320 1674 2350 320.
1699 2324 1759 2351 Ov.

964 2373 1007 2398 Μ.
1028 2368 1079 2404 11,
1096 2367 1159 2397 325
1175 2376 1350 2407 nervoque
1363 2365 1537 2405 sagittam
1552 2364 1702 2407 impulit.
1715 2384 1760 2388 —-

964 2423 1027 2455 per
1062 2413 1201 2443 nubem:
1235 2415 1288 2443 Sic
1311 2414 1421 2442 Parthi
1447 2414 1560 2443 Crassi
1584 2414 1760 2443 exercitum

968 2461 1115 2496 aggressi
1151 2464 1224 2489 sunt
1268 2461 1402 2495 pulvere
1435 2467 1454 2488 a
1488 2460 1588 2494 primo
1618 2460 1759 2494 equitum

972 2508 1080 2536 ordine
1104 2511 1270 2541 commoto,
1296 2514 1352 2540 per
1377 2514 1470 2540 quem
1495 2506 1632 2542 sagittas
1656 2506 1759 2535 mitte-

970 2556 1056 2584 bant.
1081 2553 1135 2587 qui
1160 2556 1230 2587 post
1253 2556 1354 2580 erant.

1014 2597 1091 2627 857.
1121 2599 1167 2627 De
1191 2598 1322 2626 Parthis
1345 2601 1375 2626 et.
1394 2597 1592 2632 Cydonibus,
1616 2596 1760 2631 quisunt

968 2654 1009 2673 ex
1035 2645 1148 2673 Cretae
1173 2647 1249 2673 urhe
1274 2643 1431 2679 Cydonia,
1474 2643 1612 2679 sagittas
1635 2650 1759 2671 veneno

968 2691 1184 2720 inficientibus
1211 2689 1250 2718 cf.
1289 2687 1339 2723 10,
1370 2686 1444 2716 140.
1472 2704 1509 2708 —-
1536 2695 1674 2716 armare
1702 2696 1760 2715 ve-

970 2745 1059 2765 neno
1084 2736 1123 2764 cf.
1151 2734 1182 2771 9,
1205 2733 1282 2762 773.
1324 2731 1379 2771 sel
1402 2731 1541 2762 veneni:
1586 2733 1641 2762 Sic
1664 2733 1757 2762 ovid.

966 2779 1021 2821 sel
1047 2778 1222 2820 vipereum
1243 2781 1294 2808 Tr.
1313 2779 1344 2815 5,
1368 2777 1399 2814 7,
1427 2776 1479 2808 16.
1504 2781 1594 2808 Pont.
1610 2776 1640 2815 1,
1657 2776 1688 2815 2,
1707 2776 1758 2808 18.

1019 2825 1096 2855 858.
1123 2824 1206 2855 Sive
1231 2829 1290 2855 hoc
1314 2833 1377 2853 uno
1399 2826 1469 2854 loco
1493 2833 1546 2859 ap.
1567 2825 1640 2860 Vgl.
1657 2824 1760 2861 iungit

974 2874 1144 2907 vocabula,
1182 2880 1244 2900 non
1286 2870 1461 2899 enuntiata.
1510 2871 1564 2899 Sic
1600 2877 1682 2899 usus
1711 2874 1759 2900 est

976 2919 1136 2954 particula
1160 2918 1292 2952 saepius
1313 2917 1435 2950 Cicero
1455 2918 1554 2945 semel
1579 2920 1612 2944 ut
1633 2917 1759 2946 videtur

976 2965 1049 2993 Liv.
1087 2960 1115 2999 1,
1143 2961 1162 2991 3
1202 2959 1373 2991 Ascanius
1402 2959 1517 2990 urbem
1556 2959 1664 2991 matri
1700 2970 1758 2991 scu

137 3018 179 3047 Et
200 3016 299 3046 Dirae
320 3019 396 3044 sunt
413 3015 608 3043 Graecorum
621 3004 741 3051 Ἀραι,
766 3016 800 3042 ut
816 3012 933 3042 Furiae
976 3017 1147 3040 novercae
1165 3005 1341 3049 relinquit,
1356 3008 1596 3038 semetcurtius
1610 3004 1640 3047 4,
1655 3005 1686 3046 4,
1702 3005 1756 3038 20.
