2023 3350
297 116 377 157 608

846 108 880 138 P.
905 106 1096 139 VlRGlLll
1123 109 1327 142 MAROMS

294 225 526 270 l‘ulwribus
566 220 729 263 caulem
762 219 876 260 foliis
916 222 957 260 et
998 219 1102 260 flore
1144 226 1382 264 comantem

296 287 528 336 Purpureo:
569 292 651 319 non
678 277 754 318 illa
790 276 891 317 feris
922 276 1140 329 incognita
1172 279 1310 331 capris

294 340 511 385 (stamina,
550 348 680 388 quum
714 337 834 387 tergo
866 333 1055 374 volucres
1093 336 1265 375 haesere
1301 336 1496 389 sagittae.

295 398 384 438 Hoc
425 395 582 443 Venus,
623 391 801 433 obscuro
841 390 993 431 faciem
1029 390 1291 432 circumdata
1324 393 1478 443 nimbo,

292 452 475 502 Detulit3
515 450 596 490 hoc
632 449 773 490 fusum
804 447 936 489 labris
973 447 1291 500 splendentibus
1327 463 1492 491 amnem

292 510 446 559 Inflcit,
479 507 644 549 occulte
680 505 912 556 medicans,
950 505 1199 558 spargitque
1234 505 1416 547 salubris

292 566 542 610 Ambrosiae
578 577 702 605 sucos
741 567 783 604 et
820 562 1028 604 odiferam
1064 576 1308 615 panaceam.

292 625 415 666 Fovit
446 637 496 664 ea
529 621 678 663 volnus
710 620 884 674 lympha
917 619 1146 672 longaevus
1184 620 1298 672 Iapis

290 683 518 735 Ignorans3
556 678 783 731 subitoque
825 677 958 718 omnis
993 676 1045 718 (le
1084 690 1262 729 corpore
1298 675 1408 729 fugit

291 740 455 793 Quippe
492 737 634 787 dolor-3
671 736 806 777 omnis
843 735 961 776 stetit
995 735 1078 775 imo

290 798 464 850 Iamque
503 798 649 836 secuta
683 807 853 834 manum
890 791 1003 832 nullo
1042 795 1219 844 cogente
1254 792 1414 844 sagitta

291 854 481 903 Excidit,
523 856 651 905 atque
684 864 816 891 novae
853 849 1017 890 rediere
1053 849 1095 890 in
1134 849 1316 902 pristina
1352 849 1473 889 vires.

291 913 422 953 Arma
458 910 531 951 citi
563 911 792 962 properate
833 907 943 957 vir03
983 906 1087 960 quid
1124 907 1277 947 statis?
1316 905 1430 959 Iapis

293 969 557 1018 Conclamat,
593 966 838 1020 primusque
875 965 1036 1006 animos
1079 964 1273 1005 accendit
1313 964 1355 1004 in
1390 963 1557 1004 hostem

289 1027 385 1068 Non
418 1026 525 1067 haec
563 1023 758 1065 humanis
797 1022 965 1075 opibus,
1004 1028 1089 1062 non
1123 1025 1216 1062 arte
1248 1021 1455 1074 magistra

289 1083 563 1133 Proveniant,
600 1094 734 1135 neque
777 1083 835 1131 te,
878 1081 1037 1130 Aenea,
1073 1093 1167 1120 mea
1203 1078 1380 1119 dextera
1415 1079 1577 1127 servat3

289 1141 428 1183 Maior
466 1140 557 1193 agit
597 1138 700 1179 deus
736 1140 867 1190 atque
906 1150 1036 1191 opera
1072 1136 1127 1178 acl
1164 1137 1328 1177 maiora
1365 1135 1557 1177 remittit.

290 1199 369 1240 Ille
409 1198 556 1240 avidus
588 1209 757 1250 pugnae
793 1209 913 1236 suras
952 1194 1185 1235 incluserat
1216 1207 1320 1235 auro

290 1257 400 1298 Hinc
442 1259 570 1308 atque
607 1253 726 1304 hinc,
765 1252 939 1305 oditque
975 1265 1139 1303 moras,
1180 1251 1435 1304 hastamque
1475 1251 1684 1291 coruscat.

290 1315 524 1367 Postquam
560 1311 716 1353 habilis
752 1310 879 1351 lateri
914 1309 1074 1363 clipeus
1107 1309 1326 1362 loricaque
1365 1312 1488 1362 tergo
1523 1310 1598 1358 est,

292 1371 520 1414 Ascanium
557 1369 662 1410 fusis
696 1368 855 1409 circum
893 1367 1192 1421 complectitur
1230 1365 1372 1417 armis,

291 1551 413 1576 tantum
438 1545 648 1574 indicabatur.
680 1545 729 1572 Ex
750 1543 878 1571 nomine
904 1543 989 1571 enim
1007 1551 1079 1577 pro-

292 1594 359 1628 prio
387 1593 423 1620 tle
447 1592 551 1625 ipsius
576 1590 622 1618 rei
641 1594 759 1618 natura
779 1589 861 1616 nihil
878 1588 1078 1624 intelligitur.

291 1640 358 1667 Hoc
379 1641 527 1673 apparet,
565 1643 638 1664 eum
658 1635 713 1669 qui
737 1642 868 1662 versum
889 1634 1080 1670 variaverit,

292 1693 353 1712 non
378 1683 532 1712 inficetum
551 1682 710 1709 hominem
733 1680 846 1714 fuisse,
870 1683 903 1707 ut
924 1680 979 1713 qui
999 1677 1080 1708 Cre-

289 1731 371 1759 taea
398 1732 532 1757 mutaret
557 1728 589 1754 in
619 1723 776 1759 Dictaea,
802 1730 835 1752 ut
858 1724 1020 1753 Dictamni
1051 1728 1081 1752 et

290 1783 356 1803 vox
381 1778 409 1802 et
433 1774 518 1802 notio
540 1774 722 1806 subreperet
745 1770 872 1805 legenti.

335 1828 410 1859 ⁴14.
438 1830 484 1859 Cf.
510 1829 576 1858 Cic.
600 1829 638 1856 de
661 1829 730 1855 Nat.
755 1827 847 1855 Deor.
868 1824 898 1862 2,
919 1825 972 1863 50,
994 1824 1070 1853 126:

289 1878 465 1915 „Auditum
497 1879 546 1903 est
568 1895 575 1903 .
595 1895 625 1903 ..
650 1880 767 1907 capras
800 1873 833 1900 in
860 1873 953 1901 Creta
981 1871 1076 1907 feraS,

288 1931 385 1958 quum
418 1925 526 1951 essent
557 1919 700 1949 confixae
721 1919 911 1947 venantium
937 1918 1076 1953 sagittis,

289 1971 419 1998 herbam
444 1974 611 2002 quaerere,
658 1971 740 1999 quae
766 1965 955 1993 Dictamnus
980 1970 1078 1992 voca-

289 2020 354 2048 tur,
399 2021 494 2048 quam
530 2019 626 2046 quum
661 2011 901 2047 gustavissent,
940 2010 1077 2045 sagittas

288 2061 436 2089 excidere
461 2059 568 2087 dicunt
591 2058 628 2085 de
643 2054 807 2090 corpore.“
846 2055 893 2084 Cf.
921 2056 1005 2083 Plin.
1025 2053 1077 2092 25,

288 2105 343 2142 53,
361 2104 403 2132 92
419 2105 644 2141 „Dictamnum
661 2103 826 2130 ostendere
836 2100 993 2136 (cervae)
1005 2102 1078 2129 vul-

289 2156 435 2185 neratae,
476 2153 570 2185 pastu
610 2148 718 2176 statim
749 2147 967 2176 decidentibus
992 2147 1077 2175 telis.

289 2200 357 2226 Non
390 2201 437 2226 est
472 2195 553 2225 alibi
586 2201 681 2228 quam
710 2194 744 2221 in
769 2193 864 2221 Creta
889 2215 895 2221 .
917 2214 923 2220 .
943 2215 950 2221 .
975 2194 1012 2221 Et
1044 2192 1075 2220 in

290 2244 385 2272 Creta
409 2250 471 2270 non
497 2240 641 2276 spatiosa
662 2239 814 2275 nascitur,
857 2239 998 2272 mireque
1021 2245 1076 2267 ca-

289 2290 356 2323 pris
377 2284 569 2323 expetiturf‘
606 2285 766 2314 Describit
788 2285 885 2313 etiam
904 2291 974 2313 eam
993 2284 1077 2313 alia-

288 2343 348 2370 que
382 2340 498 2370 genera
528 2334 680 2361 memorat
715 2331 793 2358 aliis
829 2331 863 2358 in
891 2330 985 2358 terris
1017 2337 1078 2358 na-

288 2380 422 2409 scentia.
465 2393 503 2398 ——
547 2380 585 2406 Et
611 2375 664 2413 26,
692 2373 735 2403 87
764 2376 976 2411 „Dictamnus
1001 2380 1076 2410 pota

287 2427 424 2460 sagittas
457 2424 547 2459 pellit
576 2426 606 2451 et
630 2423 698 2451 alia
725 2423 789 2450 tela
815 2422 956 2450 extrahit
980 2421 1074 2450 illita.

291 2472 414 2500 Bibitur
435 2479 476 2499 ex
500 2475 603 2503 aquae
633 2470 747 2503 cyatho
781 2467 929 2495 foliorum
951 2465 1075 2495 obolo.“

334 2515 410 2546 416.
437 2512 565 2548 faciem
593 2517 623 2542 et
654 2521 725 2543 cum
762 2512 843 2541 faeie
874 2517 971 2541 totum
1005 2521 1075 2541 cor-

287 2571 357 2598 pus,
397 2562 444 2591 Cf.
474 2559 503 2597 1,
530 2557 603 2588 658.
628 2574 671 2578 —
696 2559 850 2595 „Proprie
870 2558 998 2586 nimbus
1015 2563 1075 2594 est,

287 2609 342 2643 qui
366 2610 495 2637 deorum
518 2607 571 2635 vel
595 2605 819 2640 imperantium
842 2604 949 2638 capita
978 2604 1074 2638 quasi

286 2656 378 2684 clara
401 2654 519 2682 nebula
543 2651 663 2680 ambire
684 2647 832 2685 tingitur“
855 2651 886 2677 S.
912 2650 952 2678 ad
966 2648 995 2685 3,
1010 2647 1074 2677 585

286 2700 320 2728 in
340 2701 415 2734 alqt.
441 2703 471 2727 et
495 2699 534 2726 ad
559 2696 590 2733 2,
617 2693 680 2723 616
713 2695 855 2730 explicat
885 2697 989 2731 „nube
1024 2695 1072 2723 di-

286 2743 399 2774 vina.“
428 2745 476 2773 Ibi
498 2745 577 2772 Iuno
603 2741 730 2778 effulget
757 2742 873 2775 nimbo,
894 2744 923 2769 et
949 2739 980 2777 8,
1006 2738 1070 2768 608

286 2792 398 2820 Venus
423 2790 505 2818 inter
528 2789 688 2817 aetherios
714 2787 838 2815 nimbos
861 2787 966 2822 adest3
1014 2787 1070 2815 sed

288 2837 414 2865 nimbus
434 2839 482 2864 est
502 2835 599 2864 etiam
621 2835 710 2862 turbo
730 2833 821 2869 niger
848 2829 899 2869 11,
917 2829 993 2867 596,
1017 2839 1068 2867 ap.

288 2882 361 2910 Val.
383 2882 416 2917 2,
443 2878 505 2909 115
524 2883 572 2908 est
602 2879 728 2907 nimbus
759 2878 878 2912 piceuS.
926 2878 970 2906 At
997 2878 1070 2906 sive

288 2931 354 2955 ater
377 2931 439 2961 est,
479 2927 550 2955 sive
573 2925 746 2960 candidus,
787 2931 913 2958 semper
942 2923 1070 2951 nimbus

288 2973 361 3005 tegit
381 2973 471 3000 deum
496 2976 525 3000 et
551 2970 655 3000 oculis
678 2969 841 2998 hominum
864 2971 1023 2998 obscurat.

336 3015 409 3046 417.
435 3014 543 3045 labris
579 3025 624 3046 sc.
659 3016 771 3044 lebetis
807 3011 1068 3054 splendentibus

1828 337 1909 375 415

1828 619 1911 659 420

1119 734 1288 775 volnere
1326 733 1508 786 sanguis.

1831 905 1913 945 425

1833 1191 1916 1230 430

1125 1551 1170 1571 sc.
1214 1550 1287 1571 aere
1330 1549 1466 1571 amnem
1499 1550 1543 1571 sc.
1576 1548 1705 1576 aquam.
1758 1537 1915 1579 Inficitur

1126 1586 1263 1627 aliquid
1288 1585 1409 1626 aliqua
1432 1595 1478 1622 re,
1504 1588 1533 1616 si
1560 1587 1633 1615 inde
1658 1587 1737 1623 vim,
1767 1587 1915 1619 colorem,

1126 1641 1273 1668 saporem
1304 1635 1353 1662 vel
1381 1635 1444 1662 tale
1478 1633 1554 1668 quid
1586 1632 1740 1667 concipit;
1786 1632 1832 1660 ita
1859 1639 1916 1666 po-

1126 1681 1201 1708 cula
1225 1688 1361 1714 veneno,
1383 1681 1461 1708 lana
1484 1681 1579 1707 rubro
1601 1683 1659 1708 etc.

1173 1732 1248 1763 419.
1276 1732 1487 1772 odoriferam
1508 1736 1546 1765 cf.
1560 1737 1655 1765 Lucr.
1669 1733 1700 1771 4,
1719 1731 1794 1762 123.
1824 1730 1915 1762 Odo-

1126 1787 1195 1808 rem
1216 1777 1395 1819 exspirant
1422 1788 1531 1809 acrem
1556 1788 1721 1819 panaces⁸
1751 1779 1836 1808 Ptin.
1862 1777 1915 1813 25,

1124 1823 1163 1853 11
1190 1827 1360 1861 „panaces
1392 1826 1462 1861 ipso
1493 1826 1621 1855 nomine
1655 1825 1797 1854 omnium
1829 1833 1915 1854 mor-

1123 1873 1233 1900 borum
1256 1872 1397 1900 remedia
1415 1872 1579 1907 promittit.
1612 1868 1774 1900 Panacea
1794 1870 1879 1899 enim
1894 1877 1916 1900 a

1122 1913 1196 1945 πᾶν
1234 1922 1262 1945 et
1293 1910 1457 1956 ἀκέομαι.
1506 1918 1560 1947 Sic
1595 1913 1770 1945 ambrosia
1800 1907 1916 1954 (ὁὶ-μ-

1124 1957 1275 2001 βροτος)
1298 1963 1388 1992 vires
1415 1965 1468 1993 dat
1492 1963 1683 1992 indelebiles
1708 1962 1748 1991 cf.
1767 1963 1859 2001 Hom.
1873 1962 1913 1990 Il.

1129 2006 1179 2044 19,
1206 2006 1281 2036 353.

1171 2051 1247 2081 42⁰.
1278 2052 1406 2083 Fovere
1431 2062 1471 2083 ea
1496 2054 1529 2082 in
1549 2062 1583 2082 re
1607 2053 1780 2088 proprium.

1170 2097 1245 2127 421.
1273 2098 1461 2141 ignorans,
1486 2108 1522 2129 se
1539 2100 1618 2128 deae
1640 2099 1791 2128 adhibere
1814 2098 1915 2128 medi-

1123 2152 1262 2174 camina.

1170 2189 1245 2219 422.
1278 2188 1405 2232 quippe
1430 2192 1504 2220 adv.
1522 2190 1692 2228 naturlicb,
1713 2191 1796 2225 quod
1812 2189 1911 2219 facile

1122 2237 1323 2273 intelligitur.

1169 2280 1244 2311 424.
1270 2280 1404 2311 rediere
1422 2279 1456 2310 in
1481 2278 1634 2321 pristina
1659 2277 1762 2310 vires.
1788 2280 1914 2310 Similis

1123 2332 1283 2358 structura
1307 2330 1365 2357 Ov.
1392 2330 1435 2356 Μ.
1465 2325 1492 2364 1,
1519 2325 1533 2355 l
1566 2325 1604 2356 In
1626 2334 1718 2356 nova
1738 2324 1812 2363 sert
1835 2323 1916 2355 ani-

1120 2382 1197 2403 mus
1223 2376 1379 2403 mutatas
1407 2370 1519 2402 dicere
1542 2371 1686 2408 formas.
1717 2371 1756 2401 cf.
1780 2370 1811 2408 4,
1837 2369 1913 2401 569.

1127 2416 1178 2451 Pl.
1204 2420 1285 2449 coni.
1315 2417 1349 2448 in
1371 2420 1523 2458 pectora,
1548 2421 1578 2447 et
1609 2418 1638 2446 si
1660 2414 1812 2456 pristina
1843 2425 1912 2447 ser-

1120 2469 1223 2502 vetur,
1241 2466 1409 2501 legendum
1421 2472 1494 2493 esse
1516 2471 1599 2492 suae
1615 2467 1701 2499 putat
1719 2471 1774 2498 pro
1790 2471 1911 2492 novae.

1121 2512 1215 2539 Male.
1265 2513 1346 2539 Nam
1371 2517 1491 2547 novae,
1525 2509 1673 2545 pristinis
1697 2510 1831 2537 vulnere
1852 2517 1910 2538 ex—

1120 2557 1257 2592 stinctiS,
1282 2560 1389 2585 tantae
1414 2557 1557 2592 redeunt,
1591 2559 1731 2590 quantae
1753 2554 1911 2590 pristinae

1120 2601 1257 2632 fuerunt.

1167 2645 1244 2676 427.
1271 2650 1346 2678 arte
1365 2643 1552 2685 magistra,
1576 2645 1622 2674 ita
1643 2643 1674 2683 8,
1701 2643 1776 2674 442.

1168 2691 1243 2722 429.
1269 2690 1381 2722 maior
1405 2701 1450 2721 sc.
1480 2700 1540 2721 me.

1163 2737 1237 2767 430.
1264 2736 1464 2774 incluserat,
1489 2737 1527 2767 cf.
1558 2735 1607 2773 10,
1634 2734 1710 2765 5⁴6.

1163 2781 1237 2813 431.
1265 2781 1344 2813 hinc
1368 2786 1474 2822 atque
1496 2780 1576 2811 hinc
1599 2782 1639 2812 cf.
1668 2779 1698 2819 1,
1728 2778 1800 2810 162.

1163 2828 1236 2858 432.
1263 2826 1391 2858 habitis
1414 2829 1436 2858 i.
1455 2837 1483 2858 e.
1509 2832 1605 2864 aptus
1629 2827 1669 2857 cf.
1691 2824 1720 2864 1,
1738 2824 1802 2855 318
1820 2828 1903 2861 quod

1115 2876 1180 2912 legi
1206 2877 1277 2904 vult
1304 2872 1355 2904 Pl.

1162 2919 1236 2950 433.
1267 2917 1328 2949 [ΑΙ.
1349 2921 1380 2949 in
1400 2916 1510 2948 armis
1526 2918 1675 2955 intelligit
1692 2924 1817 2953 armos,
1841 2925 1903 2946 non

1115 2975 1216 2996 arma
1248 2970 1279 2995 et
1307 2967 1336 2995 si
1368 2965 1608 3000 comparaveris
1631 2964 1705 2991 Tac.
1731 2962 1768 2990 H.
1803 2961 1829 2999 t,
1856 2961 1899 2991 36

1112 3019 1278 3052 prensare
1300 3019 1434 3049 manue,
1455 3005 1633 3049 complecti
1657 3004 1775 3044 armis,
1797 3005 1904 3038 collo-
