2023 3350
771 74 1010 108 AENEIDOS
1046 77 1136 110 Lm.
1165 77 1243 109 v11.
1761 75 1843 115 363

187 189 388 233 Sulfurea
424 190 517 232 Nar
553 187 679 231 albus
719 203 837 244 aqua
875 189 1103 245 fontesque
1143 190 1306 244 Velini3

186 249 244 290 Et
278 248 478 302 trepidae
514 250 677 289 matres
714 262 912 302 pressere
953 249 1009 291 ad
1048 252 1230 303 pectora
1269 252 1410 295 natos.

186 306 294 348 Tum
330 320 432 348 vero
471 305 528 348 ad
565 319 714 347 vocem
752 307 935 359 celeres,
974 321 1062 361 qua
1099 306 1285 349 buccina
1322 309 1491 364 signum

185 364 296 406 Dira
334 363 474 416 dedit,
514 364 657 418 raptis
697 368 959 407 concurrunt
999 365 1193 419 undique
1231 365 1331 407 telis
1762 368 1845 407 520

187 422 393 464 Indomiti
430 421 674 476 agricolae3
713 437 793 465 nec
826 437 911 465 non
949 426 992 464 et
1023 423 1154 465 Troia
1193 422 1329 477 pubes

185 480 373 522 Ascanio
411 480 622 522 auxilium
656 482 812 523 castris
853 480 1035 523 effundit
1071 482 1248 536 apertis.

186 538 395 580 Direxere
433 538 560 580 acies.

621 539 719 580 Non
755 539 843 581 iam
880 538 1117 581 certamine
1157 540 1333 593 agresti,

188 596 419 649 Stipitibus
460 595 580 638 duris
620 597 766 651 agitur
801 596 1032 639 sudibusve
1070 598 1301 651 praeustis,

188 653 273 696 Sed
312 653 429 696 ferro
469 654 652 709 ancipiti
692 654 950 707 decernunt,
991 659 1176 709 atraque
1213 655 1302 697 late

186 711 413 754 Horrescit
449 712 612 754 strictis
651 727 773 767 seges
809 713 1006 764 ensibus,

1763 659 1786 698 cst

1793 660 1816 698 N>

1823 660 1845 698 C!

1046 727 1234 767 aeraque
1273 712 1440 768 fulgent

187 769 286 812 Sole
318 770 522 812 lacessita
558 774 600 812 et
634 771 774 813 lucem
813 771 893 813 sub
928 770 1078 812 nubila
1111 771 1300 813 iactant:

186 828 366 870 Fluctus
405 828 470 870 uti
505 828 645 883 primo
682 829 827 883 coepit
866 843 998 884 quum
1035 828 1257 870 albescere
1288 832 1428 881 vento,

186 886 405 928 Paulatim
444 900 536 928 sese
570 887 688 929 tollit
729 901 848 929 mare
887 890 930 929 et
963 886 1095 929 altius
1132 886 1271 928 undas

187 944 351 998 Erigit,
393 944 494 986 inde
529 945 622 993 imo
652 945 876 999 consurgit
913 944 969 986 ad
1005 944 1185 986 aethera
1220 943 1368 986 fundo.

1763 952 1786 989 01

1793 951 1815 990 02

1821 951 1847 990 Φ

187 1002 271 1044 Hic
309 1002 473 1045 iuvenis
513 1004 700 1057 primam
736 1007 839 1045 ante
880 1003 1019 1045 aciem
1054 1001 1267 1044 stridente
1307 1002 1483 1056 sagitta,

186 1060 401 1102 Natorum
435 1061 590 1115 Tyrrhi
627 1061 772 1103 fuerat
808 1061 882 1115 qui
918 1060 1153 1112 maximus,
1194 1059 1323 1101 Almo

189 1118 430 1171 Sternitur3
469 1119 612 1161 haesit
647 1119 761 1161 enim
799 1118 878 1161 sub
914 1121 1090 1172 gutture
1125 1117 1298 1169 volnus,
1341 1119 1385 1159 et
1421 1117 1536 1161 udae

188 1176 319 1219 Vocis
355 1177 441 1219 iter
475 1180 737 1232 tenuemque
773 1176 950 1219 inclusit
983 1176 1194 1231 sanguine
1228 1176 1373 1218 vitam.

235 1294 314 1325 517.
347 1292 438 1333 Nar,
476 1292 583 1328 Nera.
634 1295 682 1326 Cf.
713 1303 849 1325 versum
878 1295 992 1324 Ennii:

192 1339 413 1381 sulphureas
438 1339 557 1381 posuit
585 1339 783 1382 spiramina
814 1338 920 1371 ,Naris
946 1338 994 1369 ad

188 1385 317 1417 undas
365 1389 504 1417 Flavius
527 1389 611 1417 inter
629 1390 769 1418 Umbros
796 1392 825 1416 et
849 1388 993 1416 Sabinos

189 1435 232 1464 ad
258 1434 400 1464 Tiberim
427 1434 546 1464 defluit.
594 1436 653 1471 „In
677 1435 733 1463 via
755 1434 917 1463 Flaminia
942 1437 994 1462 est

188 1480 309 1510 civitas
333 1481 455 1510 Narnia
475 1481 506 1509 in
532 1475 698 1510 montibus
725 1481 844 1516 posita,
875 1481 993 1515 quibus

189 1529 306 1556 subest
343 1530 407 1556 Nar
435 1526 557 1557 fluvius
584 1550 591 1557 .
617 1550 625 1556 .
654 1549 661 1556 .
688 1528 772 1556 Dum
800 1527 915 1563 currit,
943 1530 993 1555 est

188 1574 359 1608 sulphurei
387 1574 531 1611 coloris,
559 1575 635 1602 dum
664 1574 825 1610 hauritur,
851 1574 935 1608 albi,
963 1576 992 1601 et

189 1619 303 1648 Sabini
335 1620 449 1654 lingua
476 1627 540 1649 sua
574 1617 651 1649 Nar
677 1620 788 1649 dicum
819 1616 996 1655 sulplltlr.“

189 1667 223 1694 S.
249 1666 364 1695 Claud.
391 1667 487 1694 Proh.
514 1670 544 1694 et
572 1667 622 1695 Ol.
643 1674 692 1694 cs.
707 1666 792 1694 256:
845 1662 920 1694 Nar
943 1662 996 1693 υἱ-

188 1708 301 1741 tintus
322 1709 428 1741 odore
447 1709 618 1749 sulfureo.
642 1726 684 1732 -
711 1709 906 1750 Fontesque
932 1708 997 1739 Γε-

191 1754 268 1786 lini.
317 1758 456 1786 Velinus
482 1757 523 1785 cf.
551 1765 582 1786 v.
616 1756 694 1787 712.
728 1766 745 1786 e
769 1765 898 1786 summo
926 1757 997 1791 Ap-

192 1803 313 1838 penino
340 1804 372 1832 in
398 1803 530 1832 Sabinis
559 1807 650 1832 ortus
684 1803 724 1831 de
745 1807 854 1832 monte
879 1802 998 1831 decidit

191 1849 275 1878 inter
301 1851 518 1878 interamnam
552 1853 581 1877 et
608 1851 729 1883 Reate,
762 1853 792 1877 et
821 1848 917 1877 eflicit
947 1850 999 1877 la—

192 1902 266 1924 cum
294 1896 462 1933 Velinum,
496 1895 550 1929 qui
576 1895 608 1923 in
633 1897 753 1924 Narem
776 1895 921 1924 emissus
947 1898 999 1923 est

192 1948 214 1970 a
239 1941 290 1969 Μ’.
320 1941 429 1970 Curio.
456 1941 537 1969 Plin.
564 1942 631 1970 NH.
659 1940 696 1977 3,
727 1939 784 1977 12,
816 1940 872 1969 17:
901 1938 999 1976 „Sa-

192 1984 266 2016 bini
313 1984 455 2016 felinas
493 1983 654 2015 accolunt
695 1989 808 2016 lacus.
855 1987 999 2016 roscidis

191 2034 347 2062 collibus.
396 2036 462 2062 Nar
476 2032 582 2061 amnis
596 2033 747 2062 exhaurit
763 2033 839 2061 illos
860 2034 1000 2067 sulphu-

192 2079 259 2108 reis
294 2076 425 2113 aquis.“
451 2095 497 2098 —
523 2079 589 2108 Cic.
621 2079 684 2107 Att.
712 2077 747 2115 4,
791 2078 832 2107 15
865 2080 998 2115 „Lacus

192 2125 334 2154 Velinus
374 2132 395 2154 a
429 2126 479 2153 Μ’.
519 2124 618 2154 Curio
656 2125 803 2153 emissus
841 2125 998 2153 interciso

192 2176 301 2200 monte
330 2171 363 2200 in
390 2174 505 2200 Narem
540 2170 666 2199 defluit:
701 2179 744 2199 ex
771 2179 835 2205 quo
865 2175 916 2199 est
942 2171 1000 2199 illa

194 2218 320 2246 siccata
346 2222 375 2246 et
410 2218 543 2246 humida
570 2221 679 2245 tamen
708 2218 837 2245 modice
862 2214 999 2246 Rosia.“

193 2264 244 2292 Ab
277 2263 468 2292 hominibus
500 2267 642 2291 montem
682 2271 762 2291 esse
798 2263 1001 2298 perforatum

193 2316 318 2344 negare
345 2311 474 2338 videtur
493 2309 628 2338 Tacitus
648 2310 688 2338 A.
713 2308 740 2342 t.
769 2309 821 2337 79.
860 2309 944 2338 Ptin.
968 2308 1000 2343 2Ἶ

198 2354 273 2393 103,
298 2354 372 2385 106.
422 2358 481 2392 „ln
498 2356 620 2384 Piceno
642 2356 717 2384 lacu
737 2355 853 2384 velino
876 2356 1001 2391 lignum

196 2401 357 2430 deiectum
386 2402 519 2437 lapideo
547 2401 669 2430 cortice
697 2401 903 2430 obducitur.“

241 2446 319 2476 519.
347 2444 394 2475 ad
436 2455 549 2477 vocem
592 2455 640 2476 sc.
674 2448 847 2476 buccinae.
898 2450 1002 2486 „Nam

196 2493 384 2528 quicunque
411 2501 516 2522 sonus
533 2493 597 2521 dici
616 2501 685 2521 vox
702 2494 834 2528 proprie
860 2492 1002 2529 potest.·'‘

197 2541 230 2568 S.
280 2538 321 2568 cf.
356 2540 397 2568 ad
424 2537 455 2575 3,
489 2538 566 2567 669.
616 2541 741 2573 .,'ruba,
770 2546 855 2573 quae
880 2540 1005 2569 directa

197 2589 265 2621 est,
293 2587 490 2620 appellatur.
540 2584 705 2621 Buccina,
733 2592 818 2619 quae
841 2585 873 2614 in
898 2590 1004 2615 semet

195 2631 305 2666 ipsam
336 2639 436 2660 aereo
467 2631 592 2659 circulo
620 2629 779 2659 flectitur*
810 2632 924 2667 Veget.
971 2631 1004 2669 3,

197 2676 229 2706 5.
279 2679 314 2706 Id
358 2677 460 2705 firmat
500 2681 614 2712 poeta3
657 2684 816 2712 compara
851 2685 882 2706 v.
926 2677 1004 2707 513.

197 2725 398 2752 memoratur
432 2722 489 2758 ll,
513 2720 589 2750 474.

243 2769 321 2798 521.
347 2777 409 2798 nec
430 2777 499 2797 ηοη
528 2769 559 2796 et
587 2767 627 2796 cf.
652 2766 689 2802 5,
723 2766 798 2795 loo.

242 2814 321 2844 522.
354 2812 464 2844 Pubcs
485 2811 659 2842 aui-ilium
680 2811 806 2851 fundit
828 2822 845 2843 c
869 2811 1007 2852 castris,

199 2862 274 2890 duni
295 2862 372 2897 ipsa
397 2860 528 2890 advenit
556 2859 694 2888 auxilio.

242 2906 322 2936 523.
348 2904 507 2936 direxere
529 2903 639 2934 acies:
664 2906 733 2934 lam
753 2905 825 2935 acie
847 2905 1008 2936 instructa

200 2957 366 2989 pugnant;
402 2960 465 2981 nec
495 2952 686 2987 agrestibus
721 2953 781 2981 sed
812 2952 1007 2982 militaribus

201 2999 300 3029 armis
329 3000 521 3028 decernunt.

1087 1294 1164 1324 525.
1193 1291 1327 1329 „Ferro
1362 1291 1513 1334 ancipiti
1551 1296 1703 1331 utrinque
1737 1297 1850 1326 noxio.

1040 1341 1125 1370 Dicit
1153 1345 1261 1370 autem
1288 1345 1342 1370 aut
1363 1342 1494 1376 gladios
1521 1346 1576 1370 aut
1601 1343 1788 1377 bipennes“
1817 1347 1851 1372 S.

1041 1387 1096 1416 Sic
1134 1387 1254 1416 ferrum
1296 1394 1422 1422 anceps
1465 1388 1581 1416 dicitur
1615 1389 1767 1424 bipennis
1797 1398 1849 1425 ap.

1039 1435 1138 1462 Lucr.
1164 1433 1200 1469 6,
1238 1431 1303 1462 168
1336 1431 1483 1462 caedere
1517 1431 1548 1463 si
1575 1443 1674 1474 quem
1702 1433 1854 1476 ancipili

1040 1477 1166 1508 videas
1185 1478 1283 1517 ferro
1299 1477 1424 1520 procul
1440 1477 1578 1509 arboris
1599 1483 1754 1511 auctum.
1803 1482 1852 1512 cf.

1043 1525 1102 1558 11.
1128 1524 1206 1554 651.

1088 1571 1166 1600 5:26.
1194 1568 1362 1600 horrescit
1390 1571 1432 1601 cf.
1465 1573 1505 1601 ad
1533 1570 1571 1610 3,
1609 1571 1682 1602 195.
1708 1589 1754 1593 —
1785 1571 1851 1603 Sc-

1043 1626 1107 1659 ges
1146 1626 1219 1647 cuni
1263 1618 1336 1647 acie
1367 1624 1560 1654 comparata
1596 1619 1654 1656 11,
1696 1619 1775 1648 601.
1807 1635 1853 1640 ——

1048 1662 1135 1693 Atra
1163 1668 1214 1693 est
1247 1665 1287 1693 ad
1316 1666 1485 1694 oculorum
1509 1665 1682 1702 iudicium,
1717 1667 1853 1699 longum

1043 1710 1210 1738 hominum
1247 1710 1393 1739 ordinem
1426 1711 1459 1739 in
1493 1719 1610 1747 campo
1643 1713 1853 1748 prospicien-

1044 1756 1132 1784 tium.
1183 1756 1223 1784 cf.
1250 1755 1287 1791 9,
1313 1754 1368 1784 35.

1091 1798 1169 1829 527.
1197 1799 1363 1831 lacessita
1391 1801 1412 1830 i.
1445 1810 1472 1830 e.
1500 1804 1598 1837 pulsa
1629 1803 1710 1832 solis
1738 1804 1852 1832 radiis.

1046 1849 1227 1882 „Naturale
1247 1847 1333 1876 enim
1358 1852 1424 1883 est,
1450 1852 1483 1876 ut
1510 1851 1717 1877 metallorum
1742 1851 1853 1884 splen-

1047 1895 1102 1923 dor
1123 1895 1197 1928 plus
1216 1893 1339 1930 fulgeat
1366 1894 1435 1922 alia
1454 1896 1526 1923 luce
1545 1894 1791 1929 repercussus.“
1819 1898 1850 1925 S.

1092 1937 1169 1968 528.
1194 1937 1308 1979 primo
1335 1942 1437 1968 veneo
1460 1940 1480 1968 i.
1498 1949 1524 1969 e.
1539 1942 1594 1969 ubi
1615 1941 1753 1976 primum
1771 1950 1854 1971 ven-

1043 1990 1096 2014 tus
1120 1986 1161 2014 fit.
1210 1987 1331 2015 Eadem
1368 1987 1566 2021 comparatio
1597 1992 1646 2016 est
1678 1995 1730 2023 ap.
1758 1990 1851 2017 Hom.

1043 2033 1082 2060 Il.
1116 2029 1152 2067 4,
1185 2029 1261 2060 422.
1291 2048 1330 2052 -
1362 2029 1542 2061 Albescere
1574 2035 1675 2062 vento
1708 2036 1852 2073 pontum

1045 2077 1200 2106 instantis
1230 2079 1430 2113 tempestatis
1461 2079 1592 2115 signum
1623 2084 1690 2115 est;
1722 2080 1760 2109 cf.
1788 2081 1849 2109 Ov.

1045 2125 1088 2151 Μ.
1129 2120 1187 2159 ll,
1223 2121 1307 2152 4230:
1356 2121 1468 2161 Quam
1505 2133 1602 2153 marc
1631 2122 1693 2153 sub
1719 2128 1854 2154 noctem

1045 2165 1192 2198 tumidis
1234 2166 1408 2197 albescere
1449 2167 1778 2208 cocpitflz1ctibus,
1825 2173 1857 2200 et

1042 2222 1210 2254 praeceps·
1232 2211 1368 2253 spirare
1395 2211 1570 2243 valentius
1598 2212 1726 2244 Eurus.

1093 2257 1169 2288 5:32.
1201 2257 1316 2297 Almo,
1351 2259 1471 2289 fluvius
1500 2260 1605 2294 Latin
1645 2261 1683 2290 cf.
1717 2263 1776 2290 ΟΥ.
1811 2264 1854 2290 Μ.

1048 2303 1100 2338 14.
1126 2303 1191 2333 329
1217 2313 1390 2345 cursuque
1405 2303 1630 2334 brevissimus
1654 2303 1765 2336 Almo.
1805 2310 1856 2336 Ita

1049 2353 1148 2381 etiam
1167 2355 1299 2381 brevem
1316 2351 1438 2380 homini
1460 2352 1534 2388 Vgl.
1560 2352 1644 2380 dedit
1660 2352 1773 2381 vitam.
1823 2355 1857 2381 Is

1049 2403 1175 2434 autem,
1221 2398 1279 2433 qui
1319 2398 1488 2427 innumera
1526 2398 1693 2426 hominum
1724 2399 1857 2428 nomina

1050 2445 1168 2481 fingere
1210 2446 1402 2481 cogebatur,
1449 2445 1487 2472 de
1534 2444 1720 2473 fluminibus
1759 2453 1858 2480 saepe

1050 2491 1200 2526 sumpsit.
1251 2491 1304 2519 Sic
1335 2487 1510 2518 Almonem
1535 2490 1626 2525 dixit,
1650 2491 1761 2519 statim
1784 2488 1857 2519 Ga-

1051 2534 1206 2573 laesum,
1233 2537 1287 2571 qui
1315 2540 1362 2564 est
1387 2535 1509 2565 fluvius
1534 2535 1748 2573 Bruttiorum,
1780 2544 1858 2566 mox

1059 2581 1219 2620 [sentem
1247 2580 1324 2610 745.
1382 2579 1586 2610 Umbronem
1618 2579 1695 2611 752.
1747 2579 1858 2612 Lirim

1053 2626 1112 2665 11,
1151 2626 1227 2656 670.
1258 2630 1302 2657 al.
1352 2628 1406 2656 Sic
1438 2628 1472 2656 in
1497 2627 1648 2656 Troianis
1677 2624 1857 2667 Hypanim

1051 2675 1195 2710 aliquem
1230 2678 1260 2703 et
1303 2670 1448 2703 Caicum
1484 2673 1589 2702 fuisse
1624 2674 1774 2710 legimus.
1812 2690 1858 2694 —-

1048 2719 1174 2758 fuerat
1197 2725 1298 2758 recte,
1330 2719 1461 2749 occisus
1484 2720 1571 2748 enim
1593 2721 1760 2749 maximus
1785 2728 1860 2750 esse

1052 2767 1159 2795 desiit.

1099 2810 1176 2841 533.
1202 2808 1318 2841 haesit
1338 2807 1490 2846 vulnus3
1513 2818 1590 2840 nam
1601 2813 1701 2841 telum
1719 2812 1765 2841 ibi
1780 2814 1860 2841 hae-

1053 2858 1096 2888 sit
1126 2858 1166 2888 cf.
1199 2856 1236 2896 2,
1269 2854 1346 2885 529.
1396 2857 1487 2893 „Vix
1518 2858 1645 2896 dubito,
1680 2858 1758 2893 quin
1783 2859 1859 2895 Vgl.

1053 2913 1110 2940 pro
1135 2901 1228 2932 udae
1253 2903 1423 2938 scripserit
1446 2900 1543 2932 ἰιπαιι
1570 2900 1622 2932 Pl.

1100 2947 1176 2978 534.
1204 2946 1358 2986 inclusit,
1385 2949 1476 2978 exire
1495 2949 1650 2985 cohibuit,
1672 2952 1707 2978 ut
1723 2953 1861 2984 nequeat

1053 2996 1178 3033 audiri;
1204 2996 1250 3025 ita
1275 2995 1342 3025 Cic.
1367 3003 1415 3031 pr.
1441 2996 1523 3025 Bab.
1549 2996 1585 3024 P.
1609 2992 1651 3024 47
1682 2992 1738 3025 Me
1761 2992 1862 3025 dolor
