2023 3350
771 110 1008 144 AENEIDOS
1035 113 1121 144 LIB.
1147 114 1190 144 ll.

1748 113 1801 152 ‹37

158 225 250 276 Quo
289 225 450 279 gemitu
484 225 675 266 conversi
711 225 842 266 animi
881 240 1148 279 compressus
1187 229 1229 267 et
1263 227 1400 268 omnis

160 283 364 337 Impetus.

424 282 664 324 Hortamur
698 282 803 335 fari,
848 298 932 338 quo
970 284 1176 337 sanguine
1214 288 1367 332 cretus,

158 341 324 392 Quidve
358 341 488 392 ferat3
533 345 759 393 memoret,
801 356 911 395 quae
944 343 1001 384 sit
1032 341 1191 383 fiducia
1226 346 1366 396 capto.
1748 343 1786 381 7:

1780 343 1799 381 ψ(

157 399 236 441 Ille
273 399 402 450 haec,
442 399 640 452 deposita
671 399 846 441 tandem
882 400 1127 451 formidine,
1174 399 1312 441 fatur:

273 457 438 499 Cuncta
478 457 675 511 equidem
714 457 813 509 tibi,
856 459 964 509 Rex,

1007 458 1139 500 fuerit
1172 457 1472 512 quodcunque,
1516 456 1686 498 fatebor

156 515 288 566 Vera,
334 515 494 569 inquit,
536 529 674 569 neque
707 530 774 557 me
806 516 1009 570 Argolica
1052 516 1104 557 de
1141 519 1266 570 gente
1302 515 1492 569 negab03

155 573 251 615 Hoc
286 574 493 627 primum3
535 588 630 625 nee,
673 574 709 615 si
746 574 950 615 miserum
985 575 1179 616 Fortuna
1221 574 1421 616 Sinonem

154 631 317 682 Finxit,
363 645 518 672 vanum
555 632 684 673 etiam
720 632 1054 686 mendacemque
1090 631 1290 686 improba
1326 631 1469 685 finget.

1744 633 1798 671 80

154 689 303 731 Fando
342 689 517 743 aliquod
551 690 587 731 si
618 689 731 732 forte
765 694 862 732 tuas
898 690 1091 745 pervenit
1123 689 1178 730 ad
1209 703 1334 731 aures

155 747 332 790 Belidae
371 762 525 789 nomen
560 748 801 790 Palamedis
836 752 878 790 et
912 749 1076 790 incluta
1109 747 1224 789 fama

204 887 257 918 73.
280 892 348 919 Iam
366 891 419 925 qui
439 896 530 926 capto
550 893 728 922 illuserunt.
744 894 955 921 miserescunt

159 940 188 965 et
212 943 299 965 nova
316 938 467 965 audiendi
485 939 593 972 cupidi
615 941 654 967 ah
676 940 746 973 ipso
766 943 953 973 exposcunt.

157 984 243 1010 Sane
270 991 346 1011 vero
372 984 488 1012 mirum
515 989 599 1018 erat,
624 987 705 1019 quod
730 987 871 1013 Graecus
898 987 954 1013 ho-

157 1036 208 1056 mo
233 1028 264 1056 id
290 1029 431 1057 maxime
456 1031 601 1064 lugebat,
641 1032 721 1065 quod
751 1039 771 1059 a
794 1031 954 1065 Troianis,

156 1076 352 1103 Graecorum
374 1076 530 1108 nostibus.
554 1078 594 1105 ad
616 1082 746 1105 mortem
766 1079 953 1104 traheretur.

202 1129 255 1160 74.
283 1141 349 1172 quo
379 1129 558 1172 sanguine
591 1135 705 1161 cretus
743 1134 782 1162 cf.
819 1131 849 1164 4.
881 1130 952 1161 191.

157 1178 204 1206 De
226 1178 388 1212 participii
416 1177 516 1206 forma
544 1178 581 1207 cf.
609 1178 639 1206 5.
669 1177 744 1207 332.

201 1231 254 1262 75.
286 1231 378 1273 Quid
423 1230 547 1271 ferat?
599 1239 631 1263 ut
676 1244 748 1264 nos.
803 1244 875 1264 was
921 1243 956 1264 er

155 1277 291 1321 ὸνίηὲε,
318 1281 393 1315 quid
418 1283 533 1309 habeat
558 1281 672 1310 dicere.
708 1284 754 1310 Ita
773 1281 856 1320 sero
883 1278 954 1309 161.

153 1330 184 1354 et
208 1323 239 1360 8,
258 1324 330 1355 119.
364 1323 501 1364 deferre
524 1324 553 1361 4,
573 1325 648 1355 298.
681 1328 810 1364 referre
837 1326 862 1356 1.
879 1326 954 1355 309.

152 1371 309 1411 perferre
334 1372 365 1409 5,
385 1370 460 1400 665.
494 1370 543 1406 11,
567 1369 642 1401 181.
693 1375 746 1403 Sic
772 1371 899 1412 offerre
922 1378 955 1402 ut

155 1417 228 1446 Liv.
258 1417 287 1453 6,
315 1416 344 1447 6.
371 1420 412 1447 al.
442 1434 479 1438 ——
502 1415 600 1456 Quae
622 1417 665 1449 sit
686 1415 848 1456 fidncia!
874 1422 954 1448 Num

153 1465 270 1492 habeat
294 1465 486 1499 quidquam,
511 1473 571 1499 quo
600 1465 699 1494 fretus
725 1466 855 1494 veniam
880 1474 954 1500 spe-

159 1515 203 1538 ret
230 1511 401 1545 impetrare
426 1511 579 1543 hostium.
607 1520 703 1545 quum
731 1514 811 1540 ultro
838 1521 873 1540 se
899 1514 954 1539 ob-

155 1556 291 1584 tulisset.
327 1554 389 1585 Rb.
414 1557 494 1586 coni.
523 1554 634 1595 Quive
653 1557 751 1595 fuat,
775 1565 954 1591 memores,

154 1603 191 1630 de
217 1610 278 1636 quo
310 1600 391 1631 Wd.
425 1600 538 1638 „Wir
566 1600 688 1632 wollen
715 1601 826 1632 dieses
860 1600 954 1632 [sind

154 1645 229 1676 dem
260 1645 488 1678 H'ohlwollen
511 1646 622 1678 seines
646 1648 768 1679 l‘aters
798 1646 953 1679 tiberlos-

154 1691 253 1722 sen-‘³
302 1696 375 1729 Ipse
416 1692 458 1723 74
491 1700 518 1723 et
554 1693 595 1722 75
639 1699 839 1730 perturbatos
879 1704 953 1724 esse

152 1744 274 1775 monem
298 1740 502 1775 maximeque
529 1746 684 1777 movetur7
708 1743 790 1776 quod
817 1742 849 1770 in
874 1739 952 1771 hor-

153 1787 272 1814 tamur
299 1795 357 1815 rex
377 1787 474 1815 nimis
495 1790 691 1817 obscuretur.
720 1789 772 1817 cui
799 1788 876 1816 Sino
903 1797 954 1817 re-

153 1833 317 1866 spondeat.
371 1829 422 1861 Pl.
455 1833 541 1862 elicit
573 1838 735 1862 memoret
760 1849 804 1853 —
830 1836 953 1873 capto,-

154 1878 330 1906 assentitur
358 1875 416 1906 Gr.
448 1876 535 1907 Hclc.
561 1882 662 1914 exul:
687 1881 807 1912 doceat.
833 1885 953 1914 qtianta

154 1923 185 1951 ei
210 1923 285 1952 fides
312 1924 412 1958 possit
434 1926 561 1953 haberi!
610 1927 690 1954 Tale
711 1927 787 1961 quid
813 1935 875 1954 non
899 1935 952 1955 so-

154 1971 197 1997 let
219 1978 260 1998 ex
285 1969 453 2006 transfuga
476 1971 596 2005 quaeri.

200 2024 254 2055 76.
282 2028 341 2056 Hic
366 2035 484 2055 versus
507 2030 597 2056 abest
622 2035 641 2056 a
666 2029 779 2056 multis
802 2031 882 2057 Mss.
909 2036 952 2057 sc.

156 2080 177 2101 a
202 2075 281 2101 Mor.
303 2075 364 2105 al.;
404 2073 531 2102 additus
564 2074 595 2101 111
621 2075 703 2102 Med.
731 2082 751 2102 a
775 2082 873 2103 manu
904 2083 954 2103 re-

154 2119 305 2147 centiore.
356 2120 475 2147 Siletur
501 2127 519 2148 a
545 2120 676 2154 Servio.
703 2124 732 2148 et
759 2125 858 2154 potest
881 2121 952 2148 siue

154 2166 269 2193 damno
295 2167 427 2198 abesse.
468 2170 496 2193 et
530 2165 630 2200 potuit
655 2168 694 2193 ab
719 2166 784 2194 alio
806 2174 846 2194 ex
871 2166 951 2194 libro

155 2209 186 2247 3.
208 2209 272 2238 612
300 2211 419 2240 inferri.
462 2212 499 2239 In
521 2212 590 2245 ipso
616 2216 722 2240 tamen
748 2220 845 2240 versu
871 2212 953 2240 nihil

154 2257 237 2285 inest
267 2257 482 2292 ineptiarum.
526 2266 628 2292 neque
653 2266 683 2285 v.
712 2255 774 2284 107
800 2258 874 2286 huic
899 2259 956 2286 ad-

158 2307 325 2337 versatur,
366 2311 441 2332 nam
464 2306 493 2331 h.
521 2305 540 2331 l.
567 2303 769 2332 formidinem
794 2304 839 2332 ita
861 2305 958 2338 depo-

157 2349 214 2383 nit,
240 2353 274 2378 ut¹
298 2350 386 2384 loqui
411 2350 540 2378 audeat.
565 2358 596 2378 v.
620 2347 682 2376 107
713 2357 800 2378 nova
824 2350 957 2378 simulat

157 2403 192 2424 se
218 2396 295 2431 angi
319 2395 502 2428 formidine.
534 2404 574 2424 ne
599 2400 722 2430 peccet.
755 2398 837 2430 quod
863 2403 956 2425 arca-

156 2449 235 2470 num
265 2442 339 2476 equi
372 2443 549 2476 eloquatur.
598 2443 678 2470 Tota
710 2442 808 2476 igitur
836 2451 888 2471 res
916 2451 958 2471 ex

155 2487 251 2515 libris
281 2488 405 2521 pendet.
462 2488 603 2516 Versum
634 2488 767 2516 eiieiunt
805 2485 857 2517 ΡΙ.
893 2485 957 2517 Ηὺ.

165 2529 247 2560 Wd.
277 2529 339 2561 [Α.
372 2530 432 2562 Gr.

280 2610 462 2642 77—144.
513 2610 598 2642 Sino
625 2615 742 2642 narrat
767 2620 839 2643 sua.

205 2667 259 2698 77.
285 2670 373 2698 Vera
411 2670 533 2703 dicam.
572 2667 800 2710 quodcunque
831 2669 958 2709 fuerit,

156 2717 180 2745 i.
200 2725 227 2745 e.
255 2716 459 2753 „quicunque
478 2723 528 2744 me
552 2720 725 2750 sequentur
747 2716 905 2745 eventus“
925 2719 957 2745 S.

158 2763 256 2797 idque
283 2762 437 2797 primum,
477 2762 561 2796 quod
588 2762 668 2790 mihi
695 2763 837 2792 maxime
859 2765 957 2798 obest,

157 2816 208 2837 me
234 2815 308 2837 esse
333 2808 506 2844 Argivum.
536 2822 574 2826 -
599 2805 713 2844 fuerit
735 2808 774 2837 cf.
790 2810 844 2838 Gr.
860 2806 959 2844 §411

156 2859 188 2883 et
213 2850 290 2891 421,
317 2851 346 2882 4.

204 2908 258 2939 78.
290 2908 408 2950 lnquit
445 2915 515 2946 post
548 2911 639 2939 aliud
673 2910 799 2939 dicendi
826 2912 961 2939 verbum

157 2956 196 2986 ef.
223 2956 255 2992 5,
276 2955 353 2986 551.
379 2973 417 2977 —
446 2965 498 2985 me
525 2956 566 2986 ef.
587 2954 661 2984 549.
701 2956 851 2991 suppleri
878 2958 961 2985 solet

159 3010 241 3031 esse.
284 3018 323 3022 —
368 3000 531 3043 Negabu,
576 3007 607 3030 ut
639 3010 715 3030 nos:
759 2999 813 3031 ich
848 3001 961 3031 werde

157 3045 253 3078 nicht
279 3046 443 3090 leugnen.

1048 887 1101 917 79.
1132 886 1296 918 Sinonem
1320 897 1375 923 pro
1397 897 1456 917 me.
1489 889 1596 918 ..Solet
1616 888 1649 915 111
1674 889 1801 916 nomine

1001 937 1159 970 quaedam
1184 943 1256 963 esse
1280 935 1469 969 emphasis·-
1493 936 1524 962 S.
1557 939 1589 962 ut
1620 931 1696 962 549.
1724 932 1801 961 65⁴⁴.

1005 980 1032 1014 1,
1053 979 1104 1009 48.
1130 981 1160 1015 3,
1184 979 1260 1008 433.
1283 978 1311 1008 ⁴.
1332 978 1384 1008 31.
1418 976 1511 1017 Quid
1532 981 1582 1008 est
1604 977 1696 1018 quod
1720 987 1800 1018 pos—

999 1025 1045 1055 sit
1068 1023 1229 1066 grauiter
1255 1033 1277 1054 a
1310 1023 1470 1054 Cicerone
1499 1024 1589 1059 (me)
1623 1022 1727 1053 scribi
1755 1022 1802 1053 ad

1008 1070 1190 1101 Curionem
1217 1071 1310 1107 (teJ.)
1341 1072 1374 1099 (³.
1393 1072 1482 1099 Fam.
1503 1068 1577 1103 2,4.
1618 1067 1802 1098 Hannibal

999 1120 1079 1157 peto
1100 1125 1220 1156 parem
1246 1118 1279 1144 1..
1307 1115 1360 1145 30.
1384 1115 1435 1144 30.
1475 1116 1513 1145 cf.
1540 1118 1591 1144 Gr.
1619 1116 1640 1148 ξ
1668 1113 1744 1146 237.
1770 1115 1799 1144 2.

1007 1179 1045 1182 —
1077 1161 1126 1194 Si.
1149 1163 1329 1192 conditione
1354 1163 1457 1197 posita
1481 1163 1567 1196 dicit.
1595 1163 1650 1190 sed
1669 1162 1801 1190 Troiani

1005 1211 1156 1237 dehebant
1186 1209 1333 1243 accipere
1359 1217 1413 1243 pro
1439 1216 1565 1247 quum5
1600 1208 1669 1242 ipse
1694 1213 1801 1236 autem

1004 1257 1085 1290 quod
1109 1255 1236 1283 fortuna
1258 1255 1411 1283 miserum
1437 1262 1500 1282 non
1526 1253 1625 1284 finxit.
1653 1262 1716 1282 non
1748 1262 1801 1283 co-

1003 1303 1088 1335 gitur
1113 1310 1173 1329 non
1196 1302 1334 1329 mendax
1359 1309 1441 1329 esse.
1491 1301 1595 1334 Quam
1617 1308 1728 1329 verum
1753 1305 1799 1328 est

1003 1348 1097 1376 illud.
1138 1356 1172 1375 se
1196 1354 1216 1375 a
1240 1347 1366 1375 fortuna
1390 1347 1543 1375 miserum
1567 1354 1642 1375 esse
1672 1346 1800 1382 factum,

1002 1398 1067 1422 tam
1092 1402 1215 1422 verum.
1237 1402 1273 1420 se
1297 1402 1358 1421 non
1381 1402 1453 1421 esse
1478 1393 1671 1422 mendacem.

1047 1450 1100 1479 80.
1131 1447 1290 1489 Improba
1314 1455 1371 1479 est.
1389 1451 1469 1485 quod
1495 1458 1595 1479 unum
1621 1458 1698 1484 prae
1723 1450 1801 1478 aliis

1002 1495 1126 1538 nug-rib·
1170 1505 1270 1531 neque
1294 1505 1376 1530 opus
1406 1501 1470 1526 est.
1510 1501 1543 1524 ut
1574 1496 1800 1530 confugiamus

1002 1545 1041 1572 ad
1078 1543 1326 1578 explicationem
1365 1545 1464 1571 hane:
1511 1550 1594 1577 (niae
1634 1542 1707 1571 facit
1742 1543 1799 1571 'nn-

1002 1593 1118 1625 1110110»Ὶ
1153 1599 1196 1617 se.
1229 1590 1311 1623 quod
1345 1589 1475 1617 miseria
1505 1590 1545 1617 ad
1575 1589 1718 1623 improba
1753 1589 1801 1617 fa-

1002 1637 1111 1665 cinora
1146 1636 1300 1670 impellat.
1344 1651 1381 1654 -
1417 1632 1527 1674 fiuxit
1562 1635 1735 1670 ..formavit
1768 1639 1799 1663 111

1002 1682 1053 1717 (ὅ.
1082 1679 1190 1717 63η*
1223 1684 1253 1709 s,

1046 1743 1099 1773 sl.
1123 1741 1238 1782 fando
1276 1745 1371 1777 ..dum
1404 1742 1540 1772 dicitur“
1582 1745 1613 1771 S.
1663 1745 1711 1771 lta
1740 1745 1798 1771 (lv.

1000 1794 1041 1820 M.
1074 1790 1130 1824 15,
1155 1788 1219 1818 497
1247 1787 1360 1826 fundo
1384 1792 1515 1818 vestras
1538 1791 1624 1829 puto
1651 1787 1800 1829 contigit

1001 1846 1115 1866 aures,
1166 1838 1271 1865 Plaut.
1298 1836 1458 1869 Amphitr.
1491 1833 1530 1873 2.
1560 1832 1592 1867 1.
1621 1832 1659 1863 41
1690 1843 1801 1874 neque

993 1882 1111 1921 faudo
1143 1890 1295 1922 unquam
1322 1879 1454 1920 accepit
1487 1878 1681 1920 quisquam.
1733 1881 1799 1910 Cic.

1001 1932 1065 1958 Nl).
1098 1927 1131 1958 1.
1159 1927 1199 1955 29
1238 1930 1274 1957 nt
1311 1935 1389 1956 vero
1429 1935 1471 1956 ne
1501 1923 1620 1964 fando
1659 1924 1800 1966 quidem

1000 1973 1161 2004 auditum
1195 1977 1263 2007 στῆ,-
1303 1980 1332 2003 et
1356 1970 1473 2012 faudo
1499 1969 1624 2001 audire
1651 1973 1801 2007 vulgaris

1002 2021 1137 2050 formula
1163 2037 1199 2040 -
1226 2021 1272 2049 t‘f.
1295 2020 1324 2048 6.
1375 2020 1502 2048 Orditur
1525 2019 1601 2047 Sino
1623 2026 1643 2047 a
1667 2028 1700 2047 re
1726 2024 1799 2047 nota

1002 2072 1136 2101 notoque
1162 2067 1290 2095 homine
1312 2070 1341 2095 et
1366 2073 1445 2094 vera
1471 2064 1580 2101 refert,
1607 2069 1642 2093 ut
1667 2066 1799 2093 Troiani

1001 2120 1040 2141 ea
1076 2113 1171 2141 etiam
1203 2120 1283 2140 vera
1314 2114 1473 2146 habeant,
1515 2118 1598 2147 quae
1633 2111 1798 2140 mentitur:

1002 2159 1162 2192 simulque
1188 2166 1283 2192 quum
1309 2155 1425 2194 fando
1451 2159 1512 2186 etc.
1544 2156 1682 2191 dubitet,
1724 2165 1799 2185 num

1002 2205 1135 2232 Troiani
1158 2205 1195 2231 de
1212 2203 1397 2231 Palamedis
1418 2207 1518 2231 morte
1535 2203 1706 2233 audierint.
1730 2203 1800 2237 ipse

1004 2253 1069 2278 tam
1099 2257 1205 2278 rerum
1230 2249 1363 2285 ignarus
1388 2252 1417 2276 et
1441 2249 1580 2276 stolidus
1604 2248 1743 2276 videtur.
1767 2253 1800 2276 ut

1005 2295 1116 2324 fallere
1144 2303 1204 2323 11011
1230 2295 1341 2329 possit.

1050 2355 1103 2386 82.
1131 2357 1338 2389 PalamedeS,
1380 2355 1473 2383 cuius
1510 2356 1595 2390 apud
1627 2356 1799 2383 Homerum

1005 2405 1097 2432 nulla
1120 2409 1168 2431 est
1190 2403 1323 2431 mentio.
1360 2401 1468 2429 variis
1490 2401 1699 2435 posteriorum
1724 2409 1799 2435 poe-

1005 2455 1109 2478 tarum
1151 2451 1329 2478 celebratur
1368 2447 1504 2481 fabulis;
1554 2447 1669 2476 dieitur
1703 2447 1798 2476 trium

1005 2496 1184 2524 litterarum
1215 2491 1333 2533 (θχφ)
1364 2497 1393 2522 et
1425 2493 1493 2521 ludi
1522 2496 1718 2521 tesserarum
1750 2493 1799 2521 in-

1006 2547 1119 2570 ventor
1150 2546 1179 2570 et
1217 2540 1334 2570 callido
1371 2538 1506 2568 consilio
1536 2539 1691 2574 Ulyssem
1727 2547 1799 2567 coe-

1005 2589 1103 2622 gisse.
1129 2592 1162 2616 ut
1186 2588 1220 2615 in
1243 2588 1362 2614 bellum
1386 2585 1560 2613 Troianum
1583 2585 1800 2619 proficiscere-

1006 2639 1075 2668 tur.
1111 2634 1281 2667 omniaque
1307 2631 1412 2660 officia
1436 2631 1552 2659 melius
1577 2631 1635 2659 illo
1661 2631 1800 2660 admini-

1004 2685 1140 2708 strasse.
1190 2679 1294 2713 Quare
1333 2677 1404 2705 eius
1441 2677 1564 2705 exarsit
1600 2677 1727 2706 invidia
1770 2681 1800 2706 et

1005 2726 1089 2755 facto
1119 2726 1251 2754 crimine
1283 2723 1378 2757 quasi
1408 2722 1617 2757 proditionem
1642 2723 1801 2760 agitasset

1006 2773 1206 2803 Palamedes.
1229 2769 1357 2805 perfecit
1383 2773 1418 2797 ut
1441 2768 1556 2803 capitis
1582 2770 1798 2798 damnaretur.

1006 2820 1084 2847 Erat
1107 2818 1147 2846 fil.
1173 2815 1304 2851 Nauplii
1329 2814 1478 2849 Euboici;
1514 2815 1600 2844 alius
1621 2820 1689 2844 erat
1711 2817 1799 2844 Nau-

1008 2864 1093 2899 plius
1118 2862 1256 2897 Neptuni
1280 2865 1309 2889 et
1334 2861 1534 2896 Amymones
1557 2861 1610 2897 fil..
1636 2868 1719 2896 quae
1743 2869 1799 2890 ne-

1008 2910 1072 2944 ptis
1098 2909 1184 2944 Beli.
1224 2908 1295 2935 inde
1320 2907 1448 2935 Belides
1471 2905 1594 2941 (forma
1616 2908 1712 2942 quasi
1738 2908 1800 2935 Be-

1006 2957 1078 2984 leus
1111 2955 1152 2983 sit
1183 2953 1382 2989 primitivum
1407 2952 1446 2982 cf.
1478 2954 1521 2981 M.
1551 2953 1574 2989 S
1604 2950 1678 2989 13.)
1720 2955 1750 2981 h.
1777 2954 1797 2981 l.

1007 3002 1091 3030 falso
1113 3001 1176 3029 dici
1200 2998 1413 3031 contenditur:
1444 3005 1638 3034 quamquam
1663 2998 1799 3028 servius

1007 3047 1180 3082 Apollonio
1236 3048 1365 3073 auctore
1409 3051 1430 3072 a
1472 3045 1549 3073 Belo
1593 3045 1800 3074 Palamedem
