2023 3350
703 144 938 179 AENEIDOS
969 147 1055 181 LIB.
1082 149 1140 181 111.

1662 157 1738 196 141

105 260 227 301 Talia
258 259 468 301 fundebat
504 259 734 301 lacrimans
767 259 1005 314 longosque
1037 261 1177 303 ciebat

104 318 325 359 Incassum
364 317 506 368 fietus,
546 331 677 371 quum
713 331 803 359 sese
842 332 868 358 a
904 319 1126 360 moenibus
1162 319 1286 362 heros

1660 327 1741 367 345

104 375 342 417 Priamides
378 375 524 416 multis
559 375 746 416 Helenus
783 375 1090 418 comitantibus
1131 377 1268 430 affert,

103 433 424 487 Adgnoscitque
460 446 558 473 suos
595 433 819 487 laetusque
854 432 911 474 ad
946 434 1094 476 limina
1132 435 1260 487 ducit,

104 491 160 531 Et
196 491 378 532 multum
416 490 616 531 lacrimas
647 491 780 532 verba
818 491 930 532 inter
968 492 1135 545 singula
1169 493 1320 534 fundit.

102 548 314 600 Procedo,
361 551 403 589 et
437 562 615 602 parvam
650 549 821 590 Troiam
861 549 1147 604 simulataque
1180 551 1344 604 magnis

102 606 313 659 Pergama
346 609 389 648 et
424 610 615 648 arentem
650 606 813 648 Xanthi
853 608 1102 660 cognomine
1144 609 1280 650 rivum

1658 618 1740 656 3:30

101 663 347 717 Adgnosco,
388 663 632 717 Scaeaeque
671 665 908 718 amplector
939 664 1086 706 limina
1125 671 1289 719 portae.

100 721 188 762 Nec
225 735 312 762 non
352 725 394 762 et
427 722 577 763 Teucri
611 723 729 764 socia
767 722 893 763 simul
929 722 1036 764 urbe
1073 723 1283 766 fruuntur.

99 779 202 820 Illos
240 779 481 833 porticibus
521 794 596 821 rex
629 780 869 834 accipiebat
903 779 948 820 in
982 781 1147 835 amplis.

100 837 228 878 Aulai
263 837 402 879 medio
438 837 636 879 libabant
673 838 830 892 pocula
865 838 1038 889 Bacchi,

99 895 317 948 Impositis
348 909 454 937 auro
486 895 687 950 dapibus,
730 899 990 950 paterasque
1032 896 1245 938 tenebant.

100 1017 197 1042 tuam.
270 1015 381 1048 Itaque
422 1014 545 1043 omissa
589 1014 649 1043 illa
697 1015 894 1050 quaestione,

99 1060 209 1088 statim
234 1060 403 1094 quaesisse
421 1061 458 1088 de
483 1068 601 1095 amore,
628 1069 688 1094 quo
713 1061 801 1089 filius
826 1067 894 1088 ma-

99 1109 179 1134 trem
216 1110 374 1134 mortuam
410 1110 661 1141 prosequeretur.
721 1107 782 1134 Sed
818 1106 894 1133 talis

98 1152 301 1186 aposiopesis
332 1152 510 1180 admittitur
540 1152 572 1179 in
603 1151 730 1188 fabula,
772 1152 805 1179 in
830 1158 893 1185 qua

99 1202 232 1233 agentes
257 1198 405 1225 videmus
430 1197 619 1231 histriones,
657 1205 721 1225 non
752 1197 785 1225 in
821 1204 894 1225 car-

99 1244 184 1272 mine
205 1243 310 1278 epico,
336 1243 417 1276 quod
445 1244 631 1278 legendum,
657 1251 722 1271 non
745 1246 893 1277 spectan-

99 1291 173 1318 dum
200 1292 257 1317 est.
306 1291 414 1322 Neque
438 1288 536 1317 facile
560 1290 633 1323 quis
660 1298 701 1318 ex
726 1289 794 1316 illis
821 1297 895 1317 ver-

98 1336 165 1363 bis:
191 1342 280 1374 qnae
304 1338 359 1363 aut
385 1342 479 1372 quem
508 1332 569 1363 tibi
593 1332 659 1364 iam
692 1332 796 1362 Troia
820 1343 895 1369 pos-

97 1381 140 1409 sit
174 1380 348 1417 coniicere,
389 1381 426 1408 de
464 1381 587 1409 Creusa
623 1381 805 1415 quaesitum
842 1380 892 1408 iri.

98 1428 206 1461 Neque
228 1427 457 1455 Andromacha
483 1427 591 1455 statim
613 1435 656 1455 ex
682 1427 786 1462 signis
812 1427 893 1460 illis,

97 1480 179 1507 quae
201 1473 313 1506 qualia
338 1480 411 1501 esse
435 1473 582 1506 debeant,
620 1480 683 1500 non
714 1472 895 1508 intelligere

98 1526 156 1546 nos
181 1518 328 1554 fatemur,
353 1520 393 1547 ab
415 1519 529 1547 Aenea
553 1519 647 1555 datis,
674 1523 773 1547 morte
792 1519 891 1546 Creu-

98 1571 154 1592 sae
185 1565 330 1600 cognita,
369 1571 407 1592 ea
431 1572 584 1598 quaerere
611 1573 741 1600 pergere
769 1564 892 1601 poterit,

96 1611 153 1638 sed
187 1610 296 1638 statim
326 1614 472 1645 quaeret,
505 1612 660 1645 quomodo
691 1611 813 1639 Creusa
842 1610 891 1637 in-

96 1656 225 1690 terierit,
252 1660 306 1684 aut
331 1656 365 1684 in
388 1657 545 1685 eiulatum
564 1660 716 1691 erumpet.
764 1658 814 1685 Ex
839 1657 891 1684 liis

97 1706 241 1738 apparet,
268 1705 301 1730 ut
328 1701 384 1730 ille
408 1710 527 1731 versus
553 1701 617 1730 3⁴0
645 1704 809 1737 probetur,
836 1710 891 1730 ne-

95 1755 187 1776 cesse
209 1756 282 1776 esse
304 1748 404 1776 aliam
427 1749 619 1777 sententiam
639 1757 712 1777 esse
738 1757 891 1783 suppres-

97 1800 178 1822 sam.
228 1795 289 1822 Sed
327 1793 396 1822 iure
433 1794 529 1822 etiam
566 1795 768 1831 offendimur,
810 1795 892 1828 quod

97 1841 192 1873 plura
235 1841 272 1867 de
308 1840 453 1868 Ascanio
489 1840 679 1875 interrogat,
719 1845 892 1875 antequam

96 1892 169 1913 eum
213 1885 327 1913 vivere
373 1886 532 1920 comperit.
607 1887 727 1915 Deinde
777 1883 892 1925 ecquis

97 1931 281 1965 pronomine
316 1931 531 1967 interrogasse
564 1932 715 1960 videntur
741 1932 891 1969 Romani,

96 1977 222 2010 quaudo
258 1980 406 2012 negatum
448 1977 487 2004 iri
524 1981 764 2012 exspectabant.
821 1979 891 2006 Iam

96 2023 231 2050 Servius
265 2022 369 2050 haesit
405 2022 437 2050 in
472 2022 526 2050 illo
562 2026 705 2061 superat
739 2032 770 2051 v.
806 2021 889 2052 339:

95 2069 177 2101 quod
218 2071 379 2102 sumptum
418 2068 545 2096 videtur
585 2077 626 2096 ex
664 2066 699 2105 2,
726 2066 810 2103 597;
858 2073 892 2097 ut

94 2110 245 2142 vescitur
270 2121 359 2141 aura
387 2121 427 2142 ex
459 2111 485 2149 l,
514 2111 594 2149 5463
628 2122 659 2142 v.
685 2111 748 2142 343
775 2114 893 2150 legitur

97 2156 150 2195 12,
167 2155 242 2187 444.
272 2174 309 2177 -
338 2160 407 2187 Iam
431 2167 528 2193 quum
546 2168 577 2188 v.
599 2157 661 2186 339
676 2157 789 2187 —343
817 2168 891 2188 sen-

94 2205 212 2233 tentias
245 2205 354 2233 inesse
382 2205 552 2234 videamus
578 2213 639 2233 non
669 2206 795 2240 ineptas
818 2205 890 2239 qui-

95 2251 183 2286 dem,
210 2251 266 2278 sed
289 2252 374 2279 male
397 2250 541 2287 iunctas,
569 2255 693 2285 poetam
718 2251 890 2279 fatebiinur

94 2298 153 2324 hos
193 2304 312 2324 versus
348 2304 412 2324 non
449 2298 530 2326 satis
566 2298 766 2332 excoluisse,
807 2298 889 2331 quod

96 2342 161 2370 iam
188 2343 316 2371 docetur
339 2350 439 2371 versu
470 2343 670 2379 imperfecto,
709 2343 748 2372 cf.
774 2352 804 2372 v.
833 2340 887 2371 85.

94 2391 150 2416 aut
174 2395 273 2422 quum
296 2388 366 2422 ipse
390 2389 513 2417 finisset
536 2389 660 2417 verbis:
693 2386 775 2428 quid
801 2396 890 2427 puer

98 2430 282 2467 Ascanius,
307 2434 409 2462 alium
432 2436 544 2469 aliqua
569 2435 751 2469 addidisse,
778 2438 808 2463 et
832 2436 887 2463 ad-

95 2479 268 2513 scripsisse
300 2487 361 2508 sua
394 2481 573 2509 conamina.
630 2481 750 2510 Timidi
781 2485 888 2509 tamen

95 2524 286 2558 proferimus
328 2528 412 2554 hanc
454 2526 656 2555 sententiam.
729 2526 887 2555 Fortiores

94 2574 187 2598 erant
217 2567 268 2598 Pl.
294 2573 323 2598 et
352 2568 423 2606 Gr„
442 2572 496 2606 qui
521 2574 644 2608 tollunt,
670 2594 677 2600 .
693 2594 700 2600 .
735 2572 888 2601 audacior

98 2612 173 2652 Rb,
195 2615 251 2649 qui
275 2624 391 2645 versus
417 2617 482 2646 iam
504 2617 548 2645 ita
570 2618 726 2652 disponit:
753 2619 831 2645 Post
856 2626 887 2646 v.

92 2658 158 2688 340
182 2663 333 2690 lacunam
359 2663 466 2696 posuit
494 2662 598 2697 (recte
621 2663 765 2698 quidem,
792 2670 889 2697 quam

92 2707 221 2741 reliquit
241 2708 355 2743 poeta]
377 2708 489 2736 deinde
513 2713 690 2743 sequuntur
708 2706 822 2736 341-
835 2706 887 2738 43.

94 2750 170 2780 348.
197 2750 378 2781 3⁴4—47‚
403 2751 478 2782 349.
528 2754 636 2783 Antea
663 2762 793 2783 versum
824 2753 888 2783 348

95 2798 232 2827 eiecerat
255 2798 288 2827 in
311 2800 358 2828 ed.
382 2800 534 2834 pleniore.
589 2797 649 2828 Ld.
677 2800 759 2828 nihil
789 2804 890 2829 mutat

93 2845 152 2873 hoc
176 2845 256 2881 loco,
282 2846 336 2873 sed
360 2846 402 2873 ad
425 2843 454 2881 6,
484 2843 544 2873 167
571 2854 602 2874 v.
628 2843 693 2873 340
720 2847 888 2875 delendum

91 2893 211 2918 censen

139 2932 213 2963 344.
240 2932 330 2964 talia
357 2939 457 2965 verba
474 2933 650 2974 fundebat
682 2936 721 2965 cf.
752 2936 783 2975 5,
810 2935 885 2967 482.

91 2994 136 2998 —-
169 2977 287 3010 ciebat
304 2979 412 3020 fletus
437 2986 470 3011 ut
496 2980 525 3017 6,
553 2979 617 3010 468
645 2979 756 3012 ciebat
782 2980 887 3012 lacri-

94 3033 180 3054 mas.

139 3067 214 3099 346.
241 3073 382 3102 Helenus
421 3073 529 3102 audito
570 3073 703 3102 Aeneae
743 3075 884 3104 adventu

1658 905 1738 944 355

942 1023 982 1043 ex
1008 1017 1084 1043 urbe
1109 1024 1181 1044 cum
1207 1015 1276 1043 suis
1302 1018 1449 1046 accurrit.
1500 1020 1607 1048 Verba
1632 1025 1739 1050 autem

942 1060 970 1088 ei
997 1069 1059 1088 non
1086 1062 1168 1089 dedit
1195 1062 1366 1099 Virgilius,
1392 1072 1431 1091 ne
1460 1069 1532 1098 post
1554 1066 1738 1096 Androma-

942 1108 1020 1134 chae
1046 1106 1129 1135 dicta
1154 1109 1354 1142 languerent.

988 1149 1063 1179 345.
1090 1154 1193 1187 ..Ordo
1220 1157 1284 1181 est:
1321 1154 1475 1183 lacrimas
1501 1158 1635 1185 multum
1659 1157 1742 1187 fudit

941 1196 1023 1225 inter
1048 1201 1148 1226 verba
1175 1198 1339 1234 singttla.“
1369 1202 1399 1228 S.
1442 1217 1478 1220 —
1514 1201 1613 1238 fudit
1641 1204 1737 1233 etiam

942 1244 1020 1270 lilss.
1040 1245 1141 1272 inulti.
1196 1241 1378 1273 Lacrimas
1392 1244 1547 1282 fundere
1570 1252 1617 1277 est
1642 1251 1740 1279 lacri-

946 1296 1048 1320 mare:
1089 1290 1197 1324 itaque
1230 1291 1418 1320 adverbium
1443 1290 1588 1322 mullum
1620 1300 1741 1329 poterat

943 1336 1077 1371 apponi,
1104 1344 1297 1371 quamquam
1324 1338 1420 1366 nimis
1446 1344 1558 1373 auget:
1589 1342 1737 1370 lacrimat

943 1385 1048 1409 autem
1073 1382 1204 1411 affectus
1228 1383 1369 1417 laetitia,
1400 1389 1430 1412 ut
1460 1394 1522 1413 nou
1547 1386 1674 1420 ineptus
1695 1389 1735 1417 sit

942 1435 1059 1455 versus
1095 1429 1308 1462 antecedenti,
1343 1430 1403 1458 etsi
1435 1428 1493 1458 leb.
1525 1433 1677 1461 lacrimas
1708 1438 1739 1462 et

941 1473 1097 1502 laetitiam
1135 1483 1197 1502 non
1231 1479 1332 1509 potest
1366 1476 1447 1504 inter
1481 1485 1516 1505 se
1552 1479 1734 1508 conciliare.

940 1519 1040 1547 Affert
1074 1517 1159 1559 ll'g.
1185 1521 1220 1547 L.
1245 1519 1297 1552 26.
1321 1519 1356 1548 17
1381 1520 1518 1562 gaudio
1548 1521 1738 1554 lacriman-

939 1565 1001 1599 tes,
1024 1569 1053 1593 at
1078 1573 1158 1599 opus
1180 1574 1243 1594 non
1267 1571 1325 1595 est.

985 1609 1060 1639 349.
1091 1610 1289 1645 Simulata.
1338 1614 1546 1650 adumbrata,
1590 1616 1623 1645 in
1666 1618 1737 1647 eius

939 1657 1110 1691 imaginem
1131 1659 1324 1692 composita:
1352 1660 1399 1688 sic
1424 1657 1453 1692 4,
1478 1659 1555 1689 512.
1582 1663 1647 1691 Cic.
1667 1666 1733 1693 Nl).

938 1702 969 1738 2,
995 1702 1047 1739 35,
1073 1701 1126 1732 88.
1177 1705 1229 1732 Sic
1254 1705 1350 1733 Troia
1376 1707 1549 1741 Pergama,
1576 1710 1735 1747 Xanthus,

940 1751 1042 1778 Scaea
1061 1754 1152 1784 porta
1176 1751 1362 1779 memoriam
1387 1757 1539 1781 revocant
1563 1756 1695 1788 patriae.

986 1794 1061 1823 350.
1089 1799 1240 1824 arentem
1293 1795 1422 1826 riuum.-
1486 1800 1610 1828 Tenuia
1662 1806 1737 1830 sunt.

939 1842 1059 1872 omnia.
1085 1842 1113 1869 si
1140 1850 1210 1870 cum
1236 1851 1313 1871 vero
1339 1845 1407 1871 loco
1432 1852 1611 1878 comparas.

986 1884 1060 1916 351.
1087 1886 1304 1926 .·ln1plcctor,
1344 1890 1437 1924 (lilasi
1470 1892 1571 1920 redux
1607 1892 1638 1920 in
1677 1901 1735 1928 pa-

938 1934 1048 1967 triam3
1091 1941 1164 1962 nam
1195 1935 1250 1968 qui
1285 1939 1353 1969 post
1383 1937 1510 1969 longum
1542 1941 1665 1972 tempus
1699 1940 1733 1967 in

938 1980 1075 2014 patriam
1094 1980 1249 2015 redibant,
1276 1981 1388 2009 limina
1407 1983 1553 2011 solebant
1571 1986 1732 2019 amplecti.

939 2026 986 2054 Cf.
1012 2026 1085 2053 Val.
1111 2027 1157 2053 Fl.
1188 2023 1215 2061 1,
1243 2024 1317 2055 676.
1343 2029 1416 2055 Sen.
1442 2028 1559 2062 Agant.
1587 2027 1662 2058 390.
1692 2047 1730 2050 —

938 2071 1065 2105 ..varro
1083 2072 1171 2105 Epiri
1197 2080 1232 2100 se
1254 2072 1359 2101 fuisse
1376 2074 1450 2102 dicit
1477 2079 1506 2103 et
1528 2076 1636 2104 omnia
1661 2078 1733 2106 loca

938 2116 1053 2144 iisdem
1086 2117 1147 2145 dici
1172 2118 1370 2153 nominibus,
1413 2127 1495 2153 quae
1522 2126 1614 2155 poeta
1647 2131 1734 2151 coni-

939 2166 1092 2190 memorat
1118 2170 1154 2190 se
1177 2163 1317 2199 vidisse3
1356 2166 1440 2194 unde
1464 2171 1612 2205 apparet,
1653 2171 1733 2198 haec

939 2215 1001 2235 non
1024 2215 1096 2235 esse
1120 2207 1302 2236 fabulosa.“
1325 2211 1355 2237 S.

982 2250 1057 2280 352.
1084 2260 1145 2280 nec
1173 2262 1241 2281 non
1267 2256 1297 2282 et
1318 2254 1357 2282 cf.
1376 2253 1499 2289 5,100.
1526 2272 1563 2276 —
1595 2254 1731 2287 Fruun-

937 2299 1012 2333 tur,
1048 2299 1130 2332 quod
1161 2300 1300 2334 gaudent
1330 2308 1365 2328 se
1396 2301 1429 2328 in
1453 2302 1592 2330 amicam
1622 2306 1730 2332 urbem

936 2348 1079 2378 receptos
1103 2351 1185 2372 esse.

983 2388 1058 2418 354.
1086 2387 1185 2418 aulai
1206 2387 1319 2419 medio
1336 2393 1416 2419 Mss.
1434 2393 1544 2427 optimi
1567 2409 1604 2413 —
1632 2391 1734 2423 aulai

936 2433 970 2464 iu
994 2433 1105 2464 medio
1126 2436 1195 2464 alii.
1230 2437 1284 2465 Sic
1308 2437 1409 2466 refero
1434 2446 1475 2466 ex
1492 2435 1578 2474 11n.;
1604 2448 1645 2468 ex
1665 2437 1729 2469 Rb.

934 2482 1016 2510 nihil
1035 2482 1166 2510 extrico.
1196 2497 1233 2501 —
1262 2483 1302 2511 Ut
1327 2481 1428 2511 aulai
1450 2484 1498 2513 sio
1524 2482 1553 2521 6,
1574 2482 1638 2513 747
1666 2494 1731 2514 au-

934 2526 1008 2563 rai,
1045 2525 1076 2563 7,
1102 2525 1166 2555 464
1194 2526 1321 2567 aquai,
1363 2526 1393 2564 9,
1415 2527 1455 2556 26
1479 2526 1592 2568 pictai
1614 2528 1732 2563 vestis.

934 2576 971 2602 Et
997 2574 1087 2602 aulai
1113 2574 1246 2609 Vglium
1269 2574 1333 2610 legi
1359 2578 1492 2604 testatur
1519 2577 1623 2610 Quint.
1649 2574 1680 2613 1,
1700 2576 1719 2605 7

937 2616 979 2648 18
1008 2619 1049 2648 cf.
1077 2621 1128 2648 Gr.
1153 2619 1174 2655 §¹
1201 2617 1244 2647 73
1270 2621 1333 2648 An.
1363 2619 1390 2648 3.
1439 2622 1476 2648 Et
1496 2622 1597 2650 Probo
1623 2630 1733 2659 gram-

936 2666 1053 2695 matico
1094 2669 1172 2694 teste
1209 2669 1322 2700 quater
1358 2669 1417 2695 hac
1457 2667 1592 2703 genitivi
1628 2669 1731 2698 forma

937 2719 1017 2741 usus
1041 2715 1088 2740 est
1104 2711 1274 2747 Virgilius.
1325 2712 1462 2746 Saepins
1479 2714 1657 2744 Lucretius.
1688 2731 1727 2735 —-

940 2754 1054 2786 Aulae
1086 2755 1198 2785 medio
1231 2765 1303 2791 pro:
1338 2758 1368 2785 in
1395 2758 1498 2787 media
1527 2762 1603 2789 aula
1634 2761 1673 2790 cf.
1701 2759 1731 2799 1,

937 2801 1013 2831 422.
1042 2818 1079 2822 —
1112 2799 1241 2831 Pocula
1269 2800 1397 2832 Bacchi
1421 2801 1588 2836 libabant.
1631 2807 1686 2837 sic
1711 2805 1732 2836 l.

935 2845 1113 2877 carchesia
1139 2848 1169 2884 5,
1197 2845 1250 2876 77.

982 2893 1056 2922 355.
1082 2895 1201 2930 Dapes,
1225 2902 1289 2923 non
1318 2896 1422 2924 solum
1444 2898 1562 2931 pocula
1583 2899 1646 2927 diis
1672 2907 1730 2934 po-

934 2943 1091 2969 nebantur
1114 2940 1148 2968 in
1179 2941 1285 2975 epulis
1315 2940 1353 2970 cf.
1380 2942 1453 2970 Liv.
1480 2941 1533 2980 39,
1560 2940 1602 2972 43
1639 2942 1732 2973 Inter

932 2983 1061 3025 pocula
1098 2987 1203 3024 atque
1243 2983 1385 3025 epulas,
1426 2985 1482 3017 ubi
1518 2986 1628 3018 libare
1666 2987 1734 3019 diis

935 3029 1060 3071 dapes,
1099 3028 1156 3059 ubi
1184 3028 1266 3060 bene
1292 3030 1431 3071 precari
1455 3042 1528 3063 mos
1554 3037 1651 3064 esset.
1692 3051 1730 3055 —-

937 3073 1152 3115 Pulc-rusque
1170 3075 1330 3108 tenebant
1345 3078 1463 3116 iungas
1481 3089 1554 3110 cum
1575 3078 1733 3112 libabant

1724 2600 1732 2615 9
