2023 3350
262 92 342 131 552

822 92 857 123 P.
883 91 1078 125 VIRGth
1103 93 1313 127 MAROle

258 203 341 244 Det
375 202 616 244 libertatem
655 202 793 253 fandi,
826 203 1038 258 flatusque
1072 206 1276 259 remittat,

260 260 387 302 Cuius
422 259 476 300 ob
517 259 752 312 auspicium
783 260 1016 302 infaustum
1052 276 1275 316 moresque
1312 264 1510 308 sinistros
1540 290 1597 296 —

257 317 407 357 Dicam
444 315 654 369 equidem,
694 316 794 358 licet
827 331 948 360 arma
986 318 1089 360 mihi
1126 323 1392 375 mortemque
1432 324 1618 366 minetur
1640 345 1697 353 ·—-

255 373 436 414 Lumina
467 377 540 414 tot
578 373 782 416 cecidisse
817 375 991 427 ducum,
1028 378 1249 429 totamque
1286 379 1476 423 videmus

258 429 507 471 Consedisse
551 430 698 472 urbem
738 431 874 474 luctu:
912 432 1014 474 dum
1045 432 1173 474 Troia
1211 437 1350 476 tentat:

1800 436 1882 476 350

257 487 427 538 Castra,
465 487 592 541 fugae
627 488 778 539 fidens,
819 493 862 532 et
897 490 1061 532 caelum
1094 490 1269 532 territat
1302 494 1443 536 armis.

256 543 396 586 Unum
433 545 562 586 etiam
605 545 727 587 donis
762 547 875 599 istis,
913 561 1024 602 quae
1053 547 1239 602 plurima
1272 549 1386 591 mitti

254 601 515 644 Dardanidis
549 602 718 657 dicique
754 604 890 656 iubes,
929 619 1076 657 unum,
1118 605 1277 660 optime
1310 619 1472 661 regum,

254 658 461 711 Adiicias,
496 674 573 702 nec
607 664 651 703 te
684 661 813 705 ullius
849 662 1053 704 violentia

255 716 365 767 Quin
394 721 542 759 natam
582 719 753 773 egregio
794 734 950 774 genero
990 720 1214 774 dignisque
1249 719 1496 774 hymenaeis

1090 663 1245 715 vincat,
1802 721 1825 761 3
1834 722 1850 731 .
1860 721 1882 760 5

1831 733 1853 761 o

254 774 339 816 Des
371 779 509 828 pater,
551 778 594 817 et
626 790 777 830 pacem
816 777 926 819 hanc
962 781 1136 819 aeterno
1172 777 1342 820 foedere
1383 776 1537 819 firmes.

256 831 376 882 Quod
417 832 452 874 si
489 836 633 875 tantus
668 833 800 876 habet
833 838 995 877 mentes
1032 838 1075 877 et
1111 838 1291 889 pectora
1327 839 1479 887 terror,

253 889 400 942 Ipsum
429 890 713 943 obtestemur,
751 893 1003 947 veniamque
1039 906 1207 935 oremus
1247 891 1301 935 ab
1336 893 1448 946 ipso:

256 946 410 999 Cedat,
444 948 510 989 ius
551 949 773 1003 proprium
809 950 900 1004 regi
934 950 1186 1004 patriaeque
1219 950 1424 992 remittat.

254 1004 365 1055 Quid
402 1006 582 1048 miseros
621 1007 780 1050 totiens
815 1008 859 1049 in
889 1012 1040 1062 aperta
1076 1008 1269 1061 pericula
1306 1008 1418 1049 cives

1803 1004 1885 1044 360

252 1062 448 1115 Proiicis,
489 1077 514 1105 ο
549 1065 674 1106 Latio
711 1069 842 1120 caput
875 1065 1029 1107 horum
1066 1069 1108 1107 et,
1139 1079 1291 1107 caussa
1328 1062 1570 1107 malorum?

252 1119 382 1162 Nulla
417 1120 531 1163 salus
566 1121 703 1176 bello;
739 1137 889 1178 pacem
928 1127 972 1165 te
1011 1123 1226 1176 poscimus
1266 1136 1423 1174 omnes,

252 1177 408 1229 Turne,
445 1179 571 1221 simul
605 1182 728 1234 pacis
768 1181 907 1223 solum
943 1180 1188 1223 inviolabile
1225 1181 1390 1234 pignus.

251 1235 415 1278 Primus
457 1250 556 1291 ego,
593 1237 775 1280 invisum
810 1252 935 1293 quem
970 1241 1019 1280 tu
1057 1237 1139 1280 tibi
1175 1238 1298 1292 fingis
1332 1241 1374 1280 et
1415 1249 1506 1279 esse

251 1415 379 1440 ctantur
406 1411 447 1441 cf.
475 1414 571 1443 Lucr.
597 1414 627 1451 6,
657 1412 751 1444 1177.
778 1417 825 1445 ΡΙ.
852 1418 911 1452 Ep.
938 1414 968 1452 3,
995 1415 1043 1454 ΙΙ,

256 1455 305 1485 12.
345 1459 391 1486 Tu
417 1460 548 1493 quaeris
571 1467 590 1488 a
615 1461 708 1489 nobis
737 1469 802 1490 rem
830 1462 959 1490 minime
984 1463 1044 1490 du-

251 1502 346 1538 biam,
370 1508 401 1531 et
425 1504 459 1533 in
485 1512 549 1539 qua
575 1513 688 1535 omnes
706 1508 930 1543 consentiunt3
958 1516 1040 1542 quo-

250 1549 358 1577 minus
391 1554 497 1579 autem
529 1551 677 1589 edicant,
717 1554 789 1581 solo
823 1558 906 1582 metu
938 1554 1043 1589 impe-

250 1594 390 1623 diuntur.

295 1648 371 1679 3⁷16.
389 1648 573 1691 flatusque
597 1651 753 1683 remittat
783 1659 961 1691 ‚,tumores,
989 1659 1045 1685 aut

249 1701 345 1731 ponat
371 1697 593 1731 superbiam.“
619 1702 651 1727 S.
689 1700 744 1728 Sic
769 1698 951 1729 remittant
974 1697 1045 1740 spi-

249 1738 351 1777 ritus,
377 1740 605 1781 comprimant
636 1742 770 1773 animos
796 1754 894 1782 suos,
927 1743 1046 1775 sedent

250 1784 500 1826 arrogantiam
524 1789 591 1818 Cic.
619 1792 728 1819 Flacc.
751 1790 805 1827 22,
826 1789 881 1819 53.

295 1841 371 1872 347.
399 1845 589 1881 „invidiose
615 1847 713 1876 Turni
744 1847 905 1883 auspiciis
937 1848 1043 1883 impu-

248 1893 303 1924 tat,
327 1891 411 1924 quod
436 1895 545 1920 tantus
566 1892 658 1927 periit
680 1894 862 1922 exercitus.
889 1909 932 1913 —
955 1897 1043 1922 Sane

248 1935 415 1964 sciendum
440 1938 526 1965 hunc
554 1938 737 1972 exprimere
766 1940 918 1974 quidquid
944 1947 1043 1967 vere-

247 1982 353 2009 cunde
385 1983 504 2010 celavit
544 1982 718 2013 Latinus.“
757 1988 789 2014 S.
836 2001 879 2005 —
930 1992 1041 2013 mores

246 2023 408 2055 sinistros
439 2028 536 2064 „quia
570 2029 685 2058 Latino
720 2032 944 2066 obtemperare
979 2038 1040 2059 no-

252 2070 344 2100 luit.“
369 2075 402 2101 S.

301 2116 376 2147 ³48.
404 2118 488 2147 Dicit
504 2128 541 2149 se
556 2120 749 2155 intrepidum
765 2125 795 2149 61
811 2120 875 2157 uui,
905 2121 933 2150 si
947 2121 1042 2149 modo

246 2170 313 2191 rem
339 2165 455 2192 bonam
478 2165 648 2202 defendat,
688 2167 824 2195 libenter
853 2166 885 2195 in
911 2174 949 2195 se
977 2174 1036 2201 po-

246 2209 380 2237 tentium
404 2211 542 2245 recipiat
555 2212 720 2241 invidiam.
756 2213 818 2241 Sed
835 2213 1042 2241 metuendum

246 2254 309 2283 sibi
332 2263 410 2284 esse
440 2256 537 2292 fingit,
569 2258 621 2286 ubi
645 2258 725 2286 nihil
747 2259 952 2287 metuendum
979 2262 1042 2295 est,

247 2306 423 2336 movetque
447 2302 602 2332 invidiam
628 2304 748 2332 Turno.

293 2355 368 2386 350.
398 2366 487 2388 cons.
510 2357 586 2389 urb.
614 2356 709 2389 luctu
732 2360 785 2396 „in
812 2361 935 2389 luctum
961 2368 1040 2389 esse

247 2402 467 2433 demersum.“
494 2407 527 2433 S.
578 2403 765 2434 considere
795 2410 846 2434 est
873 2414 1039 2442 corruere,

246 2449 353 2482 perire
376 2448 418 2478 cf.
442 2449 480 2485 2,
505 2448 581 2480 624.
622 2450 660 2488 9,
696 2449 777 2486 1453
825 2451 936 2486 itaque
971 2456 1041 2480 est:

245 2494 334 2523 luctu
361 2495 513 2529 periisse.

291 2538 509 2581 35l.fugae
539 2538 681 2579 fidens.-
718 2542 831 2576 Signat
869 2542 960 2570 iilum
997 2550 1039 2571 ex

246 2592 356 2620 pugna
379 2586 430 2614 ab·
450 2594 501 2615 um
526 2588 628 2615 Turni
646 2587 702 2622 'qui
726 2592 877 2616 narratur
900 2586 948 2625 10,
974 2586 1041 2616 636

244 2646 290 2651 —
313 2630 390 2660 688.
485 2633 517 2661 et
540 2630 674 2661 caelum
705 2635 729 2662 t.
750 2639 802 2661 α..·
829 2634 936 2662 omnia
952 2635 1039 2661 hello

245 2678 362 2708 turbat.
400 2678 475 2706 dum
503 2678 576 2712 ipse
600 2678 744 2713 ignavus
769 2678 860 2714 fugit.
909 2679 1040 2716 „Petite

244 2723 366 2751 Dranci
391 2725 474 2751 baec
494 2724 570 2752 data
594 2729 669 2752 sunt
694 2727 808 2760 verba,
838 2725 892 2760 qui
917 2725 1041 2753 tumida

246 2768 289 2796 uti
330 2768 477 2797 oratione
512 2770 686 2799 inducitur.
734 2771 826 2799 Unde
869 2771 901 2799 ei
940 2772 1040 2805 paulo

247 2818 323 2848 post
348 2816 480 2843 Turnus
511 2815 601 2843 dicit:
649 2813 748 2853 Quae
774 2817 849 2845 tuto
881 2813 945 2845 tibi
967 2824 1044 2844 ma-

248 2866 324 2896 gna
351 2856 483 2888 volant.
506 2862 602 2889 Item:
626 2857 871 2899 proindetona
895 2858 1042 2900 eloquio.

246 2905 346 2933 Item:
381 2908 525 2934 ventosa
545 2903 580 2935 in
598 2903 762 2947 lingua.“
782 2909 815 2935 S.
866 2908 916 2936 Ad
941 2909 1045 2936 verba

248 2948 290 2976 cf.
330 2948 379 2983 to,
403 2948 479 2979 895.

291 2993 368 3023 852.
395 3004 485 3035 quae
521 2993 678 3036 plurima
723 2996 762 3026 cf.
805 2996 838 3035 5,
881 2995 957 3026 728.
1000 3012 1042 3017 ——-

1088 1411 1205 1452 „mitti
1225 1422 1353 1452 aurum,
1375 1415 1466 1449 ebur,
1489 1413 1605 1442 sellam
1626 1414 1656 1439 et
1672 1413 1794 1445 cetera,
1815 1402 1886 1437 dici

1092 1461 1131 1489 de
1157 1461 1300 1489 navibus
1326 1462 1379 1489 vei
1407 1456 1519 1493 agro.“
1544 1460 1579 1487 S.

1135 1516 1212 1546 354.
1235 1525 1297 1546 nec
1321 1517 1364 1546 cf.
1392 1515 1443 1554 12,
1467 1514 1545 1544 801.

1135 1573 1213 1603 355.
1239 1570 1388 1614 egregio
1417 1579 1548 1612 genero
1575 1566 1764 1610 dignisque
1794 1563 1884 1607 hym.

1090 1621 1176 1655 Ergo
1200 1622 1332 1648 Turnus
1358 1619 1487 1648 videtur
1510 1617 1680 1652 indignior.

1135 1676 1214 1706 356.
1236 1678 1339 1717 pater
1374 1684 1471 1711 quum
1501 1675 1568 1711 sis,
1607 1674 1701 1703 cuius
1737 1673 1776 1701 de
1818 1672 1884 1701 fitia

1092 1730 1220 1751 summa
1245 1726 1393 1757 potestas
1417 1725 1478 1750 est.
1526 1723 1639 1754 Neque
1674 1727 1717 1748 ex
1750 1717 1883 1752 antiquo

1091 1768 1160 1796 iure
1186 1769 1225 1796 de
1251 1768 1411 1796 connuhio
1436 1766 1578 1795 ineundo
1597 1765 1771 1800 quidquam
1789 1765 1885 1792 vale-

1091 1816 1144 1842 bat
1169 1815 1324 1842 voluntas
1348 1812 1443 1841 filiae.
1477 1827 1521 1831 —
1559 1809 1675 1847 firmes
1696 1809 1792 1839 M2R.
1844 1809 1885 1838 m

1091 1863 1185 1888 Serv.
1209 1859 1365 1894 explicat.
1413 1859 1592 1893 Propterea
1617 1855 1722 1891 intuli,
1746 1858 1884 1884 secutus

1091 1909 1141 1934 est
1172 1901 1236 1936 Ld.
1263 1902 1389 1943 iunges
1415 1902 1465 1932 Ml
1496 1910 1562 1931 rec.
1600 1898 1684 1941 Wg.
1713 1897 1776 1930 Rev.

1137 1949 1214 1978 357.
1239 1947 1351 1978 Habet
1373 1951 1502 1978 mentes
1529 1949 1658 1977 terror:
1701 1946 1757 1976 Sic
1777 1945 1885 1975 Latini

1090 1997 1200 2025 dicunt
1220 1992 1323 2025 habet
1345 2002 1398 2024 me
1422 1991 1536 2031 dolor,
1562 1999 1712 2029 somnus,
1736 1989 1884 2021 mov-bur.

1135 2041 1211 2070 358.
1238 2038 1350 2081 ipsum
1376 2056 1420 2059 —
1444 2037 1519 2080 ipso
1549 2038 1797 2075 epanadipiosis
1822 2042 1884 2075 est,

1089 2092 1120 2115 et
1146 2089 1248 2116 verba
1266 2086 1424 2115 extremis
1453 2093 1574 2114 versus
1598 2084 1685 2113 locis
1709 2087 1884 2122 ponuntur,

1090 2138 1123 2162 ut
1151 2132 1179 2170 1,
1204 2131 1281 2161 750.
1321 2131 1353 2169 9,
1376 2131 1452 2161 127.
1488 2130 1540 2167 12,
1562 2129 1616 2160 29.
1654 2131 1690 2159 E.
1718 2131 1750 2168 7,
1776 2128 1807 2159 4.
1845 2131 1883 2160 G.

1088 2177 1120 2216 4,
1143 2177 1221 2216 342,
1244 2179 1329 2213 apud
1351 2178 1448 2206 aiios.

1134 2222 1211 2253 359.
1241 2225 1343 2253 Cedat
1381 2228 1411 2251 et
1450 2222 1593 2252 remittat
1633 2221 1686 2251 ius
1717 2221 1882 2258 proprium

1091 2270 1160 2304 regi
1185 2273 1214 2298 et
1240 2270 1365 2304 patriae
1389 2268 1504 2304 (cuius
1528 2267 1701 2296 consitium
1723 2268 1882 2303 primores

1090 2314 1199 2350 sunt),
1222 2316 1311 2349 regis
1337 2319 1445 2343 natam
1471 2315 1549 2342 dare
1574 2313 1626 2341 cui
1646 2313 1766 2349 velint3
1803 2313 1884 2342 nolit

1088 2361 1118 2390 id
1142 2361 1202 2389 sihi
1228 2367 1393 2395 arrogare,
1431 2360 1483 2395 qui
1507 2359 1585 2394 petit
1608 2366 1745 2388 uxorem
1772 2363 1801 2387 et
1827 2358 1883 2392 qui

1089 2411 1246 2435 externus
1272 2410 1332 2435 est.
1380 2405 1549 2434 Invidiose
1567 2405 1676 2434 omnia
1698 2406 1782 2434 haec
1796 2404 1883 2433 dicta

1088 2457 1180 2488 sunt,
1221 2453 1305 2486 quod
1342 2451 1420 2487 petit
1443 2458 1463 2479 a
1489 2452 1618 2498 'l'urno²
1653 2454 1687 2479 ut
1722 2450 1883 2480 concedat

1087 2505 1139 2533 ea,
1161 2505 1245 2532 quae
1268 2505 1333 2526 non
1358 2501 1465 2532 potest
1490 2498 1556 2525 ullo
1576 2495 1656 2525 iuris
1674 2496 1803 2525 nomine
1818 2495 1882 2526 sibi

1088 2544 1267 2572 vindicare.
1290 2558 1334 2562 —
1354 2540 1492 2571 remitto
1515 2541 1558 2571 cf.
1581 2541 1614 2578 5,
1637 2539 1717 2570 419.

1133 2587 1211 2617 361.
1236 2589 1340 2625 Latio,
1369 2596 1433 2617 non
1456 2587 1511 2616 uni
1534 2587 1670 2617 civitati.
1693 2602 1739 2607 —
1765 2584 1882 2625 Caput

1087 2636 1119 2664 et
1152 2642 1281 2663 caussa
1320 2637 1408 2663 recte
1448 2640 1546 2671 „nam
1587 2633 1722 2663 Aeneas
1763 2638 1879 2668 pacem

1087 2677 1268 2716 promisit.“
1294 2681 1326 2708 S.
1376 2693 1421 2699 —
1465 2675 1628 2719 proiicis,
1660 2683 1770 2708 utres
1792 2677 1879 2707 viles

1088 2725 1130 2755 cf.
1155 2725 1186 2761 6,
1214 2723 1291 2753 436.

1133 2770 1210 2799 362.
1234 2770 1392 2806 Accedit,
1430 2771 1517 2805 quod
1563 2771 1657 2799 salus
1690 2769 1776 2797 helio
1810 2775 1878 2798 non

1090 2820 1234 2852 paratur.

1098 2873 1100 2875 >
1135 2858 1210 2890 363.
1243 2858 1344 2890 Pacis
1366 2856 1571 2889 inviolabile
1589 2855 1723 2900 pignus
1741 2862 1793 2888 eet
1812 2859 1878 2887 La-

1089 2907 1192 2944 vinia,
1218 2914 1314 2942 quam
1339 2906 1402 2936 sibi
1424 2909 1564 2941 arrogat.

1134 2951 1210 2981 364.
1234 2953 1339 2981 Docet
1364 2952 1488 2986 patriae
1516 2951 1655 2980 salutem
1680 2947 1742 2979 sihi
1773 2949 1878 2979 omni·

1089 3001 1152 3028 bus
1176 2998 1327 3028 amicitiis
1350 3005 1428 3027 esse
1451 2996 1618 3032 potiorem.
