2023 3350
671 666 725 721 l‘.
777 663 1063 721 VIRGILII
1107 662 1414 720 MARONIS

505 788 579 874 A
658 787 726 874 E
804 784 879 874 N
955 785 1024 873 E
1102 753 1296 873 I‘D
1378 784 1448 874 o
1528 783 1584 874 S

817 938 995 996 LIBER
1050 936 1256 997 NONUS.

220 1156 363 1226 Atque
405 1186 454 1214 eu
490 1172 659 1213 diversa
697 1172 866 1225 penitus
905 1171 1005 1212 dum
1041 1173 1165 1224 parte
1205 1173 1424 1224 geruntur,

215 1231 317 1271 Irim
356 1230 407 1271 de
442 1230 560 1271 caelo
597 1229 714 1270 misit
754 1229 955 1271 Saturnia
989 1229 1096 1269 Iuno

215 1288 431 1328 Audacem
467 1287 522 1328 ad
557 1287 755 1327 Turnum.

823 1287 938 1327 Luco
972 1290 1063 1327 tum
1099 1284 1210 1326 forte
1243 1284 1435 1338 parentis

215 1345 399 1385 Pilumni
438 1345 603 1384 Turnus
639 1347 810 1385 sacrata
848 1344 958 1384 valle
992 1342 1179 1384 sedebat.

217 1402 282 1442 Ad
321 1415 445 1454 quem
483 1401 543 1441 sio
584 1414 707 1441 roseo
744 1400 1052 1441 Thaumantias
1093 1413 1166 1440 ore
1201 1399 1348 1441 locuta
1386 1401 1469 1440 est:

1833 1401 1857 1439 ιη

215 1459 371 1509 Turne,
416 1457 529 1511 quod
565 1457 734 1510 optanti
774 1457 915 1498 divom
949 1457 1204 1511 promittere
1239 1469 1362 1497 nemo

261 1582 343 1608 Dum
371 1582 461 1608 abest
488 1581 631 1609 Aeneas,
652 1581 745 1607 locus
770 1584 819 1607 est
837 1580 936 1607 'l'urni
964 1578 1012 1606 ef·-

215 1626 299 1654 serre
328 1626 474 1653 virtutes.
525 1627 558 1652 Id
598 1625 707 1652 facere
741 1633 824 1659 opus
854 1630 937 1661 erat,
980 1629 1011 1652 ut

214 1673 348 1700 Aeneae
374 1671 404 1698 in
423 1671 522 1699 Turni
540 1670 678 1699 victoria
700 1672 773 1697 laus
798 1675 900 1698 esset.
949 1671 1012 1697 Fe-

214 1717 253 1744 cit
284 1717 313 1744 id
340 1717 409 1747 vgt.
438 1723 566 1744 summa
591 1721 676 1749 arte,
711 1716 804 1742 modo
832 1715 1011 1749 simplicis-

214 1763 308 1791 simo.
358 1762 440 1789 Boni
467 1762 559 1788 ducis
589 1765 657 1788 erat
684 1762 830 1794 arripere
858 1761 1011 1788 occasio-

213 1816 297 1840 nem,
324 1814 387 1840 qua
413 1814 432 1833 a
458 1807 528 1834 suis
554 1807 686 1833 Aeneas
714 1808 835 1833 aberat.
884 1806 1009 1833 Deinde

212 1853 257 1880 ita
287 1853 482 1880 illustranda
521 1856 588 1879 erat
629 1851 727 1879 'l'urni
766 1851 886 1885 virtus,
922 1856 1011 1879 tanta

214 1902 282 1925 erat
309 1899 338 1925 ei
369 1899 475 1925 danda
515 1897 668 1931 victoria,
710 1901 740 1924 ut
774 1898 903 1924 laudem
937 1897 1008 1930 ipse

213 1951 373 1972 summam
386 1943 636 1977 adipisceretur,
657 1947 871 1970 servarentur
884 1944 1009 1970 nostes.

213 1992 316 2023 Quum
348 1994 459 2016 castra
485 1988 699 2016 Troianorum
726 1989 856 2015 Turnus
884 1995 1011 2021 oppug-

212 2039 323 2068 naret,
358 2035 419 2061 duo
446 2038 592 2067 poterant
619 2041 697 2060 esse
735 2040 857 2069 casus,
895 2038 949 2060 aut
979 2037 1008 2060 ut

212 2083 429 2113 expugnaret,
461 2083 514 2106 aut
542 2083 571 2105 ut
598 2079 822 2111 repelleretur.
872 2078 905 2105 Si
931 2079 1008 2105 illud

213 2124 334 2152 sactum
355 2129 455 2156 esset,
483 2124 634 2151 'troianis
653 2123 837 2157 exstinctis,
861 2124 1008 2151 Ascanio

213 2171 349 2205 amisso,
375 2171 509 2197 Aeneae
532 2177 594 2196 non
621 2168 781 2203 superfuit
804 2170 887 2203 quod
915 2169 1010 2197 resti-

212 2220 330 2249 tueret;
359 2216 386 2243 si
403 2217 475 2244 hoc.
503 2216 635 2242 Aeneae
660 2215 799 2248 eiusque
825 2214 927 2242 sociis
955 2215 1006 2242 ni-

211 2261 256 2288 nit
281 2265 348 2288 erat
372 2269 404 2288 re
433 2266 566 2294 peracta
585 2259 781 2296 faciendum,
802 2268 907 2293 neque
933 2262 1009 2288 laus

213 2308 375 2341 paranda,
404 2313 499 2339 nuum
527 2307 657 2334 Turnus
687 2305 750 2333 iani
775 2312 796 2333 a
820 2305 902 2333 solis
927 2308 1009 2333 Tro-

210 2352 294 2379 ianis
338 2352 519 2385 cessissem
568 2352 666 2378 immo
706 2352 841 2378 Aeneae
877 2351 1011 2385 cognita

211 2401 303 2425 esset
346 2397 500 2428 formido,
542 2396 595 2430 qui
627 2396 753 2424 auxilia
793 2396 1005 2430 quaesiverat

210 2448 322 2470 contra
350 2450 439 2477 eum,
476 2441 529 2475 qui
566 2449 585 2469 a
609 2441 760 2468 Troianis
788 2449 847 2469 suo
881 2448 898 2469 a
926 2443 1010 2469 duc-e

209 2488 350 2516 desertis
375 2488 438 2515 iam
463 2487 570 2515 victus
595 2491 674 2514 erat.
725 2488 794 2514 Hoc
816 2487 897 2514 libro
926 2489 1010 2515 Tur-

210 2541 272 2561 nus
295 2533 393 2561 vincit
424 2533 551 2566 quidem
584 2536 613 2558 et
641 2531 772 2565 egregie
800 2532 914 2567 vincit,
948 2533 1006 2560 sed

210 2578 365 2606 violentia
379 2586 451 2613 sua,
481 2584 563 2611 quae
589 2577 617 2604 ei
637 2577 769 2611 propria
787 2582 849 2610 est,
875 2577 916 2604 ita
947 2579 1006 2605 ab·

209 2624 338 2657 ripitur,
365 2623 500 2651 victoria
525 2627 555 2650 ut
583 2630 647 2649 non
671 2622 753 2649 satis
780 2627 922 2649 uteretur
943 2622 1004 2657 (cf.

208 2676 239 2696 v.
274 2668 370 2701 757).
422 2670 489 2696 Hoc
519 2675 597 2695 vero
625 2668 860 2699 cognoscimus
891 2668 1004 2695 Troia—

208 2721 270 2741 nos
300 2713 497 2750 interituros,
521 2713 585 2741 nisi
607 2713 732 2740 auxilio
758 2714 858 2741 allato
886 2721 1005 2742 serva-

212 2763 331 2786 rentur.

393 2834 534 2865 Turnus
573 2832 615 2864 ab
658 2833 745 2865 Iride
785 2834 827 2865 ad
872 2834 1003 2867 bellum

516 2878 692 2909 excitatur.

212 2834 343 2865 1⁴24.

209 2990 230 3018 2
260 2946 283 2974 Ι.
316 2945 615 2989 lh'versupenitus
634 2948 843 2982 iungendum.
885 2949 924 2976 cf.
951 2947 1002 2985 12,

234 2992 285 3019 716.

1104 1576 1137 1605 2.
1162 1578 1251 1606 Idem
1279 1585 1398 1606 versus
1420 1576 1457 1613 5,
1485 1576 1560 1605 606.

1105 1622 1135 1651 3.
1160 1621 1340 1651 audacem.
1402 1623 1552 1651 Audacia
1595 1622 1667 1651 eius
1714 1621 1857 1650 maxime

1058 1669 1131 1697 inde
1155 1669 1370 1703 conspicitur,
1407 1670 1490 1702 quod
1524 1668 1632 1696 statim
1665 1667 1728 1695 etsi
1751 1667 1856 1695 nescit

1057 1721 1076 1742 a
1102 1722 1164 1747 quo
1191 1716 1251 1741 deo
1284 1714 1424 1741 monitus
1460 1714 1518 1748 sit,
1566 1713 1654 1747 cupit
1698 1720 1856 1748 pugnare,

1059 1759 1174 1786 deinde
1199 1759 1283 1792 quod
1310 1759 1410 1795 cupit,
1438 1766 1533 1792 quum
1555 1761 1594 1787 ah
1613 1759 1696 1786 iride
1716 1766 1755 1786 ne
1775 1766 1856 1792 spes

1058 1805 1185 1838 quidem
1214 1804 1372 1832 victoriae
1405 1804 1448 1832 sit
1470 1809 1643 1832 ostentata.
1694 1804 1855 1832 Providus

1059 1850 1109 1877 vir
1143 1850 1251 1878 omina
1290 1849 1424 1885 firmari,
1468 1855 1578 1877 certas
1615 1856 1695 1883 spes
1730 1849 1857 1877 ostendi

1059 1897 1275 1930 postulasset.
1325 1895 1465 1923 Attende
1516 1899 1689 1929 praeterea
1738 1895 1856 1922 Itidem

1057 1943 1157 1968 verbo
1203 1948 1284 1969 vera
1329 1941 1474 1977 tradere,
1526 1948 1561 1968 re
1599 1940 1703 1968 falsa:
1752 1941 1857 1968 Caere

1058 1992 1205 2014 extrema
1221 1987 1348 2020 quidem
1376 1988 1452 2014 urbs
1479 1990 1528 2013 est
1557 1986 1715 2022 Etruriae,
1741 1986 1799 2014 sed
1815 1987 1854 2013 ab

1057 2040 1096 2060 ea
1123 2037 1214 2066 parte
1241 2039 1324 2066 quae
1354 2031 1445 2059 Latio
1475 2036 1524 2059 est
1551 2031 1710 2066 proxima.

1101 2086 1132 2116 4.
1164 2085 1318 2116 Pilumni
1346 2085 1507 2125 parentis
1537 2086 1578 2115 cf.
1611 2086 1665 2121 to,
1692 2086 1774 2115 619:
1803 2089 1854 2115 cui

1058 2135 1143 2161 hunc
1161 2136 1268 2161 locum
1290 2141 1354 2161 non
1375 2133 1549 2161 adversari
1565 2133 1728 2160 docebunt
1754 2134 1857 2160 verba

1056 2179 1299 2207 iurisconsulti:
1331 2179 1585 2215 „Appellatione
1611 2178 1696 2205 enim
1725 2185 1856 2216 paren-

1057 2222 1102 2254 tis
1130 2233 1195 2252 non
1218 2229 1341 2252 tantum
1368 2230 1477 2260 pater,
1507 2224 1565 2253 sed
1591 2223 1686 2251 etiam
1713 2230 1798 2251 avus
1824 2226 1856 2250 et

1056 2278 1202 2305 proavus
1241 2274 1269 2297 et
1314 2270 1471 2304 deinceps
1510 2277 1623 2297 omnes
1661 2269 1854 2303 superiores

1055 2316 1277 2350 continentur,
1328 2316 1386 2342 sed
1421 2319 1450 2342 et
1484 2320 1602 2350 mater,
1643 2319 1672 2341 et
1708 2314 1786 2342 avia
1823 2317 1855 2342 et.

1056 2358 1227 2395 proax·ia.⁴‘
1276 2362 1371 2388 Forc.
1398 2368 1439 2387 ex
1463 2361 1535 2394 Uip.
1587 2361 1693 2393 Quare
1730 2366 1856 2388 caussa

1057 2414 1122 2434 non
1148 2411 1234 2442 erat,
1279 2410 1309 2433 ut
1340 2403 1500 2444 parentis
1528 2405 1783 2441 improbaretur,
1824 2409 1856 2433 et

1057 2459 1113 2486 pro
1154 2459 1192 2479 eo
1230 2450 1404 2478 inferretur
1446 2447 1581 2479 virenti.
1625 2465 1663 2469 —
1709 2451 1855 2479 sacrata

1058 2494 1149 2525 valle
1173 2499 1278 2530 Mss.;
1311 2504 1396 2524 unus
1423 2500 1450 2523 et
1479 2497 1584 2525 schol.
1634 2495 1727 2524 Statii
1753 2496 1853 2524 Theb.

1059 2540 1092 2577 l,
1124 2540 1184 2569 104
1207 2543 1328 2569 nabere
1354 2541 1470 2569 dicitur
1494 2543 1643 2577 secreta,
1680 2542 1764 2575 quod
1791 2542 1853 2568 hoc

1053 2589 1125 2615 loeo
1153 2587 1349 2622 praeferrem
1377 2594 1450 2615 cum
1481 2583 1554 2622 Pto,
1580 2587 1609 2614 si
1639 2586 1723 2615 satis
1748 2586 1853 2614 sirma-

1053 2637 1118 2660 tum
1145 2641 1224 2660 esse
1259 2632 1390 2661 scirem.
1440 2632 1529 2660 Satis
1562 2636 1613 2660 est
1639 2639 1711 2660 eum
1745 2630 1852 2659 fuisse

1051 2678 1083 2706 in
1111 2680 1207 2713 luco,
1256 2686 1320 2705 non
1357 2685 1442 2712 opus
1482 2681 1532 2706 est
1569 2677 1678 2705 addito
1711 2677 1852 2704 sacrata

1051 2720 1168 2757 valle;
1196 2724 1255 2751 sed
1281 2723 1389 2758 aptius
1417 2723 1614 2760 addebatur,
1648 2728 1719 2750 eum
1745 2719 1851 2749 fuisse

1051 2769 1169 2796 solum.

1094 2813 1125 2841 5.
1159 2809 1436 2849 Thaumantias,
1473 2813 1536 2841 Iris
1563 2810 1777 2840 Thaumantis
1819 2815 1850 2839 et

1050 2860 1202 2886 Electrae
1230 2858 1418 2886 Oceaninae
1442 2858 1514 2886 filia.

1094 2902 1124 2931 6.
1151 2900 1270 2933 divum
1300 2910 1410 2931 nemo.
1470 2898 1607 2939 „Nemo
1643 2907 1701 2934 pro
1729 2897 1850 2930 nullus

1049 2949 1176 2985 posuit,
1213 2952 1244 2976 et
1277 2952 1327 2976 est
1355 2946 1566 2981 Acyrologia.
1614 2947 1694 2974 Nam
1730 2943 1848 2975 divum

1047 3001 1147 3023 nemo
1171 3001 1236 3022 non
1261 2999 1442 3028 possumus
1475 2991 1602 3030 dicere,
1637 2998 1734 3026 quum
1769 2999 1847 3027 pro-
