2023 3350
250 121 327 160 176

808 118 844 149 P.
875 117 1070 150 VIRGILII
1104 117 1313 151 MARONIS

246 232 345 275 Sola
382 231 506 272 domo
542 234 703 272 maeret
740 244 895 281 vacua,
938 232 1172 285 stratisque
1209 232 1370 274 relictis

244 288 435 331 Incubat.

495 288 620 329 Illum
658 287 811 329 absens
847 287 1066 329 absentem
1102 289 1311 342 auditque
1346 289 1560 343 videtque.

243 349 329 388 Aut
367 346 527 398 gremio
565 345 814 396 Ascanium,
859 345 1065 398 genitoris
1103 346 1287 399 imagine
1326 351 1465 402 capta,

242 403 432 453 Detinet,
475 402 695 443 infandum
737 402 772 443 si
814 401 964 443 fallere
1003 403 1139 456 possit
1175 417 1374 445 amorem.

1817 406 1870 444 85

241 462 335 502 Non
370 463 545 512 coeptae
586 459 825 512 adsurgunt
854 463 1016 512 turres3
1060 474 1144 501 non
1182 473 1302 502 arma
1338 462 1533 503 iuventus

242 519 445 567 Exercet,
488 520 692 571 portusve
732 520 807 558 aut
841 516 1165 571 propugnacula
1197 517 1309 559 bello

241 576 350 616 Tuta
388 578 563 627 parant:
610 573 798 627 pendent
838 589 969 628 opera
1008 575 1251 628 interrupta
1292 575 1516 628 minaeque

241 633 463 674 Mur-orum
495 633 687 685 ingentes
724 636 996 685 aequataque
1034 632 1233 673 machina
1272 632 1400 674 caelo.

354 690 489 739 Quam
523 689 648 731 simul
683 703 734 731 ac
767 690 846 730 tali
885 690 1096 744 persensit
1133 693 1253 743 peste
1284 690 1421 731 teneri

1817 691 1870 730 90

241 748 351 790 Cara
385 747 497 788 Iovis
536 747 734 798 coniunx,
772 762 850 789 nec
892 747 1051 788 famam
1082 746 1255 789 obstare
1294 747 1442 798 furori,

238 804 411 846 Talibus
451 804 704 858 adgreditur
736 805 945 846 Venerem
979 805 1182 847 Saturnia
1221 805 1370 847 dictis:

238 863 467 916 Egregiam
506 876 605 904 vero
646 862 818 904 laudem
855 866 897 904 et
933 863 1071 916 spolia
1104 863 1248 917 ampla
1291 862 1463 904 refertis

238 921 384 975 Tuque
422 934 612 973 puerque
644 924 762 971 tuus3
808 934 1009 973 magnum
1044 924 1086 962 et
1115 920 1393 961 memorabile
1426 932 1593 970 numen,

238 979 333 1020 Una
366 977 464 1019 dolo
501 977 643 1019 divom
675 978 711 1019 si
748 977 907 1019 femina
947 979 1061 1019 victa
1092 977 1275 1019 duorum
1311 981 1387 1019 est.

237 1036 325 1077 Nec
358 1049 425 1076 me
459 1035 566 1077 adeo
602 1035 734 1087 fallit,
778 1036 958 1077 veritam
996 1039 1040 1077 te
1075 1036 1244 1078 moenia
1280 1038 1442 1086 nostra,

239 1094 468 1147 Suspectas
507 1093 710 1134 habuisse
747 1092 894 1134 domos
937 1092 1208 1147 Carthaginis
1243 1093 1369 1135 altae.

239 1151 322 1194 Sed
356 1151 451 1204 quis
487 1151 569 1192 erit
601 1151 781 1192 modus?
825 1157 899 1192 aut
937 1165 1018 1205 quo
1056 1165 1168 1192 nunc
1204 1151 1437 1193 certamine
1476 1151 1598 1190 tanto
1639 1172 1696 1178 -

283 1291 336 1321 82.
364 1300 476 1320 vacua
507 1300 552 1321 sc.
579 1292 692 1320 Aenea
727 1292 764 1321 cf.
797 1290 836 1329 2,
869 1290 943 1320 528.
988 1308 1024 1311 —

235 1335 385 1367 relictis.-
427 1346 471 1366 sc.
504 1340 543 1366 ab
574 1338 698 1366 Aenea.
755 1338 881 1366 Retinet
914 1340 1028 1373 locum,

237 1393 329 1418 quem
356 1384 412 1412 ille
437 1384 467 1411 in
497 1384 649 1412 convivio
671 1384 859 1412 obtinuerat.
900 1384 1029 1412 Similia

237 1432 294 1458 (lv.
323 1431 394 1457 Iler.
424 1427 472 1461 10,
495 1428 547 1456 51.
585 1426 636 1463 15,
667 1427 737 1457 149.
787 1431 823 1457 Et
855 1438 893 1457 ne
924 1434 953 1457 te
981 1429 1028 1457 of-

235 1475 341 1503 fendat
362 1483 473 1503 vacua
497 1490 541 1493 ——
565 1472 712 1510 relictis,
745 1474 784 1503 cf.
811 1473 840 1509 3,
870 1472 932 1502 132
959 1472 1028 1503 Ho-

235 1524 285 1549 ste
310 1528 433 1548 uacare
460 1517 596 1558 domos,
621 1518 785 1559 sedesque
810 1518 952 1549 adstare
977 1529 1028 1549 re-

236 1564 350 1595 [ictas.

280 1611 333 1640 83.
360 1609 483 1640 absens
526 1609 722 1640 absentem.-
771 1613 858 1640 Idem
896 1614 1029 1640 verbum

235 1667 307 1687 cuin
331 1658 364 1686 vi
388 1658 553 1691 repetitum
574 1657 612 1687 cf.
639 1655 665 1694 1,
695 1654 770 1685 684.
801 1673 839 1677 -
866 1659 910 1686 De
929 1666 962 1686 re
988 1658 1026 1687 cf.

235 1706 292 1732 (lv.
318 1704 390 1731 Her.
421 1701 451 1738 7,
475 1701 527 1731 25.

279 1747 332 1777 et.
359 1744 561 1783 „Genitoris
604 1744 761 1787 imagine
812 1750 936 1787 capta:
990 1751 1027 1777 ob

234 1795 333 1823 amati
371 1792 647 1822 similitutlineni.“
689 1795 719 1821 S.
770 1809 807 1812 —
864 1790 1027 1822 Detinere

235 1841 365 1875 saepius
389 1844 434 1868 est
459 1840 594 1868 retinere
616 1839 790 1867 blanditiis.
821 1855 857 1858 —
886 1837 914 1867 si
936 1839 973 1868 cf.
999 1837 1025 1876 1,

234 1885 309 1914 57³³.
349 1901 386 1904 —
433 1882 568 1913 Fallere
610 1888 675 1920 est,
717 1885 824 1913 furtim
862 1887 1026 1919 expellere

233 1933 322 1960 aliud
361 1932 501 1967 agend03
549 1931 595 1958 ita
629 1927 757 1965 fallere
794 1938 910 1958 caram
950 1932 1024 1959 Hor.

233 1981 298 2006 Sat.
326 1975 355 2012 2,
375 1974 404 2011 7,
437 1974 508 2004 114.
533 1978 590 2005 Ov.
624 1977 712 2004 Pont.
741 1973 770 2012 4,
803 1973 851 2012 10,
877 1973 929 2004 67.
965 1974 1026 2004 (Ιο-

232 2021 321 2052 lor-es
353 2023 447 2050 '1¹rist.
479 2021 514 2058 5,
544 2019 580 2057 7,
603 2019 661 2049 39:
718 2018 862 2050 Detineo
899 2019 1027 2050 studiis

233 2066 386 2097 animum
420 2064 585 2106 falloque
630 2064 776 2095 dolores.
825 2082 863 2086 —
904 2068 1026 2095 Detinet

232 2123 328 2148 saepe
353 2113 551 2149 Ascanium,
588 2121 680 2147 quem
704 2116 809 2141 tamen
840 2117 927 2141 amat
961 2122 1023 2141 non

233 2161 298 2188 nisi
320 2160 400 2194 quod
425 2159 506 2192 patri
531 2163 578 2186 est
605 2158 733 2186 similis.

277 2204 329 2233 86.
356 2205 488 2233 Amoris
509 2204 624 2232 vitium
650 2208 707 2237 est,
734 2205 816 2238 quoti
838 2204 914 2233 facit
939 2205 1024 2233 alia-

231 2260 302 2280 rum
344 2258 447 2279 rerum
485 2250 698 2286 negligentes3
738 2250 775 2278 cf.
808 2251 874 2278 Ecl.
907 2248 942 2287 2,
969 2248 1022 2279 70.

233 2293 454 2335 Semiputata
482 2294 542 2324 tibi
562 2293 736 2332 frondosa
763 2292 844 2324 vitis
872 2293 908 2323 in
932 2292 1025 2324 ulmo

230 2345 288 2370 eet.
341 2343 408 2370 Hoc
433 2345 538 2369 autem
560 2343 628 2369 loco
654 2341 795 2369 omnittm
819 2349 948 2375 operum
973 2342 1022 2369 in-

229 2388 388 2416 termissio
417 2391 445 2415 et
477 2388 568 2421 quies
601 2389 679 2415 bene
712 2386 882 2420 opponitur
906 2387 1019 2424 turbis,

229 2434 345 2469 quibus
372 2433 501 2466 reginae
525 2433 654 2460 animus
675 2432 865 2467 exagitatur.

274 2478 327 2507 89.
356 2481 509 2507 Memorat
534 2479 607 2514 Vgl.
634 2478 711 2505 belli
742 2482 949 2512 apparatum,
986 2482 1020 2506 ut

229 2533 294 2553 rem
326 2526 421 2553 Iarba
452 2525 574 2552 bellum
607 2523 774 2552 minitante
798 2524 938 2551 maxime
963 2531 1020 2551 ne-

228 2571 414 2599 cessariam.
442 2585 479 2589 -—
513 2566 632 2598 Minae
655 2566 814 2608 ingentes
839 2569 877 2597 cf.
903 2570 933 2604 Β,
954 2567 1019 2596 526

228 2621 257 2644 et
280 2613 471 2650 machinae,
491 2612 647 2650 Get-aste,
667 2615 802 2648 pendent
826 2614 1019 2649 interruptae

227 2665 255 2689 et
282 2662 422 2695 inutiles,
443 2661 524 2695 quoti
549 2664 655 2689 cessat
679 2659 854 2688 aedificatio
885 2657 935 2688 Pl.
964 2661 1016 2688 tle—

227 2708 269 2735 let
295 2715 369 2746 aeq.
400 2715 444 2735 m.
473 2714 498 2735 c.

228 2782 328 2812 ‘Jo—
371 2786 376 2811 t
417 2808 422 2813 .

348 2783 536 2869 1siitondere
562 2826 746 2859 consilium
780 2826 879 2868 capit.

273 2884 325 2914 90.
350 2889 444 2926 peste
467 2887 487 2915 i.
512 2895 538 2915 e.
567 2886 687 2915 amoris
712 2886 750 2915 cf.
779 2883 807 2921 1,
825 2882 900 2913 712.

273 2929 325 2960 91.
353 2934 443 2967 Ιιιηο,
466 2940 548 2966 quae
575 2932 722 2960 omnibus
739 2932 842 2960 modis
857 2931 1014 2960 Troianos

228 2979 266 3004 ab
292 2978 387 3005 Italia
413 2978 578 3013 reiecerat,
608 2986 705 3012 (litum
738 2980 814 3006 bene
848 2981 1015 3011 exceptum

228 3027 390 3057 cognosset
424 3023 612 3060 Carthagini
644 3027 673 3052 et
710 3023 824 3058 opibus
859 3023 1013 3059 adiutum,

472 2783 559 2813 Iuno
585 2781 758 2813 Didonem
788 2780 927 2812 Aeneae
959 2780 1016 2813 de-

1075 1293 1141 1321 iam
1169 1297 1312 1321 mutuum
1334 1299 1474 1320 amorem
1499 1289 1639 1318 excitare
1665 1292 1696 1317 et
1719 1288 1866 1316 Aeneam

1075 1346 1111 1366 eo
1142 1340 1231 1366 modo
1259 1339 1394 1367 retinere
1416 1339 1456 1365 al)
1483 1336 1579 1364 Italia
1601 1338 1716 1363 conata
1740 1337 1800 1362 est.
1826 1348 1864 1352 —-

1078 1381 1169 1412 lovis
1216 1381 1341 1412 coniux
1380 1399 1423 1402 —
1473 1377 1645 1410 Saturnia
1689 1381 1790 1408 altero
1835 1379 1871 1407 in

1075 1430 1237 1458 enuntiato
1271 1430 1308 1458 cf.
1334 1430 1398 1458 Cic.
1423 1430 1460 1457 de
1486 1435 1530 1455 or.
1550 1423 1580 1463 2,
1605 1423 1658 1462 67,
1683 1423 1749 1453 273
1775 1422 1868 1461 „Sa-

1075 1472 1220 1503 linatori
1245 1475 1426 1509 maximnm,
1464 1480 1561 1507 quum
1587 1473 1725 1500 Tarento
1746 1471 1868 1500 amisso

1075 1528 1181 1549 arcem
1217 1525 1320 1549 tamen
1362 1517 1484 1548 Livius
1525 1518 1713 1546 retinuisset
1748 1539 1780 1546 ..
1816 1517 1868 1546 in-

1075 1566 1141 1601 quit
1165 1588 1171 1594 .
1189 1566 1218 1594 .‘'·

1121 1609 1172 1640 92.
1200 1608 1373 1651 aggredi,
1407 1610 1545 1646 alloqui,
1581 1613 1613 1638 ut
1640 1611 1768 1643 plenum
1800 1618 1867 1650 ag-

1073 1654 1178 1697 gredi
1203 1655 1304 1687 ‹Iictis
1329 1655 1358 1693 3,
1374 1654 1449 1684 355.
1478 1653 1586 1691 6,387
1619 1652 1779 1694 angeheri
1807 1653 1869 1687 mit

1081 1700 1245 1739 lVorten,
1286 1703 1368 1737 quotl
1403 1708 1518 1736 prosae
1548 1705 1597 1729 est
1633 1701 1789 1730 orationis
1826 1702 1865 1731 cf.

1075 1748 1141 1777 Cic.
1174 1749 1239 1776 Att.
1274 1745 1332 1785 12,
1358 1745 1409 1775 33.
1454 1749 1533 1775 sall.
1565 1748 1589 1775 Ι.
1623 1744 1675 1774 36.
1732 1747 1868 1776 Servius

1073 1795 1113 1822 atl
1139 1796 1222 1822 hunc
1246 1795 1351 1822 locum
1374 1795 1541 1829 observat,
1565 1793 1656 1820 (leam
1681 1793 1866 1822 Saturniam

1073 1839 1154 1876 ttici,
1181 1840 1210 1868 si
1235 1840 1275 1868 sit
1306 1839 1449 1867 nocitura
1479 1838 1517 1867 cf.
1542 1837 1572 1873 ἴ),
1600 1836 1675 1866 606.
1712 1835 1763 1876 12,
1788 1837 1866 1878 830,

1073 1887 1227 1914 lunonem
1252 1889 1369 1919 autem,
1392 1884 1446 1912 ubi
1470 1883 1609 1918 propitia
1630 1883 1682 1912 sit.

1120 1929 1171 1959 93.
1197 1933 1350 1965 Magnam
1369 1931 1495 1958 laudem
1514 1929 1683 1964 reportatis
1697 1936 1864 1966 magnam-

1073 1985 1133 2011 que
1154 1980 1296 2005 vestram
1318 1975 1491 2011 potentiam
1512 1975 1664 2012 probatis,
1687 1984 1784 2010 quum
1803 1977 1864 2005 duo

1073 2030 1170 2051 unam
1196 2022 1343 2052 viceritis
1371 2022 1522 2050 feminam
1543 2020 1597 2048 dii.

1119 2067 1171 2096 94.
1198 2076 1323 2098 numen
1350 2070 1392 2095 M.
1418 2068 1460 2095 al.
1509 2073 1630 2095 nomen
1658 2067 1694 2094 P.
1741 2067 1779 2094 Et
1803 2075 1865 2096 no-

1069 2122 1145 2143 men
1182 2118 1211 2142 et
1247 2120 1373 2143 numen
1414 2109 1635 2141 memorabile
1670 2111 1732 2140 dici
1769 2120 1865 2146 posse

1069 2168 1166 2194 quum
1197 2168 1252 2194 per
1284 2168 1319 2188 se
1345 2162 1465 2194 pateat,
1502 2165 1565 2185 non
1586 2160 1650 2193 est,
1684 2158 1765 2191 quod
1790 2163 1861 2192 post

1069 2206 1153 2234 alios
1202 2206 1388 2240 interpretes
1435 2202 1593 2237 exemplis
1639 2206 1861 2234 monstremus.

1070 2252 1129 2280 Sed
1156 2259 1280 2279 mamea
1312 2250 1404 2278 libris
1435 2249 1539 2284 magis
1570 2247 1720 2277 firmatur.
1770 2250 1862 2289 Quid,

1069 2298 1151 2331 quoti
1174 2304 1295 2325 nomen
1317 2300 1419 2323 ortum
1442 2295 1569 2323 videtur
1590 2303 1665 2324 esse
1691 2302 1708 2323 e
1734 2292 1764 2332 2,
1784 2293 1859 2325 583.

1069 2350 1189 2371 nomen
1227 2339 1277 2370 Pl.
1317 2338 1377 2369 Hb.
1433 2348 1558 2369 numen
1598 2338 1683 2382 Wg.
1716 2335 1779 2368 LA.
1820 2357 1859 2362 —

1069 2384 1161 2416 Puer
1186 2391 1234 2415 est
1265 2388 1365 2416 Amor
1402 2387 1440 2415 cf.
1478 2382 1510 2422 1,
1543 2385 1617 2416 684.
1679 2387 1739 2416 Sed
1773 2394 1862 2426 puer

1066 2437 1116 2461 est.
1147 2433 1244 2461 etiam
1270 2430 1383 2472 filius.
1435 2432 1482 2461 Cf.
1520 2434 1593 2462 Hor.
1622 2434 1656 2463 C.
1685 2431 1713 2470 1,
1742 2430 1792 2470 12,
1817 2431 1860 2462 25

1072 2475 1192 2506 Dicam
1221 2480 1252 2507 et
1277 2476 1420 2507 Alciden
1446 2485 1640 2518 puerosque
1666 2475 1792 2507 Ledae.

1113 2521 1166 2552 97.
1199 2521 1297 2552 Alta.-
1328 2524 1374 2551 ita
1399 2525 1457 2552 Ov.
1482 2526 1524 2552 M.
1551 2522 1581 2561 8,
1608 2522 1672 2552 525
1700 2522 1784 2553 Alta
1806 2522 1858 2553 ia-

1066 2570 1116 2598 cet
1148 2566 1302 2608 Calydon
1336 2570 1355 2597 i.
1381 2577 1406 2597 e.
1431 2572 1569 2604 superba
1594 2571 1681 2599 luctu
1705 2571 1857 2604 depressa

1064 2618 1122 2642 est.
1173 2616 1246 2643 Hor.
1267 2616 1300 2644 C.
1329 2615 1358 2651 3,
1383 2615 1413 2651 5,
1436 2613 1477 2642 41)
1508 2613 1646 2655 Magna
1677 2613 1858 2655 Carthago

1062 2658 1237 2699 probrosi..-
1262 2658 1369 2689 allior
1398 2658 1523 2688 Italiae
1547 2658 1672 2689 ruinis.
1714 2661 1759 2689 Cf.
1784 2661 1856 2689 Liv.

1064 2704 1095 2741 4,
1124 2703 1162 2733 13
1206 2703 1344 2735 tendere
1380 2702 1426 2733 ad
1463 2704 1592 2735 altiora
1624 2708 1655 2736 et
1686 2715 1753 2734 non
1778 2714 1857 2735 con-

1065 2759 1173 2780 cessa.

1111 2795 1162 2825 98.
1190 2794 1248 2825 sed
1288 2794 1365 2836 quis
1401 2794 1465 2826 erit
1501 2790 1650 2825 modus?
1699 2795 1771 2824 finis
1811 2804 1855 2826 sc.

1063 2843 1327 2871 inimicitiarum?
1367 2842 1413 2871 Cf.
1442 2843 1498 2870 Sil.
1526 2839 1577 2879 16,
1594 2837 1633 2869 91
1669 2837 1756 2869 Nam
1778 2839 1857 2882 quis

1063 2885 1126 2916 erit
1153 2885 1291 2916 tandem
1319 2885 1450 2927 campis
1481 2884 1616 2916 telluris
1647 2882 1768 2916 lberae
1789 2896 1856 2927 pu-

1062 2930 1202 2972 gnandi
1233 2928 1380 2961 modus?
1411 2948 1455 2951 —
1490 2934 1551 2960 aut
1576 2939 1643 2971 quo
1667 2940 1758 2961 nunc
1785 2941 1854 2961 cer-

1062 2976 1192 3006 tamine
1222 2980 1320 3007 tanto
1355 2980 1433 3006 Mss.
1469 2981 1497 3006 et
1521 2980 1611 3006 Serv.
1644 2978 1715 3011 qui:
1757 2979 1853 3013 „quid

1061 3031 1141 3058 opus
1167 3028 1215 3053 est
1244 3027 1329 3053 tanto
1355 3023 1561 3052 certainine.“
1609 3024 1716 3059 Magis
1749 3025 1851 3059 piacet
