<?xml version="1.0" encoding="UTF-8"?>
<!DOCTYPE html PUBLIC "-//W3C//DTD XHTML 1.0 Transitional//EN"
    "http://www.w3.org/TR/xhtml1/DTD/xhtml1-transitional.dtd">
<html xmlns="http://www.w3.org/1999/xhtml" xml:lang="en" lang="en">
 <head>
  <title>
</title>
<meta http-equiv="Content-Type" content="text/html;charset=utf-8" />
  <meta name='ocr-system' content='tesseract 3.04.00' />
  <meta name='ocr-capabilities' content='ocr_page ocr_carea ocr_par ocr_line ocrx_word'/>
</head>
<body>
  <div class='ocr_page' id='page_1' title='image "aeneisvi00virguoft_0672.png"; bbox 0 0 2023 3350; ppageno 0'>
   <div class='ocr_carea' id='block_1_1' title="bbox 269 171 1204 218">
    <p class='ocr_par' dir='ltr' id='par_1_1' title="bbox 269 171 1204 218">
     <span class='ocr_line' id='line_1_1' title="bbox 269 171 1204 218; baseline -0.014 0"><span class='ocrx_word' id='word_1_1' title='bbox 269 180 349 218; x_wconf 86' lang='grc'>646</span> <span class='ocrx_word' id='word_1_2' title='bbox 955 171 1204 205; x_wconf 76' lang='lat' dir='ltr'>Excunsus</span> 
     </span>
    </p>
   </div>
   <div class='ocr_carea' id='block_1_2' title="bbox 268 281 1909 2776">
    <p class='ocr_par' dir='ltr' id='par_1_2' title="bbox 268 281 1900 669">
     <span class='ocr_line' id='line_1_2' title="bbox 269 281 1897 334; baseline -0.006 -10"><span class='ocrx_word' id='word_1_3' title='bbox 269 291 364 334; x_wconf 78' lang='lat' dir='ltr'>quod</span> <span class='ocrx_word' id='word_1_4' title='bbox 390 288 526 321; x_wconf 74' lang='lat' dir='ltr'>catalexi</span> <span class='ocrx_word' id='word_1_5' title='bbox 563 286 712 317; x_wconf 73' lang='lat' dir='ltr'>eflicitur</span> <span class='ocrx_word' id='word_1_6' title='bbox 739 284 1006 327; x_wconf 71' lang='lat' dir='ltr'>hypercatalexi.</span> <span class='ocrx_word' id='word_1_7' title='bbox 1055 286 1176 326; x_wconf 85' lang='lat' dir='ltr'>ltaque</span> <span class='ocrx_word' id='word_1_8' title='bbox 1201 290 1321 326; x_wconf 87' lang='lat' dir='ltr'>poetae</span> <span class='ocrx_word' id='word_1_9' title='bbox 1347 292 1383 319; x_wconf 89' lang='lat' dir='ltr'>et</span> <span class='ocrx_word' id='word_1_10' title='bbox 1405 284 1574 328; x_wconf 81' lang='lat' dir='ltr'>Virgilius</span> <span class='ocrx_word' id='word_1_11' title='bbox 1601 283 1758 315; x_wconf 82' lang='lat' dir='ltr'>fecerunt</span> <span class='ocrx_word' id='word_1_12' title='bbox 1780 281 1897 319; x_wconf 84' lang='lat' dir='ltr'>etiam,</span> 
     </span>
     <span class='ocr_line' id='line_1_3' title="bbox 268 338 1898 387; baseline -0.006 -7"><span class='ocrx_word' id='word_1_13' title='bbox 268 357 388 381; x_wconf 72' lang='lat' dir='ltr'>versus</span> <span class='ocrx_word' id='word_1_14' title='bbox 413 342 716 387; x_wconf 67' lang='lat' dir='ltr'>hypercatalectus.</span> <span class='ocrx_word' id='word_1_15' title='bbox 765 342 977 383; x_wconf 79' lang='lat' dir='ltr'>Plerumque</span> <span class='ocrx_word' id='word_1_16' title='bbox 1002 350 1124 374; x_wconf 81' lang='lat' dir='ltr'>versus</span> <span class='ocrx_word' id='word_1_17' title='bbox 1148 342 1327 383; x_wconf 83' lang='lat' dir='ltr'>proximus</span> <span class='ocrx_word' id='word_1_18' title='bbox 1361 343 1483 386; x_wconf 84' lang='lat' dir='ltr'>incipit</span> <span class='ocrx_word' id='word_1_19' title='bbox 1516 340 1641 380; x_wconf 80' lang='lat' dir='ltr'>vocali,</span> <span class='ocrx_word' id='word_1_20' title='bbox 1682 344 1723 371; x_wconf 86' lang='lat' dir='ltr'>ut</span> <span class='ocrx_word' id='word_1_21' title='bbox 1752 338 1898 372; x_wconf 88' lang='lat' dir='ltr'>elisione</span> 
     </span>
     <span class='ocr_line' id='line_1_4' title="bbox 272 398 1899 446; baseline -0.005 -11"><span class='ocrx_word' id='word_1_22' title='bbox 272 403 370 446; x_wconf 80' lang='lat' dir='ltr'>quasi</span> <span class='ocrx_word' id='word_1_23' title='bbox 412 401 588 442; x_wconf 82' lang='lat' dir='ltr'>mitigetur</span> <span class='ocrx_word' id='word_1_24' title='bbox 628 398 857 431; x_wconf 86' lang='lat' dir='ltr'>abundantia.</span> <span class='ocrx_word' id='word_1_25' title='bbox 907 399 983 431; x_wconf 90' lang='lat' dir='ltr'>Hoc</span> <span class='ocrx_word' id='word_1_26' title='bbox 1034 398 1138 430; x_wconf 86' lang='lat' dir='ltr'>etiam</span> <span class='ocrx_word' id='word_1_27' title='bbox 1173 399 1336 431; x_wconf 79' lang='lat' dir='ltr'>videmus</span> <span class='ocrx_word' id='word_1_28' title='bbox 1372 400 1577 443; x_wconf 82' lang='lat' dir='ltr'>saepissime</span> <span class='ocrx_word' id='word_1_29' title='bbox 1619 405 1786 439; x_wconf 85' lang='lat' dir='ltr'>superare</span> <span class='ocrx_word' id='word_1_30' title='bbox 1821 406 1899 438; x_wconf 84' lang='lat' dir='ltr'>que,</span> 
     </span>
     <span class='ocr_line' id='line_1_5' title="bbox 268 453 1899 500; baseline -0.004 -9"><span class='ocrx_word' id='word_1_31' title='bbox 268 459 415 492; x_wconf 78' lang='lat' dir='ltr'>maxime</span> <span class='ocrx_word' id='word_1_32' title='bbox 442 457 509 490; x_wconf 87' lang='lat' dir='ltr'>alio</span> <span class='ocrx_word' id='word_1_33' title='bbox 535 469 603 500; x_wconf 82' lang='lat' dir='ltr'>que</span> <span class='ocrx_word' id='word_1_34' title='bbox 625 455 869 494; x_wconf 82' lang='lat' dir='ltr'>antecedente;</span> <span class='ocrx_word' id='word_1_35' title='bbox 916 454 1040 488; x_wconf 84' lang='lat' dir='ltr'>deinde</span> <span class='ocrx_word' id='word_1_36' title='bbox 1065 455 1229 488; x_wconf 87' lang='lat' dir='ltr'>ultimum</span> <span class='ocrx_word' id='word_1_37' title='bbox 1256 455 1381 497; x_wconf 88' lang='lat' dir='ltr'>pedem</span> <span class='ocrx_word' id='word_1_38' title='bbox 1407 466 1483 489; x_wconf 89' lang='lat' dir='ltr'>esse</span> <span class='ocrx_word' id='word_1_39' title='bbox 1511 455 1623 489; x_wconf 89' lang='lat' dir='ltr'>solere</span> <span class='ocrx_word' id='word_1_40' title='bbox 1648 453 1899 497; x_wconf 73' lang='lat' dir='ltr'>antispastum:</span> 
     </span>
     <span class='ocr_line' id='line_1_6' title="bbox 268 512 1497 554; baseline -0.001 -8"><span class='ocrx_word' id='word_1_41' title='bbox 268 528 300 546; x_wconf 69' lang='grc' dir='ltr'><strong>υ</strong></span> <span class='ocrx_word' id='word_1_42' title='bbox 323 533 368 538; x_wconf 86' lang='grc'>-</span> <span class='ocrx_word' id='word_1_43' title='bbox 390 533 434 536; x_wconf 87' lang='lat'><strong>—</strong></span> <span class='ocrx_word' id='word_1_44' title='bbox 461 526 505 553; x_wconf 73' lang='grc' dir='ltr'><strong>υ,</strong></span> <span class='ocrx_word' id='word_1_45' title='bbox 525 514 637 547; x_wconf 84' lang='lat' dir='ltr'>rarius</span> <span class='ocrx_word' id='word_1_46' title='bbox 664 512 939 546; x_wconf 78' lang='lat' dir='ltr'>antibacchium:</span> <span class='ocrx_word' id='word_1_47' title='bbox 966 532 1011 536; x_wconf 91' lang='grc'>--</span> <span class='ocrx_word' id='word_1_48' title='bbox 1034 532 1076 536; x_wconf 82' lang='lat'>—-</span> <span class='ocrx_word' id='word_1_49' title='bbox 1104 525 1146 546; x_wconf 71' lang='grc' dir='ltr'>υ.</span> <span class='ocrx_word' id='word_1_50' title='bbox 1196 513 1247 543; x_wconf 90' lang='lat' dir='ltr'>Ita</span> <span class='ocrx_word' id='word_1_51' title='bbox 1274 512 1405 554; x_wconf 82' lang='lat' dir='ltr'>duplici</span> <span class='ocrx_word' id='word_1_52' title='bbox 1430 524 1497 554; x_wconf 83' lang='lat' dir='ltr'>que</span> 
     </span>
     <span class='ocr_line' id='line_1_7' title="bbox 312 565 1900 613; baseline -0.001 -12"><span class='ocrx_word' id='word_1_53' title='bbox 312 591 357 595; x_wconf 29' lang='lat' dir='ltr'>-s</span> <span class='ocrx_word' id='word_1_54' title='bbox 383 583 414 601; x_wconf 65' lang='grc' dir='ltr'><strong>υ</strong></span> <span class='ocrx_word' id='word_1_55' title='bbox 443 575 446 613; x_wconf 55' lang='lat'>2</span> <span class='ocrx_word' id='word_1_56' title='bbox 474 583 506 601; x_wconf 69' lang='grc' dir='ltr'><strong>υ</strong></span> <span class='ocrx_word' id='word_1_57' title='bbox 532 591 574 594; x_wconf 38' lang='grc'>4-</span> <span class='ocrx_word' id='word_1_58' title='bbox 600 590 642 594; x_wconf 85' lang='lat'>—-</span> <span class='ocrx_word' id='word_1_59' title='bbox 668 584 700 600; x_wconf 67' lang='grc' dir='ltr'><strong>υ</strong></span> <span class='ocrx_word' id='word_1_60' title='bbox 721 572 975 613; x_wconf 73' lang='lat' dir='ltr'>ltonn‘numque</span> <span class='ocrx_word' id='word_1_61' title='bbox 998 570 1228 611; x_wconf 75' lang='lat' dir='ltr'>locorumque</span> <span class='ocrx_word' id='word_1_62' title='bbox 1246 570 1278 609; x_wconf 91' lang='lat' dir='ltr'>l,</span> <span class='ocrx_word' id='word_1_63' title='bbox 1295 569 1372 601; x_wconf 83' lang='lat'>332.</span> <span class='ocrx_word' id='word_1_64' title='bbox 1397 571 1455 608; x_wconf 87' lang='lat' dir='ltr'>lv,</span> <span class='ocrx_word' id='word_1_65' title='bbox 1479 570 1647 603; x_wconf 78' lang='lat'>558.629.</span> <span class='ocrx_word' id='word_1_66' title='bbox 1671 569 1710 608; x_wconf 87' lang='lat' dir='ltr'>V,</span> <span class='ocrx_word' id='word_1_67' title='bbox 1729 567 1804 600; x_wconf 81' lang='lat'>470.</span> <span class='ocrx_word' id='word_1_68' title='bbox 1823 565 1900 598; x_wconf 82' lang='lat'>753·</span> 
     </span>
     <span class='ocr_line' id='line_1_8' title="bbox 679 621 1848 669; baseline -0.005 -9"><span class='ocrx_word' id='word_1_69' title='bbox 679 629 737 663; x_wconf 82' lang='lat' dir='ltr'>IX.</span> <span class='ocrx_word' id='word_1_70' title='bbox 767 630 843 661; x_wconf 83' lang='grc'><strong>650.</strong></span> <span class='ocrx_word' id='word_1_71' title='bbox 872 629 913 669; x_wconf 89' lang='lat' dir='ltr'>X,</span> <span class='ocrx_word' id='word_1_72' title='bbox 937 629 1012 661; x_wconf 65' lang='lat'>895.</span> <span class='ocrx_word' id='word_1_73' title='bbox 1039 628 1079 659; x_wconf 87' lang='lat' dir='ltr'>G.</span> <span class='ocrx_word' id='word_1_74' title='bbox 1106 628 1151 666; x_wconf 86' lang='lat'>11,</span> <span class='ocrx_word' id='word_1_75' title='bbox 1180 627 1255 659; x_wconf 72' lang='lat'>344.</span> <span class='ocrx_word' id='word_1_76' title='bbox 1281 627 1359 665; x_wconf 79' lang='grc'><strong>443,</strong></span> <span class='ocrx_word' id='word_1_77' title='bbox 1385 625 1515 668; x_wconf 89' lang='lat' dir='ltr'>ubique</span> <span class='ocrx_word' id='word_1_78' title='bbox 1537 629 1704 669; x_wconf 87' lang='lat' dir='ltr'>sequente</span> <span class='ocrx_word' id='word_1_79' title='bbox 1726 621 1848 656; x_wconf 84' lang='lat' dir='ltr'>vocali.</span> 
     </span>
    </p>

    <p class='ocr_par' dir='ltr' id='par_1_3' title="bbox 268 681 1901 841">
     <span class='ocr_line' id='line_1_9' title="bbox 384 681 1900 727; baseline -0.005 -10"><span class='ocrx_word' id='word_1_80' title='bbox 384 685 520 717; x_wconf 88' lang='lat' dir='ltr'>Horum</span> <span class='ocrx_word' id='word_1_81' title='bbox 562 686 596 717; x_wconf 92' lang='lat' dir='ltr'>in</span> <span class='ocrx_word' id='word_1_82' title='bbox 638 685 817 727; x_wconf 87' lang='lat' dir='ltr'>aliquibus</span> <span class='ocrx_word' id='word_1_83' title='bbox 851 684 984 717; x_wconf 87' lang='lat' dir='ltr'>accedit</span> <span class='ocrx_word' id='word_1_84' title='bbox 1023 693 1148 725; x_wconf 82' lang='lat' dir='ltr'>magna</span> <span class='ocrx_word' id='word_1_85' title='bbox 1185 681 1368 716; x_wconf 81' lang='lat' dir='ltr'>verborum</span> <span class='ocrx_word' id='word_1_86' title='bbox 1405 683 1549 723; x_wconf 89' lang='lat' dir='ltr'>incisio,</span> <span class='ocrx_word' id='word_1_87' title='bbox 1592 687 1631 716; x_wconf 88' lang='lat' dir='ltr'>ut</span> <span class='ocrx_word' id='word_1_88' title='bbox 1666 683 1704 715; x_wconf 91' lang='lat' dir='ltr'>in</span> <span class='ocrx_word' id='word_1_89' title='bbox 1748 684 1900 713; x_wconf 81' lang='lat' dir='ltr'>extremo</span> 
     </span>
     <span class='ocr_line' id='line_1_10' title="bbox 268 736 1901 785; baseline -0.004 -11"><span class='ocrx_word' id='word_1_90' title='bbox 268 742 447 774; x_wconf 82' lang='lat' dir='ltr'>enuntiato</span> <span class='ocrx_word' id='word_1_91' title='bbox 496 742 633 785; x_wconf 85' lang='lat' dir='ltr'>pondus</span> <span class='ocrx_word' id='word_1_92' title='bbox 672 742 848 784; x_wconf 87' lang='lat' dir='ltr'>quoddam</span> <span class='ocrx_word' id='word_1_93' title='bbox 885 742 962 774; x_wconf 88' lang='lat' dir='ltr'>soni</span> <span class='ocrx_word' id='word_1_94' title='bbox 997 742 1188 774; x_wconf 86' lang='lat' dir='ltr'>sententiae</span> <span class='ocrx_word' id='word_1_95' title='bbox 1219 745 1342 783; x_wconf 83' lang='lat' dir='ltr'>augeat</span> <span class='ocrx_word' id='word_1_96' title='bbox 1374 741 1587 783; x_wconf 83' lang='lat' dir='ltr'>gravitatem.</span> <span class='ocrx_word' id='word_1_97' title='bbox 1635 739 1691 772; x_wconf 88' lang='lat' dir='ltr'>Sic</span> <span class='ocrx_word' id='word_1_98' title='bbox 1719 738 1783 778; x_wconf 86' lang='lat' dir='ltr'>IV,</span> <span class='ocrx_word' id='word_1_99' title='bbox 1823 736 1901 770; x_wconf 83' lang='grc'><strong>629.</strong></span> 
     </span>
     <span class='ocr_line' id='line_1_11' title="bbox 268 796 1765 841; baseline -0.002 -10"><span class='ocrx_word' id='word_1_100' title='bbox 268 800 345 838; x_wconf 84' lang='lat' dir='ltr'>VH,</span> <span class='ocrx_word' id='word_1_101' title='bbox 372 800 449 833; x_wconf 85' lang='lat'>470.</span> <span class='ocrx_word' id='word_1_102' title='bbox 499 799 541 838; x_wconf 85' lang='lat' dir='ltr'>X,</span> <span class='ocrx_word' id='word_1_103' title='bbox 569 800 645 831; x_wconf 65' lang='grc'><strong>895.</strong></span> <span class='ocrx_word' id='word_1_104' title='bbox 698 800 812 831; x_wconf 88' lang='lat' dir='ltr'>Unum</span> <span class='ocrx_word' id='word_1_105' title='bbox 837 809 905 841; x_wconf 80' lang='lat' dir='ltr'>que</span> <span class='ocrx_word' id='word_1_106' title='bbox 930 798 965 830; x_wconf 92' lang='lat' dir='ltr'>in</span> <span class='ocrx_word' id='word_1_107' title='bbox 991 808 1092 831; x_wconf 73' lang='lat' dir='ltr'>versu</span> <span class='ocrx_word' id='word_1_108' title='bbox 1119 797 1274 831; x_wconf 86' lang='lat' dir='ltr'>abundat</span> <span class='ocrx_word' id='word_1_109' title='bbox 1301 808 1372 830; x_wconf 91' lang='lat' dir='ltr'>non</span> <span class='ocrx_word' id='word_1_110' title='bbox 1398 796 1625 840; x_wconf 81' lang='lat' dir='ltr'>praecedente</span> <span class='ocrx_word' id='word_1_111' title='bbox 1646 796 1765 829; x_wconf 79' lang='lat' dir='ltr'>altero.</span> 
     </span>
    </p>

    <p class='ocr_par' dir='ltr' id='par_1_4' title="bbox 319 853 1784 897">
     <span class='ocr_line' id='line_1_12' title="bbox 319 853 1784 897; baseline 0 -12"><span class='ocrx_word' id='word_1_112' title='bbox 319 875 363 879; x_wconf 91' lang='lat'>-—</span> <span class='ocrx_word' id='word_1_113' title='bbox 387 869 420 885; x_wconf 75' lang='grc' dir='ltr'><strong>υ</strong></span> <span class='ocrx_word' id='word_1_114' title='bbox 448 859 451 895; x_wconf 68' lang='lat'>1</span> <span class='ocrx_word' id='word_1_115' title='bbox 479 869 511 886; x_wconf 68' lang='grc' dir='ltr'><strong>υ</strong></span> <span class='ocrx_word' id='word_1_116' title='bbox 538 875 580 878; x_wconf 88' lang='lat'>——</span> <span class='ocrx_word' id='word_1_117' title='bbox 611 874 643 879; x_wconf 87' lang='lat'>—-</span> <span class='ocrx_word' id='word_1_118' title='bbox 676 868 708 886; x_wconf 69' lang='grc' dir='ltr'><strong>υ</strong></span> <span class='ocrx_word' id='word_1_119' title='bbox 733 856 773 894; x_wconf 89' lang='lat' dir='ltr'>V,</span> <span class='ocrx_word' id='word_1_120' title='bbox 800 856 866 888; x_wconf 76' lang='grc'>422</span> <span class='ocrx_word' id='word_1_121' title='bbox 890 866 968 886; x_wconf 68' lang='lat' dir='ltr'>ossa</span> <span class='ocrx_word' id='word_1_122' title='bbox 992 855 1215 897; x_wconf 71' lang='lat' dir='ltr'>lacertosque</span> <span class='ocrx_word' id='word_1_123' title='bbox 1242 855 1359 887; x_wconf 61' lang='lat' dir='ltr'>Earuit</span> <span class='ocrx_word' id='word_1_124' title='bbox 1414 856 1473 895; x_wconf 88' lang='lat' dir='ltr'>vl,</span> <span class='ocrx_word' id='word_1_125' title='bbox 1495 855 1571 887; x_wconf 89' lang='grc'><strong>602.</strong></span> <span class='ocrx_word' id='word_1_126' title='bbox 1619 854 1681 894; x_wconf 78' lang='lat' dir='ltr'>XI,</span> <span class='ocrx_word' id='word_1_127' title='bbox 1709 853 1784 886; x_wconf 82' lang='grc'><strong>609.</strong></span> 
     </span>
    </p>

    <p class='ocr_par' dir='ltr' id='par_1_5' title="bbox 269 912 1904 1072">
     <span class='ocr_line' id='line_1_13' title="bbox 385 912 1904 955; baseline -0.003 -10"><span class='ocrx_word' id='word_1_128' title='bbox 385 913 499 945; x_wconf 91' lang='lat' dir='ltr'>Unum</span> <span class='ocrx_word' id='word_1_129' title='bbox 536 924 604 955; x_wconf 78' lang='lat' dir='ltr'>que</span> <span class='ocrx_word' id='word_1_130' title='bbox 635 922 808 945; x_wconf 78' lang='lat' dir='ltr'>annexum</span> <span class='ocrx_word' id='word_1_131' title='bbox 841 912 997 955; x_wconf 82' lang='lat' dir='ltr'>spondeo</span> <span class='ocrx_word' id='word_1_132' title='bbox 1020 932 1062 935; x_wconf 76' lang='lat'><em>—</em></span> <span class='ocrx_word' id='word_1_133' title='bbox 1087 926 1154 943; x_wconf 63' lang='grc' dir='ltr'>ψψ</span> <span class='ocrx_word' id='word_1_134' title='bbox 1184 913 1187 953; x_wconf 81' lang='lat'><em>1</em></span> <span class='ocrx_word' id='word_1_135' title='bbox 1215 933 1258 936; x_wconf 77' lang='lat'>—</span> <span class='ocrx_word' id='word_1_136' title='bbox 1281 931 1325 935; x_wconf 91' lang='lat'><strong>—</strong></span> <span class='ocrx_word' id='word_1_137' title='bbox 1353 925 1385 942; x_wconf 66' lang='grc' dir='ltr'><strong>υ</strong></span> <span class='ocrx_word' id='word_1_138' title='bbox 1413 914 1442 953; x_wconf 80' lang='grc'><strong>1,</strong></span> <span class='ocrx_word' id='word_1_139' title='bbox 1477 913 1543 945; x_wconf 85' lang='grc'>448</span> <span class='ocrx_word' id='word_1_140' title='bbox 1567 912 1695 943; x_wconf 79' lang='lat' dir='ltr'>limina</span> <span class='ocrx_word' id='word_1_141' title='bbox 1720 919 1904 951; x_wconf 78' lang='lat' dir='ltr'>neoeaeque</span> 
     </span>
     <span class='ocr_line' id='line_1_14' title="bbox 275 965 1904 1013; baseline -0.005 -9"><span class='ocrx_word' id='word_1_142' title='bbox 275 971 367 1004; x_wconf 73' lang='lat' dir='ltr'>Aere</span> <span class='ocrx_word' id='word_1_143' title='bbox 393 971 521 1003; x_wconf 70' lang='lat' dir='ltr'>trabes.</span> <span class='ocrx_word' id='word_1_144' title='bbox 549 971 579 1010; x_wconf 80' lang='lat'>8,</span> <span class='ocrx_word' id='word_1_145' title='bbox 605 971 669 1003; x_wconf 69' lang='lat'>‘225</span> <span class='ocrx_word' id='word_1_146' title='bbox 700 970 913 1013; x_wconf 71' lang='lat' dir='ltr'>Tirynthius</span> <span class='ocrx_word' id='word_1_147' title='bbox 935 979 1143 1012; x_wconf 80' lang='lat' dir='ltr'>omnemque</span> <span class='ocrx_word' id='word_1_148' title='bbox 1161 970 1364 1002; x_wconf 79' lang='lat' dir='ltr'>Accessum.</span> <span class='ocrx_word' id='word_1_149' title='bbox 1392 971 1450 1009; x_wconf 97' lang='grc'>10,</span> <span class='ocrx_word' id='word_1_150' title='bbox 1479 970 1539 1002; x_wconf 78' lang='grc'>781</span> <span class='ocrx_word' id='word_1_151' title='bbox 1565 969 1724 1008; x_wconf 78' lang='lat' dir='ltr'>vulnere,</span> <span class='ocrx_word' id='word_1_152' title='bbox 1750 965 1904 998; x_wconf 78' lang='lat' dir='ltr'>caelum-</span> 
     </span>
     <span class='ocr_line' id='line_1_15' title="bbox 269 1025 1323 1072; baseline -0.001 -11"><span class='ocrx_word' id='word_1_153' title='bbox 269 1041 338 1072; x_wconf 81' lang='lat' dir='ltr'>qne</span> <span class='ocrx_word' id='word_1_154' title='bbox 362 1029 533 1071; x_wconf 78' lang='lat' dir='ltr'>Adspicit.</span> <span class='ocrx_word' id='word_1_155' title='bbox 560 1029 600 1060; x_wconf 82' lang='lat' dir='ltr'>G.</span> <span class='ocrx_word' id='word_1_156' title='bbox 627 1032 657 1069; x_wconf 77' lang='lat'>2⁵,</span> <span class='ocrx_word' id='word_1_157' title='bbox 683 1029 746 1061; x_wconf 81' lang='lat'>377</span> <span class='ocrx_word' id='word_1_158' title='bbox 773 1027 903 1060; x_wconf 77' lang='lat' dir='ltr'>robora</span> <span class='ocrx_word' id='word_1_159' title='bbox 930 1029 1098 1069; x_wconf 71' lang='lat' dir='ltr'>totasque</span> <span class='ocrx_word' id='word_1_160' title='bbox 1120 1025 1323 1060; x_wconf 89' lang='lat' dir='ltr'>Advolvere.</span> 
     </span>
    </p>

    <p class='ocr_par' dir='ltr' id='par_1_6' title="bbox 269 1080 1907 1813">
     <span class='ocr_line' id='line_1_16' title="bbox 383 1080 1904 1126; baseline -0.005 -7"><span class='ocrx_word' id='word_1_161' title='bbox 383 1088 506 1119; x_wconf 84' lang='lat' dir='ltr'>Rarior</span> <span class='ocrx_word' id='word_1_162' title='bbox 544 1087 574 1119; x_wconf 91' lang='lat' dir='ltr'>is</span> <span class='ocrx_word' id='word_1_163' title='bbox 614 1091 667 1118; x_wconf 88' lang='lat' dir='ltr'>est</span> <span class='ocrx_word' id='word_1_164' title='bbox 708 1095 796 1118; x_wconf 86' lang='lat' dir='ltr'>usus</span> <span class='ocrx_word' id='word_1_165' title='bbox 828 1085 862 1117; x_wconf 90' lang='lat' dir='ltr'>in</span> <span class='ocrx_word' id='word_1_166' title='bbox 899 1085 975 1117; x_wconf 89' lang='lat' dir='ltr'>aliis</span> <span class='ocrx_word' id='word_1_167' title='bbox 1014 1084 1210 1124; x_wconf 86' lang='lat' dir='ltr'>vocabulis,</span> <span class='ocrx_word' id='word_1_168' title='bbox 1249 1085 1300 1118; x_wconf 86' lang='lat' dir='ltr'>sic</span> <span class='ocrx_word' id='word_1_169' title='bbox 1324 1084 1491 1126; x_wconf 86' lang='lat' dir='ltr'>V11,161</span> <span class='ocrx_word' id='word_1_170' title='bbox 1520 1081 1739 1115; x_wconf 81' lang='lat' dir='ltr'>Latinorum</span> <span class='ocrx_word' id='word_1_171' title='bbox 1763 1080 1904 1114; x_wconf 83' lang='lat' dir='ltr'>Ardua.</span> 
     </span>
     <span class='ocr_line' id='line_1_17' title="bbox 270 1139 1907 1186; baseline -0.003 -9"><span class='ocrx_word' id='word_1_172' title='bbox 270 1146 309 1177; x_wconf 84' lang='lat' dir='ltr'>G.</span> <span class='ocrx_word' id='word_1_173' title='bbox 338 1145 368 1184; x_wconf 88' lang='lat'>1,</span> <span class='ocrx_word' id='word_1_174' title='bbox 394 1145 459 1177; x_wconf 81' lang='grc'>295</span> <span class='ocrx_word' id='word_1_175' title='bbox 490 1144 659 1186; x_wconf 75' lang='lat' dir='ltr'>decoquit</span> <span class='ocrx_word' id='word_1_176' title='bbox 683 1144 869 1174; x_wconf 72' lang='lat' dir='ltr'>humorem</span> <span class='ocrx_word' id='word_1_177' title='bbox 892 1142 948 1174; x_wconf 72' lang='lat' dir='ltr'>Et.</span> <span class='ocrx_word' id='word_1_178' title='bbox 998 1143 1038 1174; x_wconf 90' lang='lat' dir='ltr'>In</span> <span class='ocrx_word' id='word_1_179' title='bbox 1063 1140 1220 1174; x_wconf 79' lang='lat' dir='ltr'>Aeneide</span> <span class='ocrx_word' id='word_1_180' title='bbox 1245 1152 1316 1174; x_wconf 89' lang='lat' dir='ltr'>non</span> <span class='ocrx_word' id='word_1_181' title='bbox 1337 1141 1560 1185; x_wconf 84' lang='lat' dir='ltr'>reperiuntur</span> <span class='ocrx_word' id='word_1_182' title='bbox 1588 1149 1723 1182; x_wconf 86' lang='lat' dir='ltr'>versus,</span> <span class='ocrx_word' id='word_1_183' title='bbox 1745 1139 1907 1182; x_wconf 76' lang='lat' dir='ltr'>quisunt</span> 
     </span>
     <span class='ocr_line' id='line_1_18' title="bbox 269 1197 1905 1244; baseline -0.004 -10"><span class='ocrx_word' id='word_1_184' title='bbox 269 1203 304 1235; x_wconf 89' lang='lat' dir='ltr'>in</span> <span class='ocrx_word' id='word_1_185' title='bbox 335 1201 518 1244; x_wconf 83' lang='lat' dir='ltr'>Georgicis</span> <span class='ocrx_word' id='word_1_186' title='bbox 544 1201 633 1240; x_wconf 88' lang='lat' dir='ltr'>duo,</span> <span class='ocrx_word' id='word_1_187' title='bbox 677 1200 737 1242; x_wconf 88' lang='lat' dir='ltr'>qui</span> <span class='ocrx_word' id='word_1_188' title='bbox 778 1204 903 1231; x_wconf 78' lang='lat' dir='ltr'>exeunt</span> <span class='ocrx_word' id='word_1_189' title='bbox 934 1199 1002 1231; x_wconf 92' lang='lat' dir='ltr'>sic:</span> <span class='ocrx_word' id='word_1_190' title='bbox 1028 1218 1072 1221; x_wconf 89' lang='lat'><strong>—</strong></span> <span class='ocrx_word' id='word_1_191' title='bbox 1096 1211 1164 1229; x_wconf 70' lang='grc' dir='ltr'>υυ</span> <span class='ocrx_word' id='word_1_192' title='bbox 1191 1218 1236 1222; x_wconf 84' lang='grc'><strong>-</strong></span> <span class='ocrx_word' id='word_1_193' title='bbox 1260 1210 1338 1232; x_wconf 57' lang='lat' dir='ltr'>vu.</span> <span class='ocrx_word' id='word_1_194' title='bbox 1386 1199 1476 1230; x_wconf 88' lang='lat' dir='ltr'>Sunt</span> <span class='ocrx_word' id='word_1_195' title='bbox 1500 1199 1546 1239; x_wconf 87' lang='grc' dir='ltr'><strong>ΙΙ,</strong></span> <span class='ocrx_word' id='word_1_196' title='bbox 1573 1198 1617 1231; x_wconf 89' lang='grc'>69</span> <span class='ocrx_word' id='word_1_197' title='bbox 1643 1198 1798 1230; x_wconf 73' lang='lat' dir='ltr'>arbutus</span> <span class='ocrx_word' id='word_1_198' title='bbox 1823 1197 1905 1229; x_wconf 77' lang='lat' dir='ltr'>hor-</span> 
     </span>
     <span class='ocr_line' id='line_1_19' title="bbox 269 1253 1906 1299; baseline -0.003 -8"><span class='ocrx_word' id='word_1_199' title='bbox 269 1259 350 1292; x_wconf 79' lang='lat' dir='ltr'>rida</span> <span class='ocrx_word' id='word_1_200' title='bbox 376 1259 414 1291; x_wconf 82' lang='lat' dir='ltr'>E.</span> <span class='ocrx_word' id='word_1_201' title='bbox 464 1260 532 1299; x_wconf 89' lang='lat'>111,</span> <span class='ocrx_word' id='word_1_202' title='bbox 569 1259 636 1290; x_wconf 77' lang='lat'>449</span> <span class='ocrx_word' id='word_1_203' title='bbox 670 1260 824 1299; x_wconf 49' lang='lat' dir='ltr'>*vivaque</span> <span class='ocrx_word' id='word_1_204' title='bbox 863 1256 1042 1298; x_wconf 76' lang='lat' dir='ltr'>sulphura</span> <span class='ocrx_word' id='word_1_205' title='bbox 1074 1256 1103 1290; x_wconf 92' lang='grc' dir='ltr'><strong>Ι.</strong></span> <span class='ocrx_word' id='word_1_206' title='bbox 1154 1257 1347 1298; x_wconf 81' lang='lat' dir='ltr'>Utrumque</span> <span class='ocrx_word' id='word_1_207' title='bbox 1383 1260 1553 1298; x_wconf 81' lang='lat' dir='ltr'>sequente</span> <span class='ocrx_word' id='word_1_208' title='bbox 1594 1254 1715 1288; x_wconf 82' lang='lat' dir='ltr'>vocali.</span> <span class='ocrx_word' id='word_1_209' title='bbox 1761 1255 1806 1287; x_wconf 86' lang='lat' dir='ltr'>Et</span> <span class='ocrx_word' id='word_1_210' title='bbox 1841 1253 1906 1287; x_wconf 86' lang='lat' dir='ltr'>hos</span> 
     </span>
     <span class='ocr_line' id='line_1_20' title="bbox 272 1310 1906 1355; baseline -0.004 -6"><span class='ocrx_word' id='word_1_211' title='bbox 272 1317 368 1349; x_wconf 84' lang='lat' dir='ltr'>locos</span> <span class='ocrx_word' id='word_1_212' title='bbox 394 1316 508 1348; x_wconf 85' lang='lat' dir='ltr'>firmat</span> <span class='ocrx_word' id='word_1_213' title='bbox 532 1315 671 1347; x_wconf 81' lang='lat' dir='ltr'>Servius</span> <span class='ocrx_word' id='word_1_214' title='bbox 697 1319 730 1347; x_wconf 88' lang='lat' dir='ltr'>et</span> <span class='ocrx_word' id='word_1_215' title='bbox 755 1313 970 1352; x_wconf 86' lang='lat' dir='ltr'>Macrobius,</span> <span class='ocrx_word' id='word_1_216' title='bbox 995 1314 1054 1355; x_wconf 90' lang='lat' dir='ltr'>qui</span> <span class='ocrx_word' id='word_1_217' title='bbox 1084 1314 1153 1346; x_wconf 91' lang='lat' dir='ltr'>Sat.</span> <span class='ocrx_word' id='word_1_218' title='bbox 1183 1314 1222 1352; x_wconf 90' lang='lat' dir='ltr'>V,</span> <span class='ocrx_word' id='word_1_219' title='bbox 1251 1314 1291 1345; x_wconf 82' lang='lat'>14</span> <span class='ocrx_word' id='word_1_220' title='bbox 1314 1317 1493 1355; x_wconf 88' lang='lat' dir='ltr'>propterea</span> <span class='ocrx_word' id='word_1_221' title='bbox 1517 1312 1628 1353; x_wconf 80' lang='lat' dir='ltr'>affert,</span> <span class='ocrx_word' id='word_1_222' title='bbox 1655 1311 1751 1355; x_wconf 87' lang='lat' dir='ltr'>quod</span> <span class='ocrx_word' id='word_1_223' title='bbox 1774 1310 1906 1355; x_wconf 76' lang='lat' dir='ltr'>syllaba</span> 
     </span>
     <span class='ocr_line' id='line_1_21' title="bbox 271 1368 1906 1415; baseline -0.003 -9"><span class='ocrx_word' id='word_1_224' title='bbox 271 1375 342 1406; x_wconf 89' lang='lat' dir='ltr'>siut</span> <span class='ocrx_word' id='word_1_225' title='bbox 366 1373 559 1415; x_wconf 83' lang='lat' dir='ltr'>longiores;</span> <span class='ocrx_word' id='word_1_226' title='bbox 607 1372 658 1405; x_wconf 89' lang='lat' dir='ltr'>sic</span> <span class='ocrx_word' id='word_1_227' title='bbox 681 1372 781 1404; x_wconf 88' lang='lat' dir='ltr'>etiam</span> <span class='ocrx_word' id='word_1_228' title='bbox 807 1371 842 1403; x_wconf 90' lang='lat' dir='ltr'>in</span> <span class='ocrx_word' id='word_1_229' title='bbox 870 1371 968 1403; x_wconf 85' lang='lat' dir='ltr'>libris</span> <span class='ocrx_word' id='word_1_230' title='bbox 1001 1371 1164 1413; x_wconf 80' lang='lat' dir='ltr'>leguntur</span> <span class='ocrx_word' id='word_1_231' title='bbox 1189 1370 1359 1413; x_wconf 86' lang='lat' dir='ltr'>plurimis.</span> <span class='ocrx_word' id='word_1_232' title='bbox 1409 1370 1476 1403; x_wconf 86' lang='lat' dir='ltr'>Sed</span> <span class='ocrx_word' id='word_1_233' title='bbox 1503 1371 1631 1402; x_wconf 91' lang='lat' dir='ltr'>mirum</span> <span class='ocrx_word' id='word_1_234' title='bbox 1663 1379 1733 1402; x_wconf 92' lang='lat' dir='ltr'>non</span> <span class='ocrx_word' id='word_1_235' title='bbox 1766 1373 1838 1409; x_wconf 86' lang='lat' dir='ltr'>est,</span> <span class='ocrx_word' id='word_1_236' title='bbox 1875 1368 1906 1401; x_wconf 90' lang='lat' dir='ltr'>si</span> 
     </span>
     <span class='ocr_line' id='line_1_22' title="bbox 271 1425 1906 1471; baseline -0.003 -8"><span class='ocrx_word' id='word_1_237' title='bbox 271 1432 308 1464; x_wconf 90' lang='lat' dir='ltr'>in</span> <span class='ocrx_word' id='word_1_238' title='bbox 331 1430 408 1463; x_wconf 87' lang='lat' dir='ltr'>aliis</span> <span class='ocrx_word' id='word_1_239' title='bbox 432 1435 514 1462; x_wconf 89' lang='lat' dir='ltr'>sunt</span> <span class='ocrx_word' id='word_1_240' title='bbox 536 1429 678 1468; x_wconf 86' lang='lat' dir='ltr'>tentati,</span> <span class='ocrx_word' id='word_1_241' title='bbox 713 1433 746 1460; x_wconf 87' lang='lat' dir='ltr'>et</span> <span class='ocrx_word' id='word_1_242' title='bbox 769 1439 876 1470; x_wconf 87' lang='lat' dir='ltr'>quum</span> <span class='ocrx_word' id='word_1_243' title='bbox 904 1433 973 1460; x_wconf 87' lang='lat' dir='ltr'>tam</span> <span class='ocrx_word' id='word_1_244' title='bbox 1002 1428 1098 1461; x_wconf 79' lang='lat' dir='ltr'>facile</span> <span class='ocrx_word' id='word_1_245' title='bbox 1122 1432 1284 1471; x_wconf 81' lang='lat' dir='ltr'>possent,</span> <span class='ocrx_word' id='word_1_246' title='bbox 1322 1428 1425 1461; x_wconf 86' lang='lat' dir='ltr'>etiam</span> <span class='ocrx_word' id='word_1_247' title='bbox 1451 1428 1588 1462; x_wconf 85' lang='lat' dir='ltr'>mutati.</span> <span class='ocrx_word' id='word_1_248' title='bbox 1635 1425 1688 1460; x_wconf 80' lang='lat' dir='ltr'>Ac</span> <span class='ocrx_word' id='word_1_249' title='bbox 1706 1427 1906 1469; x_wconf 84' lang='lat' dir='ltr'>Wagnerus</span> 
     </span>
     <span class='ocr_line' id='line_1_23' title="bbox 273 1484 1907 1529; baseline -0.001 -10"><span class='ocrx_word' id='word_1_250' title='bbox 273 1488 419 1520; x_wconf 82' lang='lat' dir='ltr'>maxime</span> <span class='ocrx_word' id='word_1_251' title='bbox 443 1486 615 1526; x_wconf 81' lang='lat' dir='ltr'>offensus,</span> <span class='ocrx_word' id='word_1_252' title='bbox 657 1485 751 1528; x_wconf 89' lang='lat' dir='ltr'>quod</span> <span class='ocrx_word' id='word_1_253' title='bbox 778 1486 813 1518; x_wconf 88' lang='lat' dir='ltr'>in</span> <span class='ocrx_word' id='word_1_254' title='bbox 838 1484 893 1517; x_wconf 87' lang='lat' dir='ltr'>his</span> <span class='ocrx_word' id='word_1_255' title='bbox 923 1485 1010 1518; x_wconf 88' lang='lat' dir='ltr'>solis</span> <span class='ocrx_word' id='word_1_256' title='bbox 1036 1485 1194 1518; x_wconf 89' lang='lat' dir='ltr'>versibus</span> <span class='ocrx_word' id='word_1_257' title='bbox 1221 1485 1434 1529; x_wconf 86' lang='lat' dir='ltr'>paenultima</span> <span class='ocrx_word' id='word_1_258' title='bbox 1459 1484 1573 1518; x_wconf 88' lang='lat' dir='ltr'>brevis</span> <span class='ocrx_word' id='word_1_259' title='bbox 1604 1489 1712 1525; x_wconf 89' lang='lat' dir='ltr'>esset,</span> <span class='ocrx_word' id='word_1_260' title='bbox 1753 1494 1842 1527; x_wconf 91' lang='lat' dir='ltr'>quae</span> <span class='ocrx_word' id='word_1_261' title='bbox 1870 1485 1907 1518; x_wconf 92' lang='lat' dir='ltr'>in</span> 
     </span>
     <span class='ocr_line' id='line_1_24' title="bbox 273 1541 1906 1584; baseline -0.002 -7"><span class='ocrx_word' id='word_1_262' title='bbox 273 1544 395 1577; x_wconf 85' lang='lat' dir='ltr'>ceteris</span> <span class='ocrx_word' id='word_1_263' title='bbox 420 1542 585 1575; x_wconf 88' lang='lat' dir='ltr'>omnibus</span> <span class='ocrx_word' id='word_1_264' title='bbox 608 1547 680 1575; x_wconf 89' lang='lat' dir='ltr'>erat</span> <span class='ocrx_word' id='word_1_265' title='bbox 703 1542 817 1584; x_wconf 83' lang='lat' dir='ltr'>longa,</span> <span class='ocrx_word' id='word_1_266' title='bbox 843 1541 951 1574; x_wconf 86' lang='lat' dir='ltr'>dedit:</span> <span class='ocrx_word' id='word_1_267' title='bbox 990 1542 1167 1575; x_wconf 65' lang='lat' dir='ltr'>Inseritur</span> <span class='ocrx_word' id='word_1_268' title='bbox 1192 1554 1273 1575; x_wconf 83' lang='lat' dir='ltr'>vero</span> <span class='ocrx_word' id='word_1_269' title='bbox 1292 1546 1329 1574; x_wconf 74' lang='lat' dir='ltr'>et</span> <span class='ocrx_word' id='word_1_270' title='bbox 1352 1544 1453 1574; x_wconf 74' lang='lat' dir='ltr'>nucis</span> <span class='ocrx_word' id='word_1_271' title='bbox 1475 1543 1629 1575; x_wconf 74' lang='lat' dir='ltr'>arbutus</span> <span class='ocrx_word' id='word_1_272' title='bbox 1653 1541 1802 1575; x_wconf 74' lang='lat' dir='ltr'>horrida</span> <span class='ocrx_word' id='word_1_273' title='bbox 1815 1541 1906 1583; x_wconf 79' lang='lat' dir='ltr'>fetu</span> 
     </span>
     <span class='ocr_line' id='line_1_25' title="bbox 274 1597 1907 1642; baseline -0.002 -8"><span class='ocrx_word' id='word_1_274' title='bbox 274 1606 306 1635; x_wconf 87' lang='lat' dir='ltr'>et</span> <span class='ocrx_word' id='word_1_275' title='bbox 342 1601 390 1633; x_wconf 71' lang='lat' dir='ltr'>Et</span> <span class='ocrx_word' id='word_1_276' title='bbox 420 1610 567 1642; x_wconf 78' lang='lat' dir='ltr'>spumas</span> <span class='ocrx_word' id='word_1_277' title='bbox 599 1603 750 1632; x_wconf 74' lang='lat' dir='ltr'>miscent·</span> <span class='ocrx_word' id='word_1_278' title='bbox 779 1601 926 1641; x_wconf 77' lang='lat' dir='ltr'>argenti</span> <span class='ocrx_word' id='word_1_279' title='bbox 958 1603 994 1631; x_wconf 76' lang='lat' dir='ltr'>et</span> <span class='ocrx_word' id='word_1_280' title='bbox 1023 1599 1170 1641; x_wconf 60' lang='lat' dir='ltr'>sulfura</span> <span class='ocrx_word' id='word_1_281' title='bbox 1201 1602 1293 1632; x_wconf 72' lang='lat' dir='ltr'>viva.</span> <span class='ocrx_word' id='word_1_282' title='bbox 1346 1599 1464 1631; x_wconf 89' lang='lat' dir='ltr'>Secuti</span> <span class='ocrx_word' id='word_1_283' title='bbox 1500 1603 1585 1631; x_wconf 87' lang='lat' dir='ltr'>sunt</span> <span class='ocrx_word' id='word_1_284' title='bbox 1607 1597 1669 1631; x_wconf 78' lang='lat' dir='ltr'>Hb.</span> <span class='ocrx_word' id='word_1_285' title='bbox 1693 1598 1755 1632; x_wconf 86' lang='lat' dir='ltr'>Fb.</span> <span class='ocrx_word' id='word_1_286' title='bbox 1804 1598 1907 1639; x_wconf 87' lang='lat' dir='ltr'>Quod</span> 
     </span>
     <span class='ocr_line' id='line_1_26' title="bbox 273 1656 1905 1699; baseline -0.001 -8"><span class='ocrx_word' id='word_1_287' title='bbox 273 1664 388 1692; x_wconf 86' lang='lat' dir='ltr'>autem</span> <span class='ocrx_word' id='word_1_288' title='bbox 414 1658 541 1699; x_wconf 84' lang='lat' dir='ltr'>legitur</span> <span class='ocrx_word' id='word_1_289' title='bbox 563 1658 618 1697; x_wconf 90' lang='lat' dir='ltr'>VI,</span> <span class='ocrx_word' id='word_1_290' title='bbox 641 1658 704 1689; x_wconf 82' lang='grc'>653</span> <span class='ocrx_word' id='word_1_291' title='bbox 728 1659 856 1698; x_wconf 76' lang='lat' dir='ltr'>gratia</span> <span class='ocrx_word' id='word_1_292' title='bbox 876 1667 1052 1689; x_wconf 74' lang='lat' dir='ltr'>eurr-num</span> <span class='ocrx_word' id='word_1_293' title='bbox 1070 1657 1349 1698; x_wconf 70' lang='lat' dir='ltr'>Armet-amque.</span> <span class='ocrx_word' id='word_1_294' title='bbox 1399 1657 1442 1697; x_wconf 87' lang='lat' dir='ltr'>X,</span> <span class='ocrx_word' id='word_1_295' title='bbox 1470 1657 1534 1689; x_wconf 72' lang='lat'>496</span> <span class='ocrx_word' id='word_1_296' title='bbox 1558 1656 1720 1698; x_wconf 79' lang='lat' dir='ltr'>pondera</span> <span class='ocrx_word' id='word_1_297' title='bbox 1745 1657 1857 1689; x_wconf 75' lang='lat' dir='ltr'>baltei</span> <span class='ocrx_word' id='word_1_298' title='bbox 1877 1656 1905 1689; x_wconf 88' lang='lat' dir='ltr'>J.</span> 
     </span>
     <span class='ocr_line' id='line_1_27' title="bbox 272 1713 1907 1757; baseline -0.001 -9"><span class='ocrx_word' id='word_1_299' title='bbox 272 1717 353 1755; x_wconf 89' lang='lat' dir='ltr'>VII,</span> <span class='ocrx_word' id='word_1_300' title='bbox 383 1716 446 1748; x_wconf 83' lang='lat'>237</span> <span class='ocrx_word' id='word_1_301' title='bbox 473 1715 577 1747; x_wconf 70' lang='lat' dir='ltr'>verba</span> <span class='ocrx_word' id='word_1_302' title='bbox 608 1717 797 1756; x_wconf 68' lang='lat' dir='ltr'>precantia</span> <span class='ocrx_word' id='word_1_303' title='bbox 828 1713 884 1746; x_wconf 77' lang='lat' dir='ltr'>Et.</span> <span class='ocrx_word' id='word_1_304' title='bbox 933 1714 995 1754; x_wconf 72' lang='lat' dir='ltr'>VI,</span> <span class='ocrx_word' id='word_1_305' title='bbox 1021 1714 1063 1745; x_wconf 89' lang='lat'>33</span> <span class='ocrx_word' id='word_1_306' title='bbox 1091 1715 1264 1754; x_wconf 67' lang='lat' dir='ltr'>protinus</span> <span class='ocrx_word' id='word_1_307' title='bbox 1297 1715 1417 1745; x_wconf 79' lang='lat' dir='ltr'>omnia</span> <span class='ocrx_word' id='word_1_308' title='bbox 1442 1713 1478 1745; x_wconf 84' lang='lat' dir='ltr'>P.</span> <span class='ocrx_word' id='word_1_309' title='bbox 1517 1713 1709 1755; x_wconf 82' lang='lat' dir='ltr'>explicatur</span> <span class='ocrx_word' id='word_1_310' title='bbox 1746 1714 1907 1757; x_wconf 76' lang='lat' dir='ltr'>synizesi.</span> 
     </span>
     <span class='ocr_line' id='line_1_28' title="bbox 274 1772 540 1813; baseline 0 -9"><span class='ocrx_word' id='word_1_311' title='bbox 274 1772 324 1805; x_wconf 79' lang='lat' dir='ltr'>Cf.</span> <span class='ocrx_word' id='word_1_312' title='bbox 352 1773 382 1813; x_wconf 67' lang='lat'>§—</span> <span class='ocrx_word' id='word_1_313' title='bbox 408 1773 458 1804; x_wconf 87' lang='grc'>10.</span> <span class='ocrx_word' id='word_1_314' title='bbox 489 1772 540 1804; x_wconf 82' lang='lat'>12.</span> 
     </span>
    </p>

    <p class='ocr_par' dir='ltr' id='par_1_7' title="bbox 271 1827 1909 2388">
     <span class='ocr_line' id='line_1_29' title="bbox 392 1827 1907 1870; baseline 0.002 -10"><span class='ocrx_word' id='word_1_315' title='bbox 392 1829 510 1868; x_wconf 87' lang='lat' dir='ltr'>Quum</span> <span class='ocrx_word' id='word_1_316' title='bbox 535 1828 572 1860; x_wconf 87' lang='lat' dir='ltr'>in</span> <span class='ocrx_word' id='word_1_317' title='bbox 599 1838 699 1861; x_wconf 77' lang='lat' dir='ltr'>versu</span> <span class='ocrx_word' id='word_1_318' title='bbox 724 1827 946 1870; x_wconf 76' lang='lat' dir='ltr'>hypermetro</span> <span class='ocrx_word' id='word_1_319' title='bbox 974 1828 1107 1860; x_wconf 88' lang='lat' dir='ltr'>iustum</span> <span class='ocrx_word' id='word_1_320' title='bbox 1134 1832 1283 1860; x_wconf 83' lang='lat' dir='ltr'>metrum</span> <span class='ocrx_word' id='word_1_321' title='bbox 1311 1828 1472 1861; x_wconf 76' lang='lat' dir='ltr'>excedere</span> <span class='ocrx_word' id='word_1_322' title='bbox 1499 1829 1668 1870; x_wconf 73' lang='lat' dir='ltr'>videatur,</span> <span class='ocrx_word' id='word_1_323' title='bbox 1691 1829 1727 1862; x_wconf 93' lang='lat' dir='ltr'>in</span> <span class='ocrx_word' id='word_1_324' title='bbox 1751 1829 1907 1864; x_wconf 82' lang='lat' dir='ltr'>Aeneide</span> 
     </span>
     <span class='ocr_line' id='line_1_30' title="bbox 272 1884 1907 1928; baseline 0.002 -11"><span class='ocrx_word' id='word_1_325' title='bbox 272 1885 347 1928; x_wconf 76' lang='lat' dir='ltr'>Vgl.</span> <span class='ocrx_word' id='word_1_326' title='bbox 375 1885 509 1927; x_wconf 88' lang='lat' dir='ltr'>aliquot</span> <span class='ocrx_word' id='word_1_327' title='bbox 535 1895 654 1918; x_wconf 87' lang='lat' dir='ltr'>versus</span> <span class='ocrx_word' id='word_1_328' title='bbox 685 1884 908 1928; x_wconf 75' lang='lat' dir='ltr'>imperfectos</span> <span class='ocrx_word' id='word_1_329' title='bbox 935 1885 1093 1927; x_wconf 89' lang='lat' dir='ltr'>reliquit,</span> <span class='ocrx_word' id='word_1_330' title='bbox 1134 1895 1204 1917; x_wconf 89' lang='lat' dir='ltr'>non</span> <span class='ocrx_word' id='word_1_331' title='bbox 1234 1885 1269 1917; x_wconf 92' lang='lat' dir='ltr'>in</span> <span class='ocrx_word' id='word_1_332' title='bbox 1296 1884 1436 1927; x_wconf 84' lang='lat' dir='ltr'>Eclogis</span> <span class='ocrx_word' id='word_1_333' title='bbox 1460 1890 1519 1918; x_wconf 89' lang='lat' dir='ltr'>aut</span> <span class='ocrx_word' id='word_1_334' title='bbox 1545 1886 1744 1928; x_wconf 83' lang='lat' dir='ltr'>Georgicis,</span> <span class='ocrx_word' id='word_1_335' title='bbox 1782 1887 1845 1920; x_wconf 86' lang='lat' dir='ltr'>sed</span> <span class='ocrx_word' id='word_1_336' title='bbox 1871 1888 1907 1920; x_wconf 92' lang='lat' dir='ltr'>in</span> 
     </span>
     <span class='ocr_line' id='line_1_31' title="bbox 271 1942 1907 1986; baseline 0.001 -11"><span class='ocrx_word' id='word_1_337' title='bbox 271 1943 438 1981; x_wconf 83' lang='lat' dir='ltr'>Aeneide,</span> <span class='ocrx_word' id='word_1_338' title='bbox 462 1947 500 1974; x_wconf 84' lang='lat' dir='ltr'>ut</span> <span class='ocrx_word' id='word_1_339' title='bbox 524 1942 558 1975; x_wconf 88' lang='lat' dir='ltr'>hi</span> <span class='ocrx_word' id='word_1_340' title='bbox 584 1952 707 1974; x_wconf 86' lang='lat' dir='ltr'>versus</span> <span class='ocrx_word' id='word_1_341' title='bbox 741 1942 935 1984; x_wconf 83' lang='lat' dir='ltr'>imperfecti</span> <span class='ocrx_word' id='word_1_342' title='bbox 961 1943 1030 1986; x_wconf 89' lang='lat' dir='ltr'>ipsi</span> <span class='ocrx_word' id='word_1_343' title='bbox 1057 1952 1075 1974; x_wconf 90' lang='lat' dir='ltr'>a</span> <span class='ocrx_word' id='word_1_344' title='bbox 1099 1942 1261 1985; x_wconf 89' lang='lat' dir='ltr'>plurimis</span> <span class='ocrx_word' id='word_1_345' title='bbox 1291 1947 1496 1984; x_wconf 80' lang='lat' dir='ltr'>argumenta</span> <span class='ocrx_word' id='word_1_346' title='bbox 1518 1942 1713 1976; x_wconf 87' lang='lat' dir='ltr'>habeantur</span> <span class='ocrx_word' id='word_1_347' title='bbox 1742 1945 1907 1978; x_wconf 89' lang='lat' dir='ltr'>carminis</span> 
     </span>
     <span class='ocr_line' id='line_1_32' title="bbox 274 1998 1907 2044; baseline 0.002 -12"><span class='ocrx_word' id='word_1_348' title='bbox 274 1999 481 2042; x_wconf 79' lang='lat' dir='ltr'>imperfecti.</span> <span class='ocrx_word' id='word_1_349' title='bbox 512 1998 669 2039; x_wconf 81' lang='lat' dir='ltr'>Accedit,</span> <span class='ocrx_word' id='word_1_350' title='bbox 696 1999 790 2041; x_wconf 83' lang='lat' dir='ltr'>quod</span> <span class='ocrx_word' id='word_1_351' title='bbox 816 2010 919 2032; x_wconf 84' lang='lat' dir='ltr'>nemo</span> <span class='ocrx_word' id='word_1_352' title='bbox 944 2005 1042 2033; x_wconf 86' lang='lat' dir='ltr'>antea</span> <span class='ocrx_word' id='word_1_353' title='bbox 1068 2004 1116 2035; x_wconf 73' lang='lat' dir='ltr'>et,</span> <span class='ocrx_word' id='word_1_354' title='bbox 1160 1999 1255 2042; x_wconf 91' lang='lat' dir='ltr'>quod</span> <span class='ocrx_word' id='word_1_355' title='bbox 1288 2000 1402 2032; x_wconf 90' lang='lat' dir='ltr'>maius</span> <span class='ocrx_word' id='word_1_356' title='bbox 1431 2005 1499 2040; x_wconf 89' lang='lat' dir='ltr'>est,</span> <span class='ocrx_word' id='word_1_357' title='bbox 1537 2010 1640 2033; x_wconf 90' lang='lat' dir='ltr'>nemo</span> <span class='ocrx_word' id='word_1_358' title='bbox 1665 2005 1786 2044; x_wconf 86' lang='lat' dir='ltr'>postea</span> <span class='ocrx_word' id='word_1_359' title='bbox 1818 2002 1907 2036; x_wconf 88' lang='lat' dir='ltr'>tales</span> 
     </span>
     <span class='ocr_line' id='line_1_33' title="bbox 272 2057 1906 2103; baseline 0.002 -13"><span class='ocrx_word' id='word_1_360' title='bbox 272 2057 369 2097; x_wconf 80' lang='lat' dir='ltr'>fecit,</span> <span class='ocrx_word' id='word_1_361' title='bbox 417 2062 455 2090; x_wconf 90' lang='lat' dir='ltr'>ut</span> <span class='ocrx_word' id='word_1_362' title='bbox 494 2062 673 2099; x_wconf 78' lang='lat' dir='ltr'>poetarum</span> <span class='ocrx_word' id='word_1_363' title='bbox 716 2067 817 2089; x_wconf 86' lang='lat' dir='ltr'>nemo</span> <span class='ocrx_word' id='word_1_364' title='bbox 862 2057 896 2089; x_wconf 89' lang='lat' dir='ltr'>in</span> <span class='ocrx_word' id='word_1_365' title='bbox 940 2057 983 2090; x_wconf 90' lang='lat' dir='ltr'>iis</span> <span class='ocrx_word' id='word_1_366' title='bbox 1032 2062 1140 2090; x_wconf 83' lang='lat' dir='ltr'>artem</span> <span class='ocrx_word' id='word_1_367' title='bbox 1173 2057 1386 2100; x_wconf 83' lang='lat' dir='ltr'>singularem</span> <span class='ocrx_word' id='word_1_368' title='bbox 1417 2057 1569 2100; x_wconf 87' lang='lat' dir='ltr'>aliquam</span> <span class='ocrx_word' id='word_1_369' title='bbox 1599 2061 1660 2090; x_wconf 88' lang='lat' dir='ltr'>aut</span> <span class='ocrx_word' id='word_1_370' title='bbox 1698 2058 1906 2103; x_wconf 85' lang='lat' dir='ltr'>elegantiam</span> 
     </span>
     <span class='ocr_line' id='line_1_34' title="bbox 273 2113 1909 2160; baseline 0.002 -13"><span class='ocrx_word' id='word_1_371' title='bbox 273 2116 461 2157; x_wconf 78' lang='lat' dir='ltr'>agnovisse</span> <span class='ocrx_word' id='word_1_372' title='bbox 488 2114 654 2147; x_wconf 77' lang='lat' dir='ltr'>videatur.</span> <span class='ocrx_word' id='word_1_373' title='bbox 703 2115 825 2156; x_wconf 87' lang='lat' dir='ltr'>Neque</span> <span class='ocrx_word' id='word_1_374' title='bbox 849 2113 952 2146; x_wconf 89' lang='lat' dir='ltr'>multi</span> <span class='ocrx_word' id='word_1_375' title='bbox 977 2118 1061 2146; x_wconf 87' lang='lat' dir='ltr'>sunt</span> <span class='ocrx_word' id='word_1_376' title='bbox 1090 2123 1213 2147; x_wconf 87' lang='lat' dir='ltr'>versus</span> <span class='ocrx_word' id='word_1_377' title='bbox 1247 2124 1361 2157; x_wconf 84' lang='lat' dir='ltr'>neque</span> <span class='ocrx_word' id='word_1_378' title='bbox 1393 2124 1455 2156; x_wconf 91' lang='lat' dir='ltr'>per</span> <span class='ocrx_word' id='word_1_379' title='bbox 1487 2123 1608 2147; x_wconf 90' lang='lat' dir='ltr'>omnes</span> <span class='ocrx_word' id='word_1_380' title='bbox 1639 2114 1747 2150; x_wconf 81' lang='lat' dir='ltr'>libros</span> <span class='ocrx_word' id='word_1_381' title='bbox 1780 2118 1909 2160; x_wconf 84' lang='lat' dir='ltr'>pariter</span> 
     </span>
     <span class='ocr_line' id='line_1_35' title="bbox 273 2171 1906 2215; baseline 0.002 -10"><span class='ocrx_word' id='word_1_382' title='bbox 273 2172 456 2215; x_wconf 88' lang='lat' dir='ltr'>dispositi.</span> <span class='ocrx_word' id='word_1_383' title='bbox 494 2172 615 2204; x_wconf 84' lang='lat' dir='ltr'>missis</span> <span class='ocrx_word' id='word_1_384' title='bbox 652 2171 744 2203; x_wconf 90' lang='lat' dir='ltr'>enim</span> <span class='ocrx_word' id='word_1_385' title='bbox 782 2171 825 2203; x_wconf 91' lang='lat' dir='ltr'>iis</span> <span class='ocrx_word' id='word_1_386' title='bbox 854 2171 1084 2205; x_wconf 82' lang='lat' dir='ltr'>hemistichiis</span> <span class='ocrx_word' id='word_1_387' title='bbox 1115 2181 1203 2213; x_wconf 85' lang='lat' dir='ltr'>quae</span> <span class='ocrx_word' id='word_1_388' title='bbox 1235 2171 1346 2204; x_wconf 85' lang='lat' dir='ltr'>fecere</span> <span class='ocrx_word' id='word_1_389' title='bbox 1381 2171 1491 2204; x_wconf 89' lang='lat' dir='ltr'>critici</span> <span class='ocrx_word' id='word_1_390' title='bbox 1522 2171 1731 2205; x_wconf 86' lang='lat' dir='ltr'>recentiores</span> <span class='ocrx_word' id='word_1_391' title='bbox 1765 2174 1816 2207; x_wconf 88' lang='lat' dir='ltr'>Pl.</span> <span class='ocrx_word' id='word_1_392' title='bbox 1846 2174 1906 2208; x_wconf 86' lang='lat' dir='ltr'>Gr.</span> 
     </span>
     <span class='ocr_line' id='line_1_36' title="bbox 274 2228 1906 2270; baseline 0.002 -8"><span class='ocrx_word' id='word_1_393' title='bbox 274 2229 347 2270; x_wconf 63' lang='lat' dir='ltr'>Bb„</span> <span class='ocrx_word' id='word_1_394' title='bbox 386 2233 472 2261; x_wconf 87' lang='lat' dir='ltr'>sunt</span> <span class='ocrx_word' id='word_1_395' title='bbox 511 2229 549 2260; x_wconf 82' lang='lat'>10</span> <span class='ocrx_word' id='word_1_396' title='bbox 580 2228 616 2260; x_wconf 90' lang='lat' dir='ltr'>in</span> <span class='ocrx_word' id='word_1_397' title='bbox 644 2228 666 2262; x_wconf 92' lang='lat' dir='ltr'>l.</span> <span class='ocrx_word' id='word_1_398' title='bbox 690 2229 747 2267; x_wconf 81' lang='grc'><strong>11,,</strong></span> <span class='ocrx_word' id='word_1_399' title='bbox 786 2229 803 2259; x_wconf 88' lang='grc'><strong>7</strong></span> <span class='ocrx_word' id='word_1_400' title='bbox 830 2229 864 2261; x_wconf 90' lang='lat' dir='ltr'>in</span> <span class='ocrx_word' id='word_1_401' title='bbox 891 2230 950 2262; x_wconf 81' lang='grc' dir='ltr'><strong>ΙΙΙ.</strong></span> <span class='ocrx_word' id='word_1_402' title='bbox 994 2230 1013 2262; x_wconf 89' lang='grc'>6</span> <span class='ocrx_word' id='word_1_403' title='bbox 1040 2230 1075 2261; x_wconf 89' lang='lat' dir='ltr'>in</span> <span class='ocrx_word' id='word_1_404' title='bbox 1100 2230 1140 2262; x_wconf 86' lang='lat' dir='ltr'>V.</span> <span class='ocrx_word' id='word_1_405' title='bbox 1166 2229 1241 2262; x_wconf 73' lang='lat' dir='ltr'>Vn.</span> <span class='ocrx_word' id='word_1_406' title='bbox 1269 2230 1327 2263; x_wconf 81' lang='lat' dir='ltr'>IX.</span> <span class='ocrx_word' id='word_1_407' title='bbox 1354 2229 1396 2262; x_wconf 84' lang='lat' dir='ltr'>X.</span> <span class='ocrx_word' id='word_1_408' title='bbox 1444 2230 1463 2261; x_wconf 82' lang='lat'>5</span> <span class='ocrx_word' id='word_1_409' title='bbox 1490 2229 1526 2261; x_wconf 94' lang='lat' dir='ltr'>in</span> <span class='ocrx_word' id='word_1_410' title='bbox 1553 2229 1609 2261; x_wconf 92' lang='lat' dir='ltr'>IV.</span> <span class='ocrx_word' id='word_1_411' title='bbox 1653 2230 1672 2261; x_wconf 88' lang='lat'><strong>3</strong></span> <span class='ocrx_word' id='word_1_412' title='bbox 1698 2230 1735 2262; x_wconf 89' lang='lat' dir='ltr'>in</span> <span class='ocrx_word' id='word_1_413' title='bbox 1760 2232 1786 2264; x_wconf 89' lang='lat'>1.</span> <span class='ocrx_word' id='word_1_414' title='bbox 1811 2232 1906 2266; x_wconf 83' lang='lat' dir='ltr'>vm.</span> 
     </span>
     <span class='ocr_line' id='line_1_37' title="bbox 273 2285 1907 2330; baseline 0.002 -11"><span class='ocrx_word' id='word_1_415' title='bbox 273 2288 291 2319; x_wconf 82' lang='lat'><strong>2</strong></span> <span class='ocrx_word' id='word_1_416' title='bbox 318 2287 353 2319; x_wconf 89' lang='lat' dir='ltr'>in</span> <span class='ocrx_word' id='word_1_417' title='bbox 385 2287 440 2319; x_wconf 90' lang='lat' dir='ltr'>VI.</span> <span class='ocrx_word' id='word_1_418' title='bbox 457 2286 517 2319; x_wconf 85' lang='lat' dir='ltr'>XI.</span> <span class='ocrx_word' id='word_1_419' title='bbox 548 2287 558 2318; x_wconf 90' lang='grc'><strong>1</strong></span> <span class='ocrx_word' id='word_1_420' title='bbox 590 2285 624 2317; x_wconf 90' lang='lat' dir='ltr'>in</span> <span class='ocrx_word' id='word_1_421' title='bbox 652 2286 729 2317; x_wconf 80' lang='grc' dir='ltr'>ΧΠ.</span> <span class='ocrx_word' id='word_1_422' title='bbox 773 2286 875 2325; x_wconf 86' lang='lat' dir='ltr'>Quod</span> <span class='ocrx_word' id='word_1_423' title='bbox 905 2287 1031 2318; x_wconf 88' lang='lat' dir='ltr'>mirum</span> <span class='ocrx_word' id='word_1_424' title='bbox 1059 2296 1129 2318; x_wconf 89' lang='lat' dir='ltr'>non</span> <span class='ocrx_word' id='word_1_425' title='bbox 1155 2291 1217 2326; x_wconf 84' lang='lat' dir='ltr'>est,</span> <span class='ocrx_word' id='word_1_426' title='bbox 1243 2286 1418 2328; x_wconf 89' lang='lat' dir='ltr'>siquidem</span> <span class='ocrx_word' id='word_1_427' title='bbox 1439 2286 1513 2328; x_wconf 83' lang='lat' dir='ltr'>Vgl.</span> <span class='ocrx_word' id='word_1_428' title='bbox 1539 2295 1659 2319; x_wconf 78' lang='lat' dir='ltr'>versus</span> <span class='ocrx_word' id='word_1_429' title='bbox 1683 2287 1907 2330; x_wconf 88' lang='lat' dir='ltr'>imperfectos</span> 
     </span>
     <span class='ocr_line' id='line_1_38' title="bbox 273 2342 1907 2388; baseline 0.002 -12"><span class='ocrx_word' id='word_1_430' title='bbox 273 2343 426 2387; x_wconf 89' lang='lat' dir='ltr'>reliquit,</span> <span class='ocrx_word' id='word_1_431' title='bbox 451 2342 545 2386; x_wconf 87' lang='lat' dir='ltr'>quod</span> <span class='ocrx_word' id='word_1_432' title='bbox 567 2343 758 2376; x_wconf 85' lang='lat' dir='ltr'>clausulam</span> <span class='ocrx_word' id='word_1_433' title='bbox 781 2353 850 2375; x_wconf 87' lang='lat' dir='ltr'>non</span> <span class='ocrx_word' id='word_1_434' title='bbox 877 2342 1072 2386; x_wconf 87' lang='lat' dir='ltr'>reperiebat</span> <span class='ocrx_word' id='word_1_435' title='bbox 1094 2342 1234 2376; x_wconf 85' lang='lat' dir='ltr'>bonam.</span> <span class='ocrx_word' id='word_1_436' title='bbox 1278 2345 1397 2386; x_wconf 80' lang='lat' dir='ltr'>Neque</span> <span class='ocrx_word' id='word_1_437' title='bbox 1424 2343 1546 2385; x_wconf 86' lang='lat' dir='ltr'>quovis</span> <span class='ocrx_word' id='word_1_438' title='bbox 1570 2343 1646 2376; x_wconf 92' lang='lat' dir='ltr'>loco</span> <span class='ocrx_word' id='word_1_439' title='bbox 1671 2343 1821 2388; x_wconf 86' lang='lat' dir='ltr'>abrupit,</span> <span class='ocrx_word' id='word_1_440' title='bbox 1845 2346 1907 2380; x_wconf 90' lang='lat' dir='ltr'>sed</span> 
     </span>
    </p>

    <p class='ocr_par' dir='ltr' id='par_1_8' title="bbox 386 2400 730 2433">
     <span class='ocr_line' id='line_1_39' title="bbox 386 2400 730 2433; baseline 0.003 -1"><span class='ocrx_word' id='word_1_441' title='bbox 386 2400 428 2433; x_wconf 88' lang='grc' dir='ltr'><strong>Α.</strong></span> <span class='ocrx_word' id='word_1_442' title='bbox 454 2401 488 2432; x_wconf 84' lang='grc' dir='ltr'>ἰι]</span> <span class='ocrx_word' id='word_1_443' title='bbox 516 2400 730 2433; x_wconf 84' lang='lat' dir='ltr'>diaeresibus</span> 
     </span>
    </p>

    <p class='ocr_par' dir='ltr' id='par_1_9' title="bbox 323 2457 1552 2500">
     <span class='ocr_line' id='line_1_40' title="bbox 323 2457 1552 2500; baseline -0.001 -10"><span class='ocrx_word' id='word_1_444' title='bbox 323 2460 356 2499; x_wconf 86' lang='lat'>1)</span> <span class='ocrx_word' id='word_1_445' title='bbox 386 2457 420 2490; x_wconf 89' lang='lat' dir='ltr'>in</span> <span class='ocrx_word' id='word_1_446' title='bbox 453 2457 601 2490; x_wconf 87' lang='lat' dir='ltr'>diaeresi</span> <span class='ocrx_word' id='word_1_447' title='bbox 628 2458 738 2500; x_wconf 88' lang='lat' dir='ltr'>prima</span> <span class='ocrx_word' id='word_1_448' title='bbox 763 2477 806 2480; x_wconf 35' lang='lat' dir='ltr'>m</span> <span class='ocrx_word' id='word_1_449' title='bbox 831 2471 898 2488; x_wconf 69' lang='grc' dir='ltr'>υυ</span> <span class='ocrx_word' id='word_1_450' title='bbox 923 2462 972 2490; x_wconf 80' lang='lat' dir='ltr'>ter</span> <span class='ocrx_word' id='word_1_451' title='bbox 998 2458 1029 2499; x_wconf 86' lang='lat'>3,</span> <span class='ocrx_word' id='word_1_452' title='bbox 1055 2458 1130 2492; x_wconf 83' lang='grc'><strong>640.</strong></span> <span class='ocrx_word' id='word_1_453' title='bbox 1162 2460 1212 2496; x_wconf 91' lang='grc'>10,</span> <span class='ocrx_word' id='word_1_454' title='bbox 1236 2459 1311 2491; x_wconf 68' lang='grc'><strong>580.</strong></span> <span class='ocrx_word' id='word_1_455' title='bbox 1342 2459 1392 2497; x_wconf 89' lang='grc'><strong>11,</strong></span> <span class='ocrx_word' id='word_1_456' title='bbox 1419 2458 1483 2490; x_wconf 83' lang='grc'>375</span> <span class='ocrx_word' id='word_1_457' title='bbox 1509 2477 1552 2480; x_wconf 85' lang='grc'>--</span> 
     </span>
    </p>

    <p class='ocr_par' dir='ltr' id='par_1_10' title="bbox 323 2515 1462 2557">
     <span class='ocr_line' id='line_1_41' title="bbox 323 2515 1462 2557; baseline 0.001 -10"><span class='ocrx_word' id='word_1_458' title='bbox 323 2516 361 2557; x_wconf 85' lang='grc'>2)</span> <span class='ocrx_word' id='word_1_459' title='bbox 386 2516 421 2547; x_wconf 92' lang='lat' dir='ltr'>in</span> <span class='ocrx_word' id='word_1_460' title='bbox 449 2515 594 2547; x_wconf 88' lang='lat' dir='ltr'>diaeresi</span> <span class='ocrx_word' id='word_1_461' title='bbox 620 2515 775 2547; x_wconf 84' lang='lat' dir='ltr'>secunda</span> <span class='ocrx_word' id='word_1_462' title='bbox 803 2535 846 2537; x_wconf 97' lang='lat'><strong>—</strong></span> <span class='ocrx_word' id='word_1_463' title='bbox 871 2535 915 2538; x_wconf 93' lang='lat'>—</span> <span class='ocrx_word' id='word_1_464' title='bbox 947 2516 950 2555; x_wconf 78' lang='grc'><strong>1</strong></span> <span class='ocrx_word' id='word_1_465' title='bbox 979 2534 1023 2538; x_wconf 83' lang='grc'><strong>-</strong></span> <span class='ocrx_word' id='word_1_466' title='bbox 1049 2528 1116 2546; x_wconf 59' lang='lat' dir='ltr'>uu</span> <span class='ocrx_word' id='word_1_467' title='bbox 1142 2517 1250 2548; x_wconf 87' lang='lat' dir='ltr'>semel</span> <span class='ocrx_word' id='word_1_468' title='bbox 1279 2518 1308 2555; x_wconf 92' lang='lat'>1,</span> <span class='ocrx_word' id='word_1_469' title='bbox 1333 2516 1398 2548; x_wconf 80' lang='grc'>534</span> <span class='ocrx_word' id='word_1_470' title='bbox 1418 2534 1462 2538; x_wconf 74' lang='lat'>—</span> 
     </span>
    </p>

    <p class='ocr_par' dir='ltr' id='par_1_11' title="bbox 274 2564 1908 2729">
     <span class='ocr_line' id='line_1_42' title="bbox 319 2564 1906 2615; baseline 0.003 -11"><span class='ocrx_word' id='word_1_471' title='bbox 319 2573 355 2614; x_wconf 88' lang='lat'>3)</span> <span class='ocrx_word' id='word_1_472' title='bbox 380 2572 416 2604; x_wconf 91' lang='lat' dir='ltr'>in</span> <span class='ocrx_word' id='word_1_473' title='bbox 442 2572 587 2605; x_wconf 83' lang='lat' dir='ltr'>diaeresi</span> <span class='ocrx_word' id='word_1_474' title='bbox 614 2576 736 2614; x_wconf 85' lang='lat' dir='ltr'>quarta</span> <span class='ocrx_word' id='word_1_475' title='bbox 761 2591 805 2596; x_wconf 92' lang='lat'><strong>—</strong></span> <span class='ocrx_word' id='word_1_476' title='bbox 825 2564 892 2602; x_wconf 60' lang='grc' dir='ltr'>υῖ</span> <span class='ocrx_word' id='word_1_477' title='bbox 920 2573 924 2611; x_wconf 77' lang='grc'><strong>1</strong></span> <span class='ocrx_word' id='word_1_478' title='bbox 954 2591 991 2595; x_wconf 91' lang='grc'><strong>-</strong></span> <span class='ocrx_word' id='word_1_479' title='bbox 1016 2584 1084 2603; x_wconf 50' lang='lat' dir='ltr'>vu</span> <span class='ocrx_word' id='word_1_480' title='bbox 1109 2573 1113 2613; x_wconf 83' lang='grc'><strong>1</strong></span> <span class='ocrx_word' id='word_1_481' title='bbox 1144 2592 1181 2596; x_wconf 90' lang='grc'>-</span> <span class='ocrx_word' id='word_1_482' title='bbox 1208 2564 1277 2604; x_wconf 57' lang='grc' dir='ltr'>υἷι</span> <span class='ocrx_word' id='word_1_483' title='bbox 1304 2575 1307 2614; x_wconf 79' lang='grc' dir='ltr'>Ι</span> <span class='ocrx_word' id='word_1_484' title='bbox 1334 2592 1378 2595; x_wconf 87' lang='lat'>——</span> <span class='ocrx_word' id='word_1_485' title='bbox 1402 2584 1469 2602; x_wconf 67' lang='grc' dir='ltr'>υυ</span> <span class='ocrx_word' id='word_1_486' title='bbox 1494 2572 1725 2615; x_wconf 87' lang='lat' dir='ltr'>quinquies2‚</span> <span class='ocrx_word' id='word_1_487' title='bbox 1739 2575 1814 2608; x_wconf 87' lang='grc'><strong>468.</strong></span> <span class='ocrx_word' id='word_1_488' title='bbox 1830 2576 1906 2609; x_wconf 87' lang='lat'>785.</span> 
     </span>
     <span class='ocr_line' id='line_1_43' title="bbox 275 2629 1908 2676; baseline 0.003 -16"><span class='ocrx_word' id='word_1_489' title='bbox 275 2630 306 2668; x_wconf 86' lang='lat'>5,</span> <span class='ocrx_word' id='word_1_490' title='bbox 325 2630 401 2662; x_wconf 76' lang='grc'><strong>815.</strong></span> <span class='ocrx_word' id='word_1_491' title='bbox 427 2630 458 2669; x_wconf 93' lang='grc'><strong>6,</strong></span> <span class='ocrx_word' id='word_1_492' title='bbox 484 2629 560 2662; x_wconf 85' lang='grc'><strong>835.</strong></span> <span class='ocrx_word' id='word_1_493' title='bbox 587 2631 618 2667; x_wconf 84' lang='grc'>9,</span> <span class='ocrx_word' id='word_1_494' title='bbox 648 2630 730 2666; x_wconf 79' lang='grc'><strong>721;</strong></span> <span class='ocrx_word' id='word_1_495' title='bbox 754 2633 794 2661; x_wconf 82' lang='lat' dir='ltr'>ut</span> <span class='ocrx_word' id='word_1_496' title='bbox 820 2630 846 2667; x_wconf 86' lang='grc'><strong>1,</strong></span> <span class='ocrx_word' id='word_1_497' title='bbox 863 2630 930 2661; x_wconf 76' lang='grc'>636</span> <span class='ocrx_word' id='word_1_498' title='bbox 950 2629 1008 2660; x_wconf 74' lang='grc' dir='ltr'>ΡΗ</span> <span class='ocrx_word' id='word_1_499' title='bbox 1032 2630 1248 2662; x_wconf 84' lang='lat' dir='ltr'>coniectura:</span> <span class='ocrx_word' id='word_1_500' title='bbox 1274 2639 1425 2662; x_wconf 79' lang='lat' dir='ltr'>munera</span> <span class='ocrx_word' id='word_1_501' title='bbox 1453 2629 1706 2673; x_wconf 78' lang='lat' dir='ltr'>laetitiamque</span> <span class='ocrx_word' id='word_1_502' title='bbox 1722 2630 1839 2676; x_wconf 79' lang='lat' dir='ltr'>Lyaei</span> <span class='ocrx_word' id='word_1_503' title='bbox 1861 2632 1908 2665; x_wconf 87' lang='lat' dir='ltr'>sit</span> 
     </span>
     <span class='ocr_line' id='line_1_44' title="bbox 274 2686 542 2729; baseline 0.004 -11"><span class='ocrx_word' id='word_1_504' title='bbox 274 2686 351 2718; x_wconf 88' lang='lat' dir='ltr'>sine</span> <span class='ocrx_word' id='word_1_505' title='bbox 374 2686 542 2729; x_wconf 85' lang='lat' dir='ltr'>exemplo.</span> 
     </span>
    </p>

    <p class='ocr_par' dir='ltr' id='par_1_12' title="bbox 391 2743 650 2776">
     <span class='ocr_line' id='line_1_45' title="bbox 391 2743 650 2776; baseline 0.004 -1"><span class='ocrx_word' id='word_1_506' title='bbox 391 2744 426 2776; x_wconf 85' lang='grc' dir='ltr'><strong>Β.</strong></span> <span class='ocrx_word' id='word_1_507' title='bbox 452 2743 487 2775; x_wconf 92' lang='lat' dir='ltr'>in</span> <span class='ocrx_word' id='word_1_508' title='bbox 513 2743 650 2776; x_wconf 87' lang='lat' dir='ltr'>arsibus</span> 
     </span>
    </p>
   </div>
   <div class='ocr_carea' id='block_1_3' title="bbox 276 2803 1904 3125">
    <p class='ocr_par' dir='ltr' id='par_1_13' title="bbox 276 2803 1904 3125">
     <span class='ocr_line' id='line_1_46' title="bbox 322 2803 1904 2854; baseline 0.003 -11"><span class='ocrx_word' id='word_1_509' title='bbox 322 2813 354 2847; x_wconf 85' lang='lat'>1)</span> <span class='ocrx_word' id='word_1_510' title='bbox 380 2811 622 2845; x_wconf 75' lang='lat' dir='ltr'>trithemimeri</span> <span class='ocrx_word' id='word_1_511' title='bbox 650 2832 691 2834; x_wconf 23' lang='lat' dir='ltr'>-ss</span> <span class='ocrx_word' id='word_1_512' title='bbox 718 2803 786 2842; x_wconf 61' lang='grc' dir='ltr'>ψῖ</span> <span class='ocrx_word' id='word_1_513' title='bbox 811 2812 814 2852; x_wconf 74' lang='grc' dir='ltr'><strong>ι</strong></span> <span class='ocrx_word' id='word_1_514' title='bbox 841 2831 883 2834; x_wconf 45' lang='grc' dir='ltr'><em>Η</em></span> <span class='ocrx_word' id='word_1_515' title='bbox 911 2813 925 2853; x_wconf 72' lang='grc' dir='ltr'>ιι</span> <span class='ocrx_word' id='word_1_516' title='bbox 954 2812 1123 2845; x_wconf 76' lang='lat' dir='ltr'>tredecies</span> <span class='ocrx_word' id='word_1_517' title='bbox 1152 2814 1180 2852; x_wconf 88' lang='lat'>1,</span> <span class='ocrx_word' id='word_1_518' title='bbox 1205 2813 1282 2846; x_wconf 82' lang='lat'>560.</span> <span class='ocrx_word' id='word_1_519' title='bbox 1322 2813 1360 2854; x_wconf 84' lang='lat'>2,</span> <span class='ocrx_word' id='word_1_520' title='bbox 1389 2814 1441 2846; x_wconf 80' lang='lat'>66.</span> <span class='ocrx_word' id='word_1_521' title='bbox 1470 2813 1546 2847; x_wconf 80' lang='grc'><strong>346.</strong></span> <span class='ocrx_word' id='word_1_522' title='bbox 1572 2814 1647 2848; x_wconf 85' lang='lat'>720.</span> <span class='ocrx_word' id='word_1_523' title='bbox 1674 2814 1751 2847; x_wconf 84' lang='lat'>767.</span> <span class='ocrx_word' id='word_1_524' title='bbox 1771 2815 1802 2852; x_wconf 86' lang='lat'>3,</span> <span class='ocrx_word' id='word_1_525' title='bbox 1827 2813 1904 2848; x_wconf 83' lang='lat'>218.</span> 
     </span>
     <span class='ocr_line' id='line_1_47' title="bbox 276 2869 1501 2910; baseline 0.004 -11"><span class='ocrx_word' id='word_1_526' title='bbox 276 2870 306 2909; x_wconf 83' lang='lat'>5,</span> <span class='ocrx_word' id='word_1_527' title='bbox 333 2870 409 2902; x_wconf 84' lang='lat'>574.</span> <span class='ocrx_word' id='word_1_528' title='bbox 464 2870 501 2909; x_wconf 89' lang='lat'>7,</span> <span class='ocrx_word' id='word_1_529' title='bbox 526 2870 601 2903; x_wconf 82' lang='lat'>702.</span> <span class='ocrx_word' id='word_1_530' title='bbox 653 2870 691 2909; x_wconf 75' lang='lat'>8,</span> <span class='ocrx_word' id='word_1_531' title='bbox 729 2869 800 2901; x_wconf 83' lang='grc'><strong>169.</strong></span> <span class='ocrx_word' id='word_1_532' title='bbox 852 2870 909 2910; x_wconf 88' lang='grc'>10,</span> <span class='ocrx_word' id='word_1_533' title='bbox 937 2870 988 2903; x_wconf 85' lang='grc'><strong>17.</strong></span> <span class='ocrx_word' id='word_1_534' title='bbox 1015 2870 1092 2903; x_wconf 82' lang='grc'><strong>728.</strong></span> <span class='ocrx_word' id='word_1_535' title='bbox 1143 2870 1202 2909; x_wconf 89' lang='grc'><strong>11,</strong></span> <span class='ocrx_word' id='word_1_536' title='bbox 1228 2870 1305 2903; x_wconf 83' lang='grc'><strong>391.</strong></span> <span class='ocrx_word' id='word_1_537' title='bbox 1349 2871 1401 2910; x_wconf 86' lang='grc'><strong>12,</strong></span> <span class='ocrx_word' id='word_1_538' title='bbox 1425 2871 1501 2904; x_wconf 79' lang='lat'>631.</span> 
     </span>
     <span class='ocr_line' id='line_1_48' title="bbox 389 2948 1677 2991; baseline 0.002 -11"><span class='ocrx_word' id='word_1_539' title='bbox 389 2953 452 2980; x_wconf 79' lang='lat' dir='ltr'>An.</span> <span class='ocrx_word' id='word_1_540' title='bbox 479 2949 518 2987; x_wconf 80' lang='lat'>1)</span> <span class='ocrx_word' id='word_1_541' title='bbox 545 2953 650 2981; x_wconf 84' lang='lat' dir='ltr'>Semel</span> <span class='ocrx_word' id='word_1_542' title='bbox 675 2956 724 2980; x_wconf 87' lang='lat' dir='ltr'>est</span> <span class='ocrx_word' id='word_1_543' title='bbox 751 2949 845 2981; x_wconf 78' lang='lat' dir='ltr'>Ilaec</span> <span class='ocrx_word' id='word_1_544' title='bbox 871 2948 980 2991; x_wconf 61' lang='lat' dir='ltr'>effatii</span> <span class='ocrx_word' id='word_1_545' title='bbox 1012 2956 1164 2988; x_wconf 78' lang='lat' dir='ltr'>sequente</span> <span class='ocrx_word' id='word_1_546' title='bbox 1191 2950 1235 2981; x_wconf 79' lang='lat' dir='ltr'>At</span> <span class='ocrx_word' id='word_1_547' title='bbox 1256 2952 1290 2981; x_wconf 90' lang='lat' dir='ltr'>in</span> <span class='ocrx_word' id='word_1_548' title='bbox 1313 2961 1347 2982; x_wconf 85' lang='lat' dir='ltr'>v.</span> <span class='ocrx_word' id='word_1_549' title='bbox 1368 2957 1522 2989; x_wconf 86' lang='lat' dir='ltr'>sequente</span> <span class='ocrx_word' id='word_1_550' title='bbox 1544 2954 1576 2991; x_wconf 81' lang='lat'>5,</span> <span class='ocrx_word' id='word_1_551' title='bbox 1601 2952 1677 2982; x_wconf 79' lang='lat'>6⁵3.</span> 
     </span>
     <span class='ocr_line' id='line_1_49' title="bbox 322 3003 1903 3067; baseline 0.005 -22"><span class='ocrx_word' id='word_1_552' title='bbox 322 3015 357 3055; x_wconf 80' lang='lat'>2)</span> <span class='ocrx_word' id='word_1_553' title='bbox 384 3016 651 3057; x_wconf 87' lang='lat' dir='ltr'>penthemimeri</span> <span class='ocrx_word' id='word_1_554' title='bbox 673 3036 717 3040; x_wconf 82' lang='lat'>—-</span> <span class='ocrx_word' id='word_1_555' title='bbox 741 3029 808 3047; x_wconf 71' lang='grc' dir='ltr'>υυ</span> <span class='ocrx_word' id='word_1_556' title='bbox 835 3019 838 3057; x_wconf 63' lang='lat' dir='ltr'>l</span> <span class='ocrx_word' id='word_1_557' title='bbox 866 3036 910 3040; x_wconf 82' lang='lat'><em>-</em></span> <span class='ocrx_word' id='word_1_558' title='bbox 927 3029 995 3067; x_wconf 46' lang='lat' dir='ltr'>ug</span> <span class='ocrx_word' id='word_1_559' title='bbox 1017 3018 1020 3057; x_wconf 88' lang='grc' dir='ltr'>Ι</span> <span class='ocrx_word' id='word_1_560' title='bbox 1046 3035 1090 3039; x_wconf 95' lang='grc'>-</span> <span class='ocrx_word' id='word_1_561' title='bbox 1115 3017 1130 3057; x_wconf 84' lang='grc' dir='ltr'>Η</span> <span class='ocrx_word' id='word_1_562' title='bbox 1155 3016 1376 3051; x_wconf 90' lang='lat' dir='ltr'>duodevicies</span> <span class='ocrx_word' id='word_1_563' title='bbox 1402 3018 1433 3058; x_wconf 87' lang='lat'>2,</span> <span class='ocrx_word' id='word_1_564' title='bbox 1466 3019 1540 3052; x_wconf 87' lang='lat'>233.</span> <span class='ocrx_word' id='word_1_565' title='bbox 1566 3019 1641 3051; x_wconf 89' lang='grc'><strong>614.</strong></span> <span class='ocrx_word' id='word_1_566' title='bbox 1657 3003 1742 3051; x_wconf 28' lang='grc'><strong>1623.</strong></span> <span class='ocrx_word' id='word_1_567' title='bbox 1769 3019 1845 3053; x_wconf 82' lang='grc'><strong>640.</strong></span> <span class='ocrx_word' id='word_1_568' title='bbox 1871 3020 1903 3060; x_wconf 90' lang='grc'><strong>3,</strong></span> 
     </span>
     <span class='ocr_line' id='line_1_50' title="bbox 278 3082 1903 3125; baseline 0.004 -12"><span class='ocrx_word' id='word_1_569' title='bbox 278 3082 353 3115; x_wconf 87' lang='grc'><strong>340.</strong></span> <span class='ocrx_word' id='word_1_570' title='bbox 381 3084 456 3122; x_wconf 68' lang='grc'><strong>527,</strong></span> <span class='ocrx_word' id='word_1_571' title='bbox 484 3086 558 3118; x_wconf 80' lang='grc'><strong>661.</strong></span> <span class='ocrx_word' id='word_1_572' title='bbox 585 3087 616 3125; x_wconf 88' lang='grc'><strong>4,</strong></span> <span class='ocrx_word' id='word_1_573' title='bbox 643 3086 695 3118; x_wconf 83' lang='lat'>44.</span> <span class='ocrx_word' id='word_1_574' title='bbox 723 3087 799 3119; x_wconf 80' lang='grc'><strong>503.</strong></span> <span class='ocrx_word' id='word_1_575' title='bbox 826 3088 857 3125; x_wconf 88' lang='grc'><strong>5,</strong></span> <span class='ocrx_word' id='word_1_576' title='bbox 885 3086 961 3119; x_wconf 87' lang='grc'><strong>322.</strong></span> <span class='ocrx_word' id='word_1_577' title='bbox 990 3086 1020 3124; x_wconf 88' lang='lat'>7,</span> <span class='ocrx_word' id='word_1_578' title='bbox 1046 3086 1122 3119; x_wconf 86' lang='grc'><strong>439.</strong></span> <span class='ocrx_word' id='word_1_579' title='bbox 1148 3086 1179 3125; x_wconf 77' lang='lat' dir='ltr'>S,</span> <span class='ocrx_word' id='word_1_580' title='bbox 1203 3087 1258 3119; x_wconf 84' lang='lat'>41.</span> <span class='ocrx_word' id='word_1_581' title='bbox 1285 3087 1362 3120; x_wconf 86' lang='grc'><strong>536.</strong></span> <span class='ocrx_word' id='word_1_582' title='bbox 1377 3087 1409 3125; x_wconf 87' lang='grc'>9,</span> <span class='ocrx_word' id='word_1_583' title='bbox 1439 3087 1511 3119; x_wconf 86' lang='grc'><strong>167.</strong></span> <span class='ocrx_word' id='word_1_584' title='bbox 1527 3085 1602 3120; x_wconf 85' lang='grc'><strong>295.</strong></span> <span class='ocrx_word' id='word_1_585' title='bbox 1628 3085 1705 3119; x_wconf 83' lang='grc'><strong>467.</strong></span> <span class='ocrx_word' id='word_1_586' title='bbox 1721 3086 1797 3120; x_wconf 87' lang='grc'><strong>520.</strong></span> <span class='ocrx_word' id='word_1_587' title='bbox 1826 3087 1903 3120; x_wconf 86' lang='grc'><strong>761.</strong></span> 
     </span>
    </p>
   </div>
  </div>
 </body>
</html>
