2023 3350
264 109 343 148 194
828 103 867 134 Ρ.
897 102 1095 136 1111011111

1130 102 1342 136 MAROMS

261 220 385 262 Nunc
414 217 569 271 Lyciae
606 219 763 266 sortes,
803 229 916 257 nunc
953 219 997 257 et
1033 217 1134 258 Iove
1167 216 1323 258 missus
1360 215 1416 258 ab
1454 216 1548 270 ipso

262 277 480 328 Interpres
515 274 655 315 divom
689 273 773 313 fert
805 272 986 314 horrida
1019 273 1138 314 iussa
1175 288 1253 328 per
1287 288 1430 315 auras.

265 333 440 374 Scilicet
472 331 509 372 is
548 330 714 383 superis
744 329 870 371 labor
906 334 991 382 est,
1035 344 1086 372 ea

264 389 489 432 Sollicitat.

1118 344 1221 372 cura
1256 332 1425 385 quietos

264 447 516 499 I,seque1e
552 444 725 486 Italiam
764 444 921 496 ventis,
961 449 1060 498 pete
1099 459 1233 509 iegna
1269 460 1348 510 pei
1383 445 1533 487 undas

265 503 400 556 Spem
437 502 637 555 equidem
669 502 838 544 mediis.
879 502 916 543 si
954 502 1058 555 quid
1094 503 1168 556 pia
1202 503 1378 544 numina
1416 506 1608 557 possunt,

265 560 486 614 Supplicia
521 559 762 601 hausuium
801 545 1011 613 scopulis,
1054 563 1096 601 et

266 618 402 671 Saepe
437 621 702 658 vocaturum.

265 675 322 716 Et
361 688 493 728 quum
530 674 690 728 frigida
724 688 841 716 mors
880 675 1025 717 anima
1055 675 1274 716 seduxerit
1308 678 1441 726 artus,

1050 732 1207 784 Dabis,
1245 732 1460 786 improbe,
1497 744 1671 785 poenas.

267 731 476 773 Omnibus
508 732 663 773 umbra
698 732 804 774 locis
840 731 985 774 adero.

548 389 700 440 Neque
737 391 780 428 te
817 390 960 439 teneo,
999 401 1138 441 neque
1170 388 1287 430 dicta
1325 388 1488 430 refello.
1828 388 1910 428 380

1135 560 1308 602 nomine
1343 561 1454 602 Dido

774 616 940 671 Sequar
975 617 1082 659 atris
1117 617 1289 671 ignibus
1327 617 1494 669 absens,
1829 675 1910 714 385

267 789 451 831 Audiam
487 793 529 831 et
561 789 668 831 haec
703 790 852 832 Manes
892 790 1033 831 veniet
1069 790 1175 831 mihi
1208 789 1326 832 fama
1360 789 1439 832 sub
1474 790 1593 830 imos.

267 930 458 960 concitatae
482 934 590 958 autem
615 929 772 958 orationis
801 934 851 960 est
877 938 980 967 saepe
1008 933 1066 960 ab·

268 976 385 1011 rumpi,
413 983 549 1011 pergere
575 976 690 1003 deinde
714 984 801 1004 novo
827 977 1066 1007 sententiarum

269 1029 401 1057 genere.
456 1022 659 1049 Revocando
693 1025 801 1050 autem
837 1024 899 1052 sibi
930 1023 962 1052 in
996 1024 1067 1051 ani-

269 1075 356 1096 mum
374 1067 487 1095 merita
504 1067 536 1095 in
553 1067 702 1095 Aeneam
727 1070 888 1097 translata
915 1073 945 1097 et
970 1076 1066 1103 (1113111

270 1112 389 1141 referat
409 1113 545 1147 gratiam
565 1114 747 1147 reputando
773 1114 821 1143 ira
840 1114 1008 1149 abripitur.
1023 1129 1068 1133 —

274 1155 376 1188 Nunc
410 1165 514 1193 saepe
552 1166 625 1186 011111
667 1158 698 1186 vi
735 1160 977 1193 pronuntiatum
1017 1164 1067 1188 est

270 1204 315 1233 ita
331 1203 363 1241 5,
386 1202 464 1232 748.
502 1205 537 1232 Ε.
558 1203 590 1239 8,
605 1202 659 1232 43.
707 1206 801 1233 Nunc
820 1207 949 1234 tandem
969 1213 1068 1239 quum

270 1257 322 1278 me
349 1257 386 1277 es
411 1249 599 1285 relicturus,
623 1249 722 1277 affers
750 1257 822 1279 eam
851 1252 984 1279 deorum
1006 1258 1068 1279 vo-

271 1297 442 1332 1110131οω,
461 1296 501 1323 de
516 1301 581 1329 qua
597 1298 695 1323 antea
714 1296 792 1324 nihil
813 1296 940 1330 dixisti;
967 1304 1068 1331 quare

272 1340 362 1369 falsa
393 1347 434 1369 ea
462 1344 536 1369 sunt
563 1340 670 1369 omnia
701 1344 733 1369 et
757 1343 948 1377 excogitata
972 1343 1067 1370 modo

273 1386 390 1421 quibus
417 1388 549 1422 culpam
575 1390 678 1420 tegas.
729 1387 776 1416 Cf.
795 1383 936 1416 similem
960 1390 1069 1416 locum

277 1431 333 1468 11,
365 1430 442 1460 403.
507 1428 647 1460 Scilicet
685 1440 758 1460 cum
792 1433 898 1462 ironia
933 1434 1068 1462 dictum:

273 1477 369 1512 quasi
401 1477 442 1505 dii
471 1481 582 1505 curent
613 1480 784 1512 tantopere
814 1483 935 1508 sortem
970 1483 1068 1515 tuam,

273 1527 306 1552 ut
336 1530 450 1551 omnes
483 1522 574 1550 anxii
606 1526 636 1551 et
669 1524 804 1552 solliciti
833 1525 971 1558 (10101001
1003 1533 1069 1553 11011

273 1568 422 1604 capiant,
456 1572 629 1602 antequam
655 1572 684 1596 te
711 1569 742 1597 in
767 1570 893 1599 ltaliam
920 1571 1070 1599 adduxe—

274 1614 345 1643 rint.
393 1614 516 1641 Eodem
550 1614 710 1648 pertinent
741 1611 887 1644 horrida
916 1613 1012 1644 iussa
1047 1616 1068 1644 i.

274 1667 302 1688 0.
335 1658 453 1694 quibus
486 1663 516 1687 10
554 1659 667 1687 1011011
702 1659 850 1690 51010135.
907 1661 1070 1696 Quocirca

273 1713 338 1734 non
374 1709 425 1733 est
457 1705 542 1738 quod
574 1708 776 1739 argumentis
813 1711 846 1735 tu
878 1707 1069 1742 confuteris,

273 1758 380 1784 neque
412 1750 496 1778 enim
530 1750 569 1778 iis
599 1755 631 1778 tu
663 1752 826 1787 moveris,
859 1753 918 1781 sed
950 1754 1070 1780 volun·-

273 1800 355 1831 tate3
383 1802 484 1829 quare
502 1795 522 1831 i,
546 1803 686 1829 sequere
702 1797 838 1825 ltaliam.
880 1799 945 1826 Sed
961 1805 1071 1833 poena

273 1850 339 1870 non
364 1841 480 1876 deerit;
513 1848 574 1875 ego
593 1847 610 1869 3
632 1845 662 1869 10
674 1842 803 1878 relicta,
829 1850 914 1877 quae
934 1848 1069 1871 mortem

272 1887 351 1916 mibi
373 1887 595 1922 consciscam,
620 1889 733 1916 umbra
757 1888 812 1917 tibi
837 1890 975 1918 adstabo
1001 1889 1071 1917 ubi-

273 1940 336 1968 que
362 1936 391 1960 01
414 1935 444 1960 te
472 1939 662 1967 persequar.

321 1976 398 2006 381.
427 1974 612 2016 [sequere.
652 1979 700 2006 De
725 1978 918 2013 imperativo
943 1976 955 2007 i
982 1979 1068 2008 viam

274 2024 367 2052 alteri
390 2023 637 2058 praemuniente
664 2023 704 2052 cf.
727 2026 779 2052 Gr.
803 2024 824 2057 S
846 2022 926 2059 422,
950 2026 1012 2053 An.
1037 2024 1067 2053 5.

271 2070 352 2109 pete
380 2076 514 2109 regna.-
566 2070 602 2096 Id
632 2069 729 2097 etiam
762 2077 836 2098 cum
872 2070 906 2098 vi
938 2071 1069 2107 dictum,

275 2114 371 2148 quasi
407 2121 448 2142 03
476 2115 635 2148 regnandi
669 2115 787 2149 cupido
819 2116 963 2144 maxima
992 2124 1070 2152 pro-

274 2159 427 2188 fectionis
455 2167 577 2188 caussa
604 2160 654 2188 sit.
704 2160 751 2190 Cf.
778 2160 855 2189 356.

320 2203 397 2233 382.
420 2202 484 2245 pia
507 2202 664 2234 numina.
710 2207 757 2234 ne
783 2207 918 2235 deorum
947 2206 1070 2242 pietate

275 2249 312 2287 1,
339 2248 416 2279 603.

319 2294 397 2324 383.
425 2292 612 2335 Supplicia
636 2292 829 2325 hausurum
852 2294 1024 2337 scopulis,-

274 2349 302 2369 e.
328 2345 572 2376 concepturum.
623 2342 676 2370 Sic
701 2345 781 2370 Stat.
803 2343 923 2371 Achill.
951 2342 980 2381 t,
1002 2342 1070 2372 667

274 2383 420 2416 haurire
436 2395 579 2426 poenas.
617 2389 694 2415 Hor.
715 2390 781 2416 Sat.
809 2387 839 2424 l,
861 2387 892 2423 2,
912 2388 956 2416 78
979 2386 1071 2417 unde

275 2429 406 2461 laboris
429 2429 511 2471 plus
528 2429 671 2461 haurire
685 2430 772 2461 mali
790 2435 850 2462 est.
888 2434 953 2462 Cic.
970 2436 1068 2462 Tusc.

277 2477 313 2514 l,
349 2477 408 2514 35,
445 2476 490 2505 86
531 2474 797 2517 Propagaiione
839 2475 935 2506 vilae
976 2481 1068 2518 quot,

276 2525 445 2563 quantas,
478 2530 582 2562 quam
614 2520 835 2552 incredibiles
864 2520 985 2553 hausit
1011 2533 1069 2552 ca-

276 2564 476 2597 lumitates!
518 2569 633 2602 Itaque
659 2569 774 2596 mediis
801 2569 832 2597 in
853 2570 1004 2603 scopulis
1030 2572 1069 2598 ob

276 2618 422 2643 00511301
452 2613 601 2641 iniuriam
633 2622 707 2642 011111
737 2622 834 2648 spero
866 2615 1069 2643 interiturum

277 2663 307 2686 et
324 2667 430 2687 meum
454 2666 573 2687 nomen
590 2664 794 2696 vocaturum,
822 2667 997 2688 memorem
1018 2669 1068 2689 me

277 2709 409 2738 propter
426 2705 505 2733 talia
524 2713 561 2733 se
581 2712 601 2733 a
619 2705 680 2733 diis
706 2706 781 2740 pati.
800 2720 844 2724 —
864 2702 1068 2734 Hausurum

278 2757 335 2784 pro
362 2746 567 2778 hausturum
595 2757 647 2785 ap.
672 2755 788 2786 poetas
811 2750 852 2779 cf.
874 2753 925 2779 Gr.
948 2750 969 2783 ς
995 2751 1069 2780 186.

323 2792 399 2822 384.
429 2792 506 2824 Atri
529 2792 642 2835 ignes,
672 2795 794 2833 fumidi,
819 2801 851 2824 ut
876 2795 908 2832 8,
939 2796 1003 2824 198
1028 2797 1068 2826 cf.

275 2836 343 2866 255
368 2844 397 2867 et
423 2839 455 2874 7,
481 2838 547 2868 456
566 2842 681 2870 atrum
704 2839 829 2870 lumen.
882 2842 935 2870 Sic
954 2843 1070 2871 dicitur

277 2881 375 2924 ignis
396 2881 495 2923 picea
521 2893 660 2915 crassus
681 2885 840 2927 caligine
867 2889 902 2916 G.
928 2887 966 2923 2,
991 2888 1067 2917 309.

277 2930 354 2958 lnde
397 2930 491 2964 ignes
534 2936 609 2959 sunt
643 2932 704 2960 atri
740 2932 772 2960 in
811 2931 980 2962 funeribus
1014 2933 1066 2969 11,

277 2974 352 3003 186.
413 2974 461 3004 Cf.
493 2977 570 3004 Luc.
606 2976 644 3012 2,
679 2976 747 3006 299
785 2975 887 3007 Iuvat
923 2975 1066 3018 ignibus

276 3017 364 3048 atris
410 3018 597 3050 inseruisse
636 3030 761 3052 manus
802 3025 1068 3064 constructoque

1113 938 1252 972 aggere
1267 928 1360 962 busti
1378 928 1491 972 ipsum
1511 931 1611 959 atras
1629 924 1782 958 tenuisse
1800 925 1911 966 faces

1115 978 1175 1005 Ox.
1204 979 1239 1005 F.
1275 977 1312 1014 2,
1347 977 1411 1006 561
1452 973 1568 1006 Conde
1600 977 1681 1004 tuas
1715 970 1914 1013 Hymenaee

1107 1020 1212 1061 faces
1235 1024 1267 1052 et
1291 1020 1333 1051 ab
1359 1019 1502 1064 ignibus
1526 1018 1614 1050 atris
1636 1018 1761 1058 aufer;
1786 1015 1914 1047 habent

1114 1066 1209 1097 alias
1226 1070 1362 1097 maesta
1378 1065 1539 1108 sepulcra
1552 1065 1663 1104 [aces
1702 1066 1781 1094 Inde
1797 1066 1914 1094 atrum

1115 1122 1210 1142 omne
1238 1115 1267 1142 di
1272 1114 1364 1151 citur,
1392 1115 1476 1148 quod
1504 1113 1630 1148 infelix,
1661 1111 1711 1140 510
1737 1107 1812 1139 dies
1837 1111 1914 1139 ater

1115 1160 1243 1196 dicitur,
1270 1165 1299 1188 et
1327 1144 1455 1192 ignibus
1477 1159 1558 1188 atris
1582 1160 1825 1193 persequuntur
1842 1162 1913 1184 ma-

1115 1205 1229 1234 leficos
1253 1206 1371 1234 Furiae
1402 1206 1421 1233 i.
1457 1213 1484 1233 e.
1522 1206 1608 1233 mala
1638 1202 1846 1232 conscientia
1871 1200 1912 1229 cf.

1114 1250 1152 1286 3,
1185 1248 1263 1279 331.
1298 1266 1343 1270 —
1376 1252 1435 1280 Vel
1469 1252 1595 1278 absens
1629 1248 1792 1284 sequitur,
1829 1247 1850 1275 i.
1883 1254 1911 1274 e.

1114 1296 1222 1330 imago
1242 1300 1272 1324 et
1296 1297 1454 1325 memoria
1473 1296 1537 1324 mei
1563 1294 1742 1323 derelictae
1761 1298 1791 1322 te
1814 1295 1913 1327 anget

1115 1346 1144 1370 01
1173 1342 1349 1374 cruciabit:
1383 1349 1551 1376 nunquam
1586 1340 1754 1377 excuties,
1788 1340 1848 1368 sed
1880 1342 1913 1366 ttt

1116 1389 1229 1416 umbra
1251 1388 1306 1416 tibi
1324 1389 1524 1423 adhaerebo,
1547 1386 1675 1415 etiamsi
1692 1389 1820 1414 mortua
1840 1384 1912 1413 sim.

1116 1434 1170 1461 Sic
1200 1435 1313 1462 umbra
1337 1442 1390 1469 ap.
1417 1435 1522 1462 Plaut.
1550 1433 1626 1461 CaS.
1659 1431 1691 1469 1,
1718 1430 1752 1469 l,
1780 1429 1801 1458 3
1832 1427 1914 1459 Cer-

1116 1480 1186 1508 tum
1210 1481 1260 1508 est
1283 1476 1378 1514 mihi,
1405 1476 1508 1519 quasi
1533 1475 1668 1513 umbra,
1694 1485 1830 1517 quoquo
1847 1471 1914 1504 ibis

1116 1526 1166 1561 tu,
1195 1525 1227 1553 te
1250 1522 1421 1564 persequi.
1471 1521 1524 1553 Pl.
1550 1524 1594 1552 ita
1619 1523 1746 1552 ordinat
1771 1528 1912 1551 versus:

1119 1567 1257 1608 Sequar
1281 1575 1341 1599 etc.
1370 1569 1446 1598 384.
1474 1568 1551 1598 386.
1577 1568 1653 1597 385.
1679 1567 1756 1597 387.

1162 1613 1238 1643 385.
1265 1613 1386 1644 anima
1409 1612 1588 1644 seduxerit
1612 1616 1732 1644 artus:
1783 1614 1912 1648 eorpus

1114 1661 1212 1696 igitur
1235 1661 1364 1690 animae
1388 1661 1484 1696 quasi
1510 1660 1743 1688 vestimentum
1767 1663 1829 1688 est.

1163 1705 1240 1736 386.
1268 1704 1384 1736 Adero
1417 1715 1465 1735 50.
1492 1710 1523 1735 111
1547 1710 1577 1734 10
1603 1713 1732 1740 angam.
1781 1701 1914 1734 Adesse

1116 1752 1202 1780 enim
1231 1760 1299 1780 vox
1321 1753 1430 1781 media
1456 1757 1524 1789 est,
1557 1756 1588 1780 et
1612 1759 1675 1786 quo
1702 1751 1774 1786 quis
1800 1751 1912 1779 animo

1117 1798 1203 1826 311511
1250 1799 1386 1826 additur.
1467 1799 1516 1826 113
1567 1797 1686 1831 legitur
1733 1794 1912 1834 infensum

1118 1840 1240 1872 adesse
1265 1846 1343 1872 Sall.
1369 1845 1440 1878 lug.
1467 1843 1529 1880 50,
1564 1840 1728 1879 infestum
1754 1842 1827 1870 Liv.
1857 1841 1912 1877 25,

1118 1887 1171 1917 34.
1222 1890 1291 1917 Hoc
1316 1894 1424 1918 autem
1445 1890 1519 1917 loco
1547 1889 1632 1917 satis
1657 1888 1788 1916 animus
1810 1888 1914 1916 Dido—

1117 1934 1168 1962 nis
1201 1940 1297 1963 notus
1336 1940 1404 1971 est,
1448 1938 1480 1962 ut
1512 1934 1689 1968 quidquam
1719 1933 1793 1962 addi
1827 1941 1912 1968 opus

1118 1988 1181 2008 000
1204 1981 1255 2009 sit.
1275 1996 1318 1999 —
1340 1983 1413 2008 Erat
1439 1980 1575 2014 antiqua
1597 1979 1718 2016 opinio,
1745 1986 1810 2013 qua
1825 1986 1914 2008 mor-

1117 2030 1244 2054 tuorum
1270 2028 1385 2054 Manes
1412 2027 1452 2054 ab
1480 2033 1537 2061 00,
1573 2026 1627 2059 qui
1650 2025 1763 2054 mortis
1787 2031 1913 2054 caussa

1116 2071 1262 2108 fuerant,
1298 2078 1424 2106 poenas
1457 2075 1606 2106 repetere
1639 2072 1805 2106 putabant.
1863 2069 1912 2099 cf.

1117 2118 1193 2145 Hor.
1220 2119 1279 2152 Ep.
1305 2116 1342 2152 5,
1372 2117 1411 2146 91
1451 2113 1542 2154 Quin
1570 2114 1630 2145 ubi
1653 2113 1769 2156 perire
1796 2113 1914 2144 iussus

1117 2160 1363 2202 exspiravero3
1383 2164 1572 2191 nocturnus
1597 2168 1773 2190 occurram
1794 2159 1913 2198 furor,

1115 2210 1302 2248 petamque
1336 2205 1454 2237 vultus
1487 2205 1610 2236 umbra
1635 2203 1752 2235 curvis
1778 2203 1913 2247 ungui—

1117 2251 1196 2287 bus‚·
1224 2250 1339 2293 (quae
1362 2251 1414 2281 vis
1435 2250 1585 2281 Deorum
1608 2253 1658 2281 est
1674 2248 1858 2291 Manium)
1881 2253 1914 2282 et

1049 2297 1069 2326 i.
1116 2295 1282 2338 inquietis
1317 2295 1478 2327 assidens
1511 2294 1746 2337 praecordiis,
1782 2305 1914 2337 pavore

1116 2352 1254 2372 somnos
1278 2343 1453 2378 auferam.
1502 2344 1556 2372 Sic
1582 2346 1666 2372 Nero
1701 2347 1752 2372 est
1783 2350 1912 2380 „saepe

1117 2389 1296 2418 confessus
1331 2389 1490 2423 exagitari
1530 2397 1567 2418 se
1604 2394 1754 2418 materna
1785 2389 1911 2424 specie,

1117 2435 1310 2463 verberibus
1341 2436 1510 2463 Furiarum
1547 2442 1587 2463 ac
1627 2435 1731 2464 taedis
1768 2435 1912 2463 ardenti-

1117 2479 1210 2508 11115.“
1260 2483 1349 2509 Suet.
1374 2484 1445 2510 Ner.
1474 2479 1527 2509 34.
1578 2481 1660 2515 Quin
1687 2485 1719 2508 et
1740 2480 1827 2509 facto
1854 2488 1912 2515 per

1115 2528 1232 2560 Magos
1265 2534 1363 2554 sacro
1396 2534 1540 2555 evocare
1565 2529 1683 2555 Manes
1715 2530 1745 2554 01
1770 2533 1911 2555 exorare

1117 2571 1262 2599 tentavit.
1313 2573 1404 2600 Unde
1436 2572 1566 2601 facilior
1596 2579 1634 2601 03
1669 2572 1799 2600 videtur
1832 2579 1911 2601 esse

1116 2617 1312 2652 explicatio,
1346 2625 1408 2652 qua
1439 2626 1511 2646 eum
1537 2618 1628 2655 ipsa,
1661 2625 1757 2652 quum
1783 2623 1911 2646 mortua

1117 2662 1174 2696 511,
1216 2669 1443 2697 persequatur.
1511 2664 1632 2692 Verum
1668 2664 1784 2691 eadem
1822 2664 1910 2697 apud

1115 2707 1243 2736 Inferos
1265 2710 1447 2738 audituram
1467 2717 1504 2738 se
1529 2717 1655 2743 poenas
1676 2709 1813 2737 Aeneae
1831 2715 1910 2742 5110-

1116 2757 1174 2781 131.
1226 2756 1316 2782 Haec
1334 2755 1498 2784 contraria
1513 2758 1600 2783 sunt.
1636 2756 1688 2782 Ex
1705 2754 1756 2782 bis
1772 2753 1909 2782 difficul-

1115 2799 1235 2827 tatibus
1263 2809 1326 2828 non
1349 2808 1528 2835 possumus
1547 2799 1629 2829 53115
1654 2799 1819 2835 extricari,
1844 2799 1910 2828 nisi

1115 2845 1275 2874 sumimus
1296 2844 1452 2875 umbram
1472 2852 1646 2874 occurrere
1663 2845 1799 2873 Aeneae
1817 2852 1910 2872 eum-

1116 2898 1178 2924 que
1197 2895 1329 2926 terrere,
1357 2889 1513 2920 animam
1537 2891 1622 2925 apud
1647 2889 1772 2918 inferos
1793 2890 1908 2918 audire

1113 2936 1249 2964 Aeneae
1275 2944 1411 2971 poenas.
1460 2937 1547 2973 „Aut
1563 2934 1630 2964 386
1650 2933 1789 2964 3111387
1803 2937 1909 2964 abun-

1112 2982 1188 3009 dav·
1218 2978 1281 3010 Rb.
1307 2990 1337 3009 v.
1365 2980 1433 3010 387
1458 2982 1551 3010 uncis
1575 2981 1718 3009 inclusit.

1157 3025 1233 3055 387.
1263 3024 1388 3056 Manes
1410 3024 1472 3056 sub
1496 3023 1583 3056 imos
1603 3030 1633 3055 ut
1656 3025 1709 3062 11,
1736 3024 1798 3055 181
1824 3026 1845 3055 1.
1867 3033 1908 3061 0.,
