<?xml version="1.0" encoding="UTF-8"?>
<!DOCTYPE html PUBLIC "-//W3C//DTD XHTML 1.0 Transitional//EN"
    "http://www.w3.org/TR/xhtml1/DTD/xhtml1-transitional.dtd">
<html xmlns="http://www.w3.org/1999/xhtml" xml:lang="en" lang="en">
 <head>
  <title>
</title>
<meta http-equiv="Content-Type" content="text/html;charset=utf-8" />
  <meta name='ocr-system' content='tesseract 3.04.00' />
  <meta name='ocr-capabilities' content='ocr_page ocr_carea ocr_par ocr_line ocrx_word'/>
</head>
<body>
  <div class='ocr_page' id='page_1' title='image "aeneisvi00virguoft_0589.png"; bbox 0 0 2023 3350; ppageno 0'>
   <div class='ocr_carea' id='block_1_1' title="bbox 716 52 1147 88">
    <p class='ocr_par' dir='ltr' id='par_1_1' title="bbox 716 52 1147 88">
     <span class='ocr_line' id='line_1_1' title="bbox 716 52 1147 88; baseline 0.005 -3"><span class='ocrx_word' id='word_1_1' title='bbox 716 52 951 86; x_wconf 78' lang='lat' dir='ltr'><strong>AENEIDOS</strong></span> <span class='ocrx_word' id='word_1_2' title='bbox 980 56 1063 88; x_wconf 84' lang='lat' dir='ltr'>LIB.</span> <span class='ocrx_word' id='word_1_3' title='bbox 1090 56 1147 87; x_wconf 88' lang='lat' dir='ltr'>XI.</span> 
     </span>
    </p>
   </div>
   <div class='ocr_carea' id='block_1_2' title="bbox 116 167 1298 222">
    <p class='ocr_par' dir='ltr' id='par_1_2' title="bbox 116 167 1298 222">
     <span class='ocr_line' id='line_1_2' title="bbox 116 167 1298 222; baseline 0.003 -14"><span class='ocrx_word' id='word_1_4' title='bbox 116 167 213 221; x_wconf 87' lang='lat' dir='ltr'>Ipse</span> <span class='ocrx_word' id='word_1_5' title='bbox 253 168 347 209; x_wconf 86' lang='lat' dir='ltr'>sinu</span> <span class='ocrx_word' id='word_1_6' title='bbox 382 181 486 222; x_wconf 85' lang='lat' dir='ltr'>prae</span> <span class='ocrx_word' id='word_1_7' title='bbox 524 179 568 207; x_wconf 86' lang='lat' dir='ltr'>se</span> <span class='ocrx_word' id='word_1_8' title='bbox 605 168 784 220; x_wconf 83' lang='lat' dir='ltr'>portans</span> <span class='ocrx_word' id='word_1_9' title='bbox 819 167 920 220; x_wconf 76' lang='lat' dir='ltr'>iuga</span> <span class='ocrx_word' id='word_1_10' title='bbox 960 167 1087 221; x_wconf 79' lang='lat' dir='ltr'>longa</span> <span class='ocrx_word' id='word_1_11' title='bbox 1122 169 1298 222; x_wconf 81' lang='lat' dir='ltr'>petebat</span> 
     </span>
    </p>
   </div>
   <div class='ocr_carea' id='block_1_3' title="bbox 117 223 1400 280">
    <p class='ocr_par' dir='ltr' id='par_1_3' title="bbox 117 223 1400 280">
     <span class='ocr_line' id='line_1_3' title="bbox 117 223 1400 280; baseline 0.003 -14"><span class='ocrx_word' id='word_1_12' title='bbox 117 226 312 266; x_wconf 83' lang='lat' dir='ltr'>Solorum</span> <span class='ocrx_word' id='word_1_13' title='bbox 352 237 593 274; x_wconf 72' lang='lat' dir='ltr'>nemorum,</span> <span class='ocrx_word' id='word_1_14' title='bbox 630 223 717 264; x_wconf 85' lang='lat' dir='ltr'>tela</span> <span class='ocrx_word' id='word_1_15' title='bbox 752 223 940 278; x_wconf 80' lang='lat' dir='ltr'>undique</span> <span class='ocrx_word' id='word_1_16' title='bbox 978 239 1103 267; x_wconf 73' lang='lat' dir='ltr'>saeva</span> <span class='ocrx_word' id='word_1_17' title='bbox 1137 228 1400 280; x_wconf 74' lang='lat' dir='ltr'>premebant,</span> 
     </span>
    </p>
   </div>
   <div class='ocr_carea' id='block_1_4' title="bbox 115 280 1347 508">
    <p class='ocr_par' dir='ltr' id='par_1_4' title="bbox 116 280 1108 324">
     <span class='ocr_line' id='line_1_4' title="bbox 116 280 1108 324; baseline 0.001 -1"><span class='ocrx_word' id='word_1_18' title='bbox 116 283 172 323; x_wconf 87' lang='lat' dir='ltr'>Et</span> <span class='ocrx_word' id='word_1_19' title='bbox 211 282 467 323; x_wconf 85' lang='lat' dir='ltr'>circumfuso</span> <span class='ocrx_word' id='word_1_20' title='bbox 500 280 742 322; x_wconf 84' lang='lat' dir='ltr'>volitabant</span> <span class='ocrx_word' id='word_1_21' title='bbox 782 282 916 323; x_wconf 85' lang='lat' dir='ltr'>milite</span> <span class='ocrx_word' id='word_1_22' title='bbox 956 283 1108 324; x_wconf 77' lang='lat' dir='ltr'>Volsci.</span> 
     </span>
    </p>

    <p class='ocr_par' dir='ltr' id='par_1_5' title="bbox 115 338 1347 508">
     <span class='ocr_line' id='line_1_5' title="bbox 116 338 1347 392; baseline 0.001 -11"><span class='ocrx_word' id='word_1_23' title='bbox 116 340 245 391; x_wconf 90' lang='lat' dir='ltr'>Ecce,</span> <span class='ocrx_word' id='word_1_24' title='bbox 286 340 411 392; x_wconf 84' lang='lat' dir='ltr'>fugae</span> <span class='ocrx_word' id='word_1_25' title='bbox 445 338 605 390; x_wconf 88' lang='lat' dir='ltr'>medio,</span> <span class='ocrx_word' id='word_1_26' title='bbox 645 340 819 381; x_wconf 80' lang='lat' dir='ltr'>summis</span> <span class='ocrx_word' id='word_1_27' title='bbox 847 341 1081 382; x_wconf 74' lang='lat' dir='ltr'>Amasenus</span> <span class='ocrx_word' id='word_1_28' title='bbox 1122 340 1347 383; x_wconf 77' lang='lat' dir='ltr'>abundans</span> 
     </span>
     <span class='ocr_line' id='line_1_6' title="bbox 117 395 1191 450; baseline 0.002 -13"><span class='ocrx_word' id='word_1_29' title='bbox 117 396 352 450; x_wconf 79' lang='lat' dir='ltr'>Spumabat</span> <span class='ocrx_word' id='word_1_30' title='bbox 392 395 519 449; x_wconf 86' lang='lat' dir='ltr'>ripis;</span> <span class='ocrx_word' id='word_1_31' title='bbox 561 399 708 438; x_wconf 78' lang='lat' dir='ltr'>tantus</span> <span class='ocrx_word' id='word_1_32' title='bbox 746 411 790 438; x_wconf 89' lang='lat' dir='ltr'>se</span> <span class='ocrx_word' id='word_1_33' title='bbox 830 397 1014 439; x_wconf 82' lang='lat' dir='ltr'>nubibus</span> <span class='ocrx_word' id='word_1_34' title='bbox 1053 398 1191 439; x_wconf 89' lang='lat' dir='ltr'>imber</span> 
     </span>
     <span class='ocr_line' id='line_1_7' title="bbox 115 453 1280 508; baseline 0.001 -13"><span class='ocrx_word' id='word_1_35' title='bbox 115 455 315 508; x_wconf 76' lang='lat' dir='ltr'>Ruperat.</span> <span class='ocrx_word' id='word_1_36' title='bbox 370 453 470 504; x_wconf 87' lang='lat' dir='ltr'>Ille,</span> <span class='ocrx_word' id='word_1_37' title='bbox 513 453 662 495; x_wconf 82' lang='lat' dir='ltr'>innare</span> <span class='ocrx_word' id='word_1_38' title='bbox 701 469 879 508; x_wconf 84' lang='lat' dir='ltr'>parans,</span> <span class='ocrx_word' id='word_1_39' title='bbox 919 455 1096 497; x_wconf 82' lang='lat' dir='ltr'>infantis</span> <span class='ocrx_word' id='word_1_40' title='bbox 1135 469 1280 496; x_wconf 85' lang='lat' dir='ltr'>amore</span> 
     </span>
    </p>
   </div>
   <div class='ocr_carea' id='block_1_5' title="bbox 115 511 902 564">
    <p class='ocr_par' dir='ltr' id='par_1_6' title="bbox 115 511 902 564">
     <span class='ocr_line' id='line_1_8' title="bbox 115 511 902 564; baseline 0.001 -12"><span class='ocrx_word' id='word_1_41' title='bbox 115 511 345 559; x_wconf 83' lang='lat' dir='ltr'>Tardatur,</span> <span class='ocrx_word' id='word_1_42' title='bbox 385 524 572 564; x_wconf 86' lang='lat' dir='ltr'>caroque</span> <span class='ocrx_word' id='word_1_43' title='bbox 612 512 728 553; x_wconf 86' lang='lat' dir='ltr'>oneri</span> <span class='ocrx_word' id='word_1_44' title='bbox 768 513 902 554; x_wconf 84' lang='lat' dir='ltr'>timet.</span> 
     </span>
    </p>
   </div>
   <div class='ocr_carea' id='block_1_6' title="bbox 110 567 1370 792">
    <p class='ocr_par' dir='ltr' id='par_1_7' title="bbox 114 567 1163 612">
     <span class='ocr_line' id='line_1_9' title="bbox 114 567 1163 612; baseline 0.003 -4"><span class='ocrx_word' id='word_1_45' title='bbox 114 567 312 609; x_wconf 79' lang='lat' dir='ltr'>Versanti</span> <span class='ocrx_word' id='word_1_46' title='bbox 352 567 494 609; x_wconf 83' lang='lat' dir='ltr'>subito</span> <span class='ocrx_word' id='word_1_47' title='bbox 532 569 602 610; x_wconf 86' lang='lat' dir='ltr'>vix</span> <span class='ocrx_word' id='word_1_48' title='bbox 639 569 745 611; x_wconf 79' lang='lat' dir='ltr'>hacc</span> <span class='ocrx_word' id='word_1_49' title='bbox 785 571 996 611; x_wconf 80' lang='lat' dir='ltr'>sententia</span> <span class='ocrx_word' id='word_1_50' title='bbox 1036 570 1163 612; x_wconf 83' lang='lat' dir='ltr'>sedit:</span> 
     </span>
    </p>

    <p class='ocr_par' dir='ltr' id='par_1_8' title="bbox 110 625 1370 735">
     <span class='ocr_line' id='line_1_10' title="bbox 113 625 1370 681; baseline 0.002 -16"><span class='ocrx_word' id='word_1_51' title='bbox 113 625 257 666; x_wconf 87' lang='lat' dir='ltr'>Telum</span> <span class='ocrx_word' id='word_1_52' title='bbox 293 625 499 677; x_wconf 85' lang='lat' dir='ltr'>immane,</span> <span class='ocrx_word' id='word_1_53' title='bbox 541 641 668 668; x_wconf 80' lang='lat' dir='ltr'>manu</span> <span class='ocrx_word' id='word_1_54' title='bbox 705 627 849 669; x_wconf 83' lang='lat' dir='ltr'>valida</span> <span class='ocrx_word' id='word_1_55' title='bbox 886 628 1003 681; x_wconf 81' lang='lat' dir='ltr'>quod</span> <span class='ocrx_word' id='word_1_56' title='bbox 1042 628 1152 669; x_wconf 84' lang='lat' dir='ltr'>forte</span> <span class='ocrx_word' id='word_1_57' title='bbox 1195 626 1370 680; x_wconf 78' lang='lat' dir='ltr'>gerebat</span> 
     </span>
     <span class='ocr_line' id='line_1_11' title="bbox 110 682 1129 735; baseline 0.003 -12"><span class='ocrx_word' id='word_1_58' title='bbox 110 682 319 734; x_wconf 85' lang='lat' dir='ltr'>Bellator,</span> <span class='ocrx_word' id='word_1_59' title='bbox 355 684 540 724; x_wconf 82' lang='lat' dir='ltr'>solidum</span> <span class='ocrx_word' id='word_1_60' title='bbox 570 685 692 726; x_wconf 78' lang='lat' dir='ltr'>nodis</span> <span class='ocrx_word' id='word_1_61' title='bbox 729 689 771 726; x_wconf 87' lang='lat' dir='ltr'>et</span> <span class='ocrx_word' id='word_1_62' title='bbox 803 685 956 727; x_wconf 85' lang='lat' dir='ltr'>robore</span> <span class='ocrx_word' id='word_1_63' title='bbox 996 689 1129 735; x_wconf 85' lang='lat' dir='ltr'>cocto,</span> 
     </span>
    </p>

    <p class='ocr_par' dir='ltr' id='par_1_9' title="bbox 110 739 1284 792">
     <span class='ocr_line' id='line_1_12' title="bbox 110 739 1284 792; baseline 0.003 -12"><span class='ocrx_word' id='word_1_64' title='bbox 110 739 221 781; x_wconf 85' lang='lat' dir='ltr'>Huic</span> <span class='ocrx_word' id='word_1_65' title='bbox 256 744 419 792; x_wconf 83' lang='lat' dir='ltr'>natam,</span> <span class='ocrx_word' id='word_1_66' title='bbox 460 741 570 782; x_wconf 87' lang='lat' dir='ltr'>libro</span> <span class='ocrx_word' id='word_1_67' title='bbox 607 746 648 783; x_wconf 90' lang='lat' dir='ltr'>et</span> <span class='ocrx_word' id='word_1_68' title='bbox 680 743 863 784; x_wconf 80' lang='lat' dir='ltr'>silvestri</span> <span class='ocrx_word' id='word_1_69' title='bbox 893 743 1044 784; x_wconf 80' lang='lat' dir='ltr'>subere</span> <span class='ocrx_word' id='word_1_70' title='bbox 1083 742 1284 792; x_wconf 82' lang='lat' dir='ltr'>clausam,</span> 
     </span>
    </p>
   </div>
   <div class='ocr_carea' id='block_1_7' title="bbox 108 797 901 852">
    <p class='ocr_par' dir='ltr' id='par_1_10' title="bbox 108 797 901 852">
     <span class='ocr_line' id='line_1_13' title="bbox 108 797 901 852; baseline 0.004 -14"><span class='ocrx_word' id='word_1_71' title='bbox 108 797 310 851; x_wconf 84' lang='lat' dir='ltr'>Implicat</span> <span class='ocrx_word' id='word_1_72' title='bbox 346 804 475 852; x_wconf 84' lang='lat' dir='ltr'>atque</span> <span class='ocrx_word' id='word_1_73' title='bbox 515 799 705 841; x_wconf 84' lang='lat' dir='ltr'>habilem</span> <span class='ocrx_word' id='word_1_74' title='bbox 737 801 901 842; x_wconf 80' lang='lat' dir='ltr'>mediae</span> 
     </span>
    </p>
   </div>
   <div class='ocr_carea' id='block_1_8' title="bbox 108 855 1409 968">
    <p class='ocr_par' dir='ltr' id='par_1_11' title="bbox 108 855 1409 968">
     <span class='ocr_line' id='line_1_14' title="bbox 109 855 1409 910; baseline 0.001 -14"><span class='ocrx_word' id='word_1_75' title='bbox 109 855 246 905; x_wconf 80' lang='lat' dir='ltr'>Quam</span> <span class='ocrx_word' id='word_1_76' title='bbox 283 856 435 898; x_wconf 81' lang='lat' dir='ltr'>dextra</span> <span class='ocrx_word' id='word_1_77' title='bbox 471 857 633 910; x_wconf 80' lang='lat' dir='ltr'>ingenti</span> <span class='ocrx_word' id='word_1_78' title='bbox 666 858 829 899; x_wconf 83' lang='lat' dir='ltr'>librans</span> <span class='ocrx_word' id='word_1_79' title='bbox 866 859 929 899; x_wconf 89' lang='lat' dir='ltr'>ita</span> <span class='ocrx_word' id='word_1_80' title='bbox 962 858 1017 899; x_wconf 81' lang='lat' dir='ltr'>ad</span> <span class='ocrx_word' id='word_1_81' title='bbox 1055 858 1231 899; x_wconf 78' lang='lat' dir='ltr'>aethera</span> <span class='ocrx_word' id='word_1_82' title='bbox 1271 857 1409 898; x_wconf 77' lang='lat' dir='ltr'>fatur:</span> 
     </span>
     <span class='ocr_line' id='line_1_15' title="bbox 108 913 1395 968; baseline 0.001 -14"><span class='ocrx_word' id='word_1_83' title='bbox 108 913 250 964; x_wconf 84' lang='lat' dir='ltr'>Alma,</span> <span class='ocrx_word' id='word_1_84' title='bbox 291 913 370 954; x_wconf 85' lang='lat' dir='ltr'>tibi</span> <span class='ocrx_word' id='word_1_85' title='bbox 406 913 532 965; x_wconf 85' lang='lat' dir='ltr'>hanc,</span> <span class='ocrx_word' id='word_1_86' title='bbox 573 930 794 957; x_wconf 85' lang='lat' dir='ltr'>nemorum</span> <span class='ocrx_word' id='word_1_87' title='bbox 832 916 1007 967; x_wconf 79' lang='lat' dir='ltr'>cultrix,</span> <span class='ocrx_word' id='word_1_88' title='bbox 1043 915 1223 957; x_wconf 80' lang='lat' dir='ltr'>Latonia</span> <span class='ocrx_word' id='word_1_89' title='bbox 1262 915 1395 968; x_wconf 73' lang='lat' dir='ltr'>virgo,</span> 
     </span>
    </p>
   </div>
   <div class='ocr_carea' id='block_1_9' title="bbox 108 971 899 1025">
    <p class='ocr_par' dir='ltr' id='par_1_12' title="bbox 108 971 899 1025">
     <span class='ocr_line' id='line_1_16' title="bbox 108 971 899 1025; baseline 0.003 -13"><span class='ocrx_word' id='word_1_90' title='bbox 108 971 206 1023; x_wconf 82' lang='lat' dir='ltr'>Ipse</span> <span class='ocrx_word' id='word_1_91' title='bbox 242 976 365 1025; x_wconf 82' lang='lat' dir='ltr'>pater</span> <span class='ocrx_word' id='word_1_92' title='bbox 399 971 603 1013; x_wconf 77' lang='lat' dir='ltr'>famulam</span> <span class='ocrx_word' id='word_1_93' title='bbox 636 987 782 1025; x_wconf 80' lang='lat' dir='ltr'>vove03</span> <span class='ocrx_word' id='word_1_94' title='bbox 823 978 899 1014; x_wconf 81' lang='lat' dir='ltr'>tua</span> 
     </span>
    </p>
   </div>
   <div class='ocr_carea' id='block_1_10' title="bbox 107 1028 1367 1141">
    <p class='ocr_par' dir='ltr' id='par_1_13' title="bbox 107 1028 1367 1141">
     <span class='ocr_line' id='line_1_17' title="bbox 109 1028 984 1084; baseline 0.002 -15"><span class='ocrx_word' id='word_1_95' title='bbox 109 1028 212 1070; x_wconf 88' lang='lat' dir='ltr'>Tela</span> <span class='ocrx_word' id='word_1_96' title='bbox 248 1033 394 1070; x_wconf 85' lang='lat' dir='ltr'>tenens</span> <span class='ocrx_word' id='word_1_97' title='bbox 443 1030 623 1083; x_wconf 78' lang='lat' dir='ltr'>supplex</span> <span class='ocrx_word' id='word_1_98' title='bbox 656 1030 823 1072; x_wconf 83' lang='lat' dir='ltr'>hostem</span> <span class='ocrx_word' id='word_1_99' title='bbox 862 1031 984 1084; x_wconf 75' lang='lat' dir='ltr'>fugit.</span> 
     </span>
     <span class='ocr_line' id='line_1_18' title="bbox 107 1086 1367 1141; baseline 0.001 -14"><span class='ocrx_word' id='word_1_100' title='bbox 107 1086 218 1127; x_wconf 84' lang='lat' dir='ltr'>Diva</span> <span class='ocrx_word' id='word_1_101' title='bbox 260 1091 399 1136; x_wconf 87' lang='lat' dir='ltr'>tuam,</span> <span class='ocrx_word' id='word_1_102' title='bbox 439 1101 549 1141; x_wconf 82' lang='lat' dir='ltr'>quae</span> <span class='ocrx_word' id='word_1_103' title='bbox 588 1102 698 1129; x_wconf 87' lang='lat' dir='ltr'>nunc</span> <span class='ocrx_word' id='word_1_104' title='bbox 733 1088 876 1130; x_wconf 80' lang='lat' dir='ltr'>dubiis</span> <span class='ocrx_word' id='word_1_105' title='bbox 917 1088 1201 1129; x_wconf 81' lang='lat' dir='ltr'>committitur</span> <span class='ocrx_word' id='word_1_106' title='bbox 1239 1087 1367 1128; x_wconf 86' lang='lat' dir='ltr'>auris.</span> 
     </span>
    </p>
   </div>
   <div class='ocr_carea' id='block_1_11' title="bbox 931 60 1754 1126">
    <p class='ocr_par' dir='ltr' id='par_1_14' title="bbox 931 60 1754 1126">
     <span class='ocr_line' id='line_1_19' title="bbox 1675 60 1754 97; baseline 0 0"><span class='ocrx_word' id='word_1_107' title='bbox 1675 60 1754 97; x_wconf 76' lang='lat'>563</span> 
     </span>
     <span class='ocr_line' id='line_1_20' title="bbox 1672 232 1753 270; baseline 0.012 -1"><span class='ocrx_word' id='word_1_108' title='bbox 1672 232 1753 270; x_wconf 78' lang='lat'>545</span> 
     </span>
     <span class='ocr_line' id='line_1_21' title="bbox 963 513 1754 555; baseline 0.004 -3"><span class='ocrx_word' id='word_1_109' title='bbox 963 513 1115 554; x_wconf 83' lang='lat' dir='ltr'>Omnia</span> <span class='ocrx_word' id='word_1_110' title='bbox 1153 527 1295 554; x_wconf 80' lang='lat' dir='ltr'>secum</span> <span class='ocrx_word' id='word_1_111' title='bbox 1672 518 1754 555; x_wconf 75' lang='lat'>:350</span> 
     </span>
     <span class='ocr_line' id='line_1_22' title="bbox 937 800 1750 853; baseline -0.001 -12"><span class='ocrx_word' id='word_1_112' title='bbox 937 800 1207 853; x_wconf 78' lang='lat' dir='ltr'>circumligat</span> <span class='ocrx_word' id='word_1_113' title='bbox 1238 800 1406 849; x_wconf 69' lang='lat' dir='ltr'>hastae,</span> <span class='ocrx_word' id='word_1_114' title='bbox 1667 803 1750 841; x_wconf 73' lang='lat'>:355</span> 
     </span>
     <span class='ocr_line' id='line_1_23' title="bbox 931 974 1345 1026; baseline -0.005 -12"><span class='ocrx_word' id='word_1_115' title='bbox 931 974 1071 1026; x_wconf 84' lang='lat' dir='ltr'>prima</span> <span class='ocrx_word' id='word_1_116' title='bbox 1104 987 1180 1026; x_wconf 83' lang='lat' dir='ltr'>per</span> <span class='ocrx_word' id='word_1_117' title='bbox 1215 986 1345 1013; x_wconf 82' lang='lat' dir='ltr'>auras</span> 
     </span>
     <span class='ocr_line' id='line_1_24' title="bbox 1044 1031 1412 1084; baseline -0.005 -13"><span class='ocrx_word' id='word_1_118' title='bbox 1044 1031 1226 1084; x_wconf 82' lang='lat' dir='ltr'>Accipe,</span> <span class='ocrx_word' id='word_1_119' title='bbox 1264 1033 1412 1080; x_wconf 82' lang='lat' dir='ltr'>testor,</span> 
     </span>
     <span class='ocr_line' id='line_1_25' title="bbox 1669 1088 1752 1126; baseline 0 0"><span class='ocrx_word' id='word_1_120' title='bbox 1669 1088 1752 1126; x_wconf 80' lang='grc'>560</span> 
     </span>
    </p>
   </div>
   <div class='ocr_carea' id='block_1_12' title="bbox 107 1143 1234 1194">
    <p class='ocr_par' dir='ltr' id='par_1_15' title="bbox 107 1143 1234 1194">
     <span class='ocr_line' id='line_1_26' title="bbox 107 1143 1234 1194; baseline 0 -9"><span class='ocrx_word' id='word_1_121' title='bbox 107 1143 248 1194; x_wconf 76' lang='lat' dir='ltr'>Dixit,</span> <span class='ocrx_word' id='word_1_122' title='bbox 288 1148 329 1185; x_wconf 90' lang='lat' dir='ltr'>et</span> <span class='ocrx_word' id='word_1_123' title='bbox 367 1144 555 1186; x_wconf 82' lang='lat' dir='ltr'>adducto</span> <span class='ocrx_word' id='word_1_124' title='bbox 596 1150 837 1187; x_wconf 72' lang='lat' dir='ltr'>contortum</span> <span class='ocrx_word' id='word_1_125' title='bbox 873 1145 1029 1187; x_wconf 79' lang='lat' dir='ltr'>hastile</span> <span class='ocrx_word' id='word_1_126' title='bbox 1072 1146 1234 1187; x_wconf 82' lang='lat' dir='ltr'>lacerto</span> 
     </span>
    </p>
   </div>
   <div class='ocr_carea' id='block_1_13' title="bbox 105 1319 907 3007">
    <p class='ocr_par' dir='ltr' id='par_1_16' title="bbox 105 1319 907 2449">
     <span class='ocr_line' id='line_1_27' title="bbox 109 1319 907 1357; baseline 0.003 -10"><span class='ocrx_word' id='word_1_127' title='bbox 109 1323 141 1347; x_wconf 90' lang='lat' dir='ltr'>ut</span> <span class='ocrx_word' id='word_1_128' title='bbox 166 1319 308 1356; x_wconf 70' lang='lat' dir='ltr'>Virgilio</span> <span class='ocrx_word' id='word_1_129' title='bbox 339 1321 515 1357; x_wconf 73' lang='lat' dir='ltr'>indignam.</span> <span class='ocrx_word' id='word_1_130' title='bbox 566 1323 607 1350; x_wconf 81' lang='lat' dir='ltr'>At</span> <span class='ocrx_word' id='word_1_131' title='bbox 642 1329 836 1356; x_wconf 75' lang='lat' dir='ltr'>quamquam</span> <span class='ocrx_word' id='word_1_132' title='bbox 867 1324 907 1349; x_wconf 86' lang='lat' dir='ltr'>ab</span> 
     </span>
     <span class='ocr_line' id='line_1_28' title="bbox 106 1364 907 1402; baseline 0 -8"><span class='ocrx_word' id='word_1_133' title='bbox 106 1365 184 1394; x_wconf 82' lang='lat' dir='ltr'>aliis</span> <span class='ocrx_word' id='word_1_134' title='bbox 212 1367 294 1394; x_wconf 86' lang='lat' dir='ltr'>tales</span> <span class='ocrx_word' id='word_1_135' title='bbox 322 1372 397 1396; x_wconf 83' lang='lat' dir='ltr'>sunt</span> <span class='ocrx_word' id='word_1_136' title='bbox 413 1376 530 1396; x_wconf 83' lang='lat' dir='ltr'>versus</span> <span class='ocrx_word' id='word_1_137' title='bbox 556 1368 640 1396; x_wconf 88' lang='lat' dir='ltr'>illati</span> <span class='ocrx_word' id='word_1_138' title='bbox 663 1367 722 1401; x_wconf 80' lang='lat' dir='ltr'>[cf.</span> <span class='ocrx_word' id='word_1_139' title='bbox 741 1368 771 1402; x_wconf 81' lang='lat'>6,</span> <span class='ocrx_word' id='word_1_140' title='bbox 790 1364 855 1394; x_wconf 74' lang='lat'>242</span> <span class='ocrx_word' id='word_1_141' title='bbox 877 1371 907 1394; x_wconf 87' lang='lat' dir='ltr'>et</span> 
     </span>
     <span class='ocr_line' id='line_1_29' title="bbox 108 1409 905 1450; baseline 0.004 -13"><span class='ocrx_word' id='word_1_142' title='bbox 108 1409 138 1442; x_wconf 81' lang='lat'>3.</span> <span class='ocrx_word' id='word_1_143' title='bbox 163 1409 273 1448; x_wconf 59' lang='lat'>7020,</span> <span class='ocrx_word' id='word_1_144' title='bbox 300 1418 374 1441; x_wconf 85' lang='lat' dir='ltr'>sunt</span> <span class='ocrx_word' id='word_1_145' title='bbox 399 1418 504 1442; x_wconf 87' lang='lat' dir='ltr'>tamen</span> <span class='ocrx_word' id='word_1_146' title='bbox 535 1414 613 1450; x_wconf 87' lang='lat' dir='ltr'>alii,</span> <span class='ocrx_word' id='word_1_147' title='bbox 654 1414 707 1447; x_wconf 85' lang='lat' dir='ltr'>qui</span> <span class='ocrx_word' id='word_1_148' title='bbox 738 1413 820 1440; x_wconf 85' lang='lat' dir='ltr'>satis</span> <span class='ocrx_word' id='word_1_149' title='bbox 854 1412 905 1440; x_wconf 78' lang='lat' dir='ltr'>tir-</span> 
     </span>
     <span class='ocr_line' id='line_1_30' title="bbox 106 1457 904 1495; baseline 0.001 -10"><span class='ocrx_word' id='word_1_150' title='bbox 106 1461 235 1486; x_wconf 86' lang='lat' dir='ltr'>mantur</span> <span class='ocrx_word' id='word_1_151' title='bbox 261 1457 299 1486; x_wconf 84' lang='lat' dir='ltr'>cf.</span> <span class='ocrx_word' id='word_1_152' title='bbox 332 1457 357 1494; x_wconf 87' lang='lat' dir='ltr'>l,</span> <span class='ocrx_word' id='word_1_153' title='bbox 389 1457 467 1494; x_wconf 82' lang='lat' dir='ltr'>to9;</span> <span class='ocrx_word' id='word_1_154' title='bbox 491 1460 545 1493; x_wconf 89' lang='lat' dir='ltr'>qui</span> <span class='ocrx_word' id='word_1_155' title='bbox 571 1461 672 1495; x_wconf 79' lang='lat' dir='ltr'>locus,</span> <span class='ocrx_word' id='word_1_156' title='bbox 710 1465 904 1492; x_wconf 80' lang='lat' dir='ltr'>quamquam</span> 
     </span>
     <span class='ocr_line' id='line_1_31' title="bbox 106 1503 904 1541; baseline 0.003 -11"><span class='ocrx_word' id='word_1_157' title='bbox 106 1503 234 1537; x_wconf 87' lang='lat' dir='ltr'>ineptus</span> <span class='ocrx_word' id='word_1_158' title='bbox 260 1504 370 1532; x_wconf 86' lang='lat' dir='ltr'>multis</span> <span class='ocrx_word' id='word_1_159' title='bbox 392 1505 487 1533; x_wconf 79' lang='lat' dir='ltr'>visus</span> <span class='ocrx_word' id='word_1_160' title='bbox 512 1509 576 1541; x_wconf 84' lang='lat' dir='ltr'>est,</span> <span class='ocrx_word' id='word_1_161' title='bbox 614 1505 696 1533; x_wconf 85' lang='lat' dir='ltr'>satis</span> <span class='ocrx_word' id='word_1_162' title='bbox 719 1508 825 1533; x_wconf 87' lang='lat' dir='ltr'>tamen</span> <span class='ocrx_word' id='word_1_163' title='bbox 850 1505 904 1532; x_wconf 91' lang='lat' dir='ltr'>de-</span> 
     </span>
     <span class='ocr_line' id='line_1_32' title="bbox 106 1547 903 1587; baseline 0.003 -11"><span class='ocrx_word' id='word_1_164' title='bbox 106 1548 255 1584; x_wconf 78' lang='lat' dir='ltr'>fenditnr,</span> <span class='ocrx_word' id='word_1_165' title='bbox 281 1551 363 1584; x_wconf 84' lang='lat' dir='ltr'>quod</span> <span class='ocrx_word' id='word_1_166' title='bbox 390 1550 495 1584; x_wconf 85' lang='lat' dir='ltr'>Quint.</span> <span class='ocrx_word' id='word_1_167' title='bbox 520 1549 552 1587; x_wconf 78' lang='lat'>8,</span> <span class='ocrx_word' id='word_1_168' title='bbox 580 1548 610 1586; x_wconf 74' lang='lat'>2,</span> <span class='ocrx_word' id='word_1_169' title='bbox 639 1547 680 1578; x_wconf 74' lang='lat'>14</span> <span class='ocrx_word' id='word_1_170' title='bbox 710 1558 782 1578; x_wconf 88' lang='lat' dir='ltr'>eum</span> <span class='ocrx_word' id='word_1_171' title='bbox 805 1550 903 1586; x_wconf 81' lang='lat' dir='ltr'>affert,</span> 
     </span>
     <span class='ocr_line' id='line_1_33' title="bbox 106 1593 903 1632; baseline 0.003 -10"><span class='ocrx_word' id='word_1_172' title='bbox 106 1598 140 1623; x_wconf 79' lang='lat' dir='ltr'>ut</span> <span class='ocrx_word' id='word_1_173' title='bbox 165 1595 335 1629; x_wconf 85' lang='lat' dir='ltr'>vituperet.</span> <span class='ocrx_word' id='word_1_174' title='bbox 382 1597 476 1625; x_wconf 85' lang='lat' dir='ltr'>Adde</span> <span class='ocrx_word' id='word_1_175' title='bbox 503 1593 530 1632; x_wconf 80' lang='lat'>1,</span> <span class='ocrx_word' id='word_1_176' title='bbox 557 1594 632 1624; x_wconf 84' lang='lat'>367.</span> <span class='ocrx_word' id='word_1_177' title='bbox 657 1594 734 1623; x_wconf 71' lang='lat'>421.</span> <span class='ocrx_word' id='word_1_178' title='bbox 770 1595 798 1631; x_wconf 85' lang='lat'>3,</span> <span class='ocrx_word' id='word_1_179' title='bbox 827 1594 903 1624; x_wconf 82' lang='grc'><strong>335.</strong></span> 
     </span>
     <span class='ocr_line' id='line_1_34' title="bbox 106 1638 904 1678; baseline 0.001 -10"><span class='ocrx_word' id='word_1_180' title='bbox 106 1640 203 1677; x_wconf 86' lang='lat' dir='ltr'>Alia,</span> <span class='ocrx_word' id='word_1_181' title='bbox 242 1645 276 1669; x_wconf 87' lang='lat' dir='ltr'>ut</span> <span class='ocrx_word' id='word_1_182' title='bbox 308 1638 347 1678; x_wconf 80' lang='lat'>8,</span> <span class='ocrx_word' id='word_1_183' title='bbox 378 1638 452 1670; x_wconf 74' lang='lat'>149.</span> <span class='ocrx_word' id='word_1_184' title='bbox 489 1639 696 1670; x_wconf 73' lang='lat'>263—272.</span> <span class='ocrx_word' id='word_1_185' title='bbox 722 1640 799 1670; x_wconf 83' lang='lat'>331.</span> <span class='ocrx_word' id='word_1_186' title='bbox 828 1639 904 1678; x_wconf 82' lang='lat'>338,</span> 
     </span>
     <span class='ocr_line' id='line_1_35' title="bbox 105 1687 905 1722; baseline 0.001 -8"><span class='ocrx_word' id='word_1_187' title='bbox 105 1687 163 1715; x_wconf 85' lang='lat' dir='ltr'>vel</span> <span class='ocrx_word' id='word_1_188' title='bbox 188 1688 376 1716; x_wconf 87' lang='lat' dir='ltr'>necessaria</span> <span class='ocrx_word' id='word_1_189' title='bbox 400 1692 474 1716; x_wconf 82' lang='lat' dir='ltr'>sunt</span> <span class='ocrx_word' id='word_1_190' title='bbox 492 1689 534 1717; x_wconf 85' lang='lat' dir='ltr'>ad</span> <span class='ocrx_word' id='word_1_191' title='bbox 555 1688 760 1716; x_wconf 84' lang='lat' dir='ltr'>sententiam.</span> <span class='ocrx_word' id='word_1_192' title='bbox 798 1688 905 1722; x_wconf 78' lang='lat' dir='ltr'>Atque</span> 
     </span>
     <span class='ocr_line' id='line_1_36' title="bbox 107 1731 904 1770; baseline 0.001 -10"><span class='ocrx_word' id='word_1_193' title='bbox 107 1731 234 1760; x_wconf 88' lang='lat' dir='ltr'>omnino</span> <span class='ocrx_word' id='word_1_194' title='bbox 257 1733 392 1770; x_wconf 79' lang='lat' dir='ltr'>antiqui,</span> <span class='ocrx_word' id='word_1_195' title='bbox 419 1742 483 1762; x_wconf 90' lang='lat' dir='ltr'>non</span> <span class='ocrx_word' id='word_1_196' title='bbox 510 1735 616 1762; x_wconf 84' lang='lat' dir='ltr'>solum</span> <span class='ocrx_word' id='word_1_197' title='bbox 642 1738 765 1768; x_wconf 82' lang='lat' dir='ltr'>poetae,</span> <span class='ocrx_word' id='word_1_198' title='bbox 799 1733 832 1761; x_wconf 87' lang='lat' dir='ltr'>in</span> <span class='ocrx_word' id='word_1_199' title='bbox 856 1734 904 1761; x_wconf 90' lang='lat' dir='ltr'>lo-</span> 
     </span>
     <span class='ocr_line' id='line_1_37' title="bbox 107 1779 904 1816; baseline -0.001 -9"><span class='ocrx_word' id='word_1_200' title='bbox 107 1785 217 1807; x_wconf 86' lang='lat' dir='ltr'>corum</span> <span class='ocrx_word' id='word_1_201' title='bbox 242 1779 468 1816; x_wconf 74' lang='lat' dir='ltr'>descriptione,</span> <span class='ocrx_word' id='word_1_202' title='bbox 496 1782 666 1808; x_wconf 85' lang='lat' dir='ltr'>verborum</span> <span class='ocrx_word' id='word_1_203' title='bbox 692 1779 904 1815; x_wconf 80' lang='lat' dir='ltr'>derivatione,</span> 
     </span>
     <span class='ocr_line' id='line_1_38' title="bbox 107 1825 905 1862; baseline 0 -10"><span class='ocrx_word' id='word_1_204' title='bbox 107 1831 214 1852; x_wconf 85' lang='lat' dir='ltr'>rerum</span> <span class='ocrx_word' id='word_1_205' title='bbox 240 1825 460 1862; x_wconf 72' lang='lat' dir='ltr'>expositione,</span> <span class='ocrx_word' id='word_1_206' title='bbox 501 1826 585 1860; x_wconf 81' lang='lat' dir='ltr'>quod</span> <span class='ocrx_word' id='word_1_207' title='bbox 631 1825 806 1861; x_wconf 85' lang='lat' dir='ltr'>legentium</span> <span class='ocrx_word' id='word_1_208' title='bbox 841 1832 905 1853; x_wconf 92' lang='lat' dir='ltr'>non</span> 
     </span>
     <span class='ocr_line' id='line_1_39' title="bbox 107 1869 905 1907; baseline 0.001 -10"><span class='ocrx_word' id='word_1_209' title='bbox 107 1869 299 1906; x_wconf 76' lang='lat' dir='ltr'>ignorabant</span> <span class='ocrx_word' id='word_1_210' title='bbox 323 1871 549 1907; x_wconf 79' lang='lat' dir='ltr'>ignorantiam,</span> <span class='ocrx_word' id='word_1_211' title='bbox 575 1873 678 1899; x_wconf 85' lang='lat' dir='ltr'>multa</span> <span class='ocrx_word' id='word_1_212' title='bbox 705 1871 905 1905; x_wconf 77' lang='lat' dir='ltr'>addiderunt,</span> 
     </span>
     <span class='ocr_line' id='line_1_40' title="bbox 105 1916 904 1952; baseline -0.001 -8"><span class='ocrx_word' id='word_1_213' title='bbox 105 1922 190 1950; x_wconf 84' lang='lat' dir='ltr'>quae</span> <span class='ocrx_word' id='word_1_214' title='bbox 228 1924 289 1944; x_wconf 86' lang='lat' dir='ltr'>nos</span> <span class='ocrx_word' id='word_1_215' title='bbox 329 1916 439 1951; x_wconf 87' lang='lat' dir='ltr'>inepta</span> <span class='ocrx_word' id='word_1_216' title='bbox 468 1925 541 1945; x_wconf 83' lang='lat' dir='ltr'>esse</span> <span class='ocrx_word' id='word_1_217' title='bbox 573 1917 762 1952; x_wconf 81' lang='lat' dir='ltr'>opinamur,</span> <span class='ocrx_word' id='word_1_218' title='bbox 807 1924 904 1951; x_wconf 85' lang='lat' dir='ltr'>quum</span> 
     </span>
     <span class='ocr_line' id='line_1_41' title="bbox 105 1962 904 1998; baseline 0 -8"><span class='ocrx_word' id='word_1_219' title='bbox 105 1966 217 1990; x_wconf 83' lang='lat' dir='ltr'>nostra</span> <span class='ocrx_word' id='word_1_220' title='bbox 240 1966 345 1991; x_wconf 83' lang='lat' dir='ltr'>aetate</span> <span class='ocrx_word' id='word_1_221' title='bbox 363 1963 510 1991; x_wconf 81' lang='lat' dir='ltr'>homines</span> <span class='ocrx_word' id='word_1_222' title='bbox 535 1970 649 1991; x_wconf 86' lang='lat' dir='ltr'>earum</span> <span class='ocrx_word' id='word_1_223' title='bbox 673 1970 779 1991; x_wconf 87' lang='lat' dir='ltr'>rerum</span> <span class='ocrx_word' id='word_1_224' title='bbox 799 1962 904 1998; x_wconf 85' lang='lat' dir='ltr'>magis</span> 
     </span>
     <span class='ocr_line' id='line_1_42' title="bbox 106 2007 903 2045; baseline 0 -9"><span class='ocrx_word' id='word_1_225' title='bbox 106 2007 171 2036; x_wconf 85' lang='lat' dir='ltr'>sint</span> <span class='ocrx_word' id='word_1_226' title='bbox 196 2008 291 2042; x_wconf 85' lang='lat' dir='ltr'>periti</span> <span class='ocrx_word' id='word_1_227' title='bbox 314 2012 370 2036; x_wconf 85' lang='lat' dir='ltr'>aut</span> <span class='ocrx_word' id='word_1_228' title='bbox 394 2013 478 2037; x_wconf 85' lang='lat' dir='ltr'>certe</span> <span class='ocrx_word' id='word_1_229' title='bbox 499 2008 605 2045; x_wconf 86' lang='lat' dir='ltr'>magis</span> <span class='ocrx_word' id='word_1_230' title='bbox 630 2009 779 2043; x_wconf 78' lang='lat' dir='ltr'>peritiam</span> <span class='ocrx_word' id='word_1_231' title='bbox 802 2008 903 2036; x_wconf 91' lang='lat' dir='ltr'>simu-</span> 
     </span>
     <span class='ocr_line' id='line_1_43' title="bbox 105 2054 903 2088; baseline 0 -7"><span class='ocrx_word' id='word_1_232' title='bbox 105 2054 179 2082; x_wconf 82' lang='lat' dir='ltr'>lent.</span> <span class='ocrx_word' id='word_1_233' title='bbox 225 2054 311 2088; x_wconf 79' lang='lat' dir='ltr'>Quod</span> <span class='ocrx_word' id='word_1_234' title='bbox 337 2055 449 2083; x_wconf 87' lang='lat' dir='ltr'>deinde</span> <span class='ocrx_word' id='word_1_235' title='bbox 475 2056 619 2083; x_wconf 83' lang='lat' dir='ltr'>absurda</span> <span class='ocrx_word' id='word_1_236' title='bbox 639 2063 712 2083; x_wconf 82' lang='lat' dir='ltr'>esse</span> <span class='ocrx_word' id='word_1_237' title='bbox 738 2054 903 2083; x_wconf 87' lang='lat' dir='ltr'>dicuntur:</span> 
     </span>
     <span class='ocr_line' id='line_1_44' title="bbox 106 2097 903 2138; baseline 0.001 -11"><span class='ocrx_word' id='word_1_238' title='bbox 106 2107 211 2138; x_wconf 80' lang='lat' dir='ltr'>quum</span> <span class='ocrx_word' id='word_1_239' title='bbox 250 2098 444 2135; x_wconf 70' lang='lat' dir='ltr'>excederet,</span> <span class='ocrx_word' id='word_1_240' title='bbox 497 2097 639 2129; x_wconf 81' lang='lat' dir='ltr'>sustulit</span> <span class='ocrx_word' id='word_1_241' title='bbox 683 2102 715 2129; x_wconf 83' lang='lat' dir='ltr'>et</span> <span class='ocrx_word' id='word_1_242' title='bbox 754 2097 903 2137; x_wconf 77' lang='lat' dir='ltr'>vocavit,</span> 
     </span>
     <span class='ocr_line' id='line_1_45' title="bbox 105 2145 905 2183; baseline 0.001 -10"><span class='ocrx_word' id='word_1_243' title='bbox 105 2145 222 2180; x_wconf 80' lang='lat' dir='ltr'>„qnasi</span> <span class='ocrx_word' id='word_1_244' title='bbox 251 2149 342 2180; x_wconf 86' lang='lat' dir='ltr'>pater</span> <span class='ocrx_word' id='word_1_245' title='bbox 371 2146 453 2175; x_wconf 88' lang='lat' dir='ltr'>inter</span> <span class='ocrx_word' id='word_1_246' title='bbox 485 2146 596 2183; x_wconf 81' lang='lat' dir='ltr'>fugam</span> <span class='ocrx_word' id='word_1_247' title='bbox 626 2151 656 2175; x_wconf 87' lang='lat' dir='ltr'>et</span> <span class='ocrx_word' id='word_1_248' title='bbox 688 2153 830 2182; x_wconf 76' lang='lat' dir='ltr'>pugnarn</span> <span class='ocrx_word' id='word_1_249' title='bbox 868 2147 905 2174; x_wconf 86' lang='lat' dir='ltr'>de</span> 
     </span>
     <span class='ocr_line' id='line_1_46' title="bbox 106 2190 905 2228; baseline 0.001 -10"><span class='ocrx_word' id='word_1_250' title='bbox 106 2191 234 2219; x_wconf 86' lang='lat' dir='ltr'>nomine</span> <span class='ocrx_word' id='word_1_251' title='bbox 262 2191 382 2221; x_wconf 84' lang='lat' dir='ltr'>filiolae</span> <span class='ocrx_word' id='word_1_252' title='bbox 415 2190 641 2228; x_wconf 78' lang='lat' dir='ltr'>cogitaverit,“</span> <span class='ocrx_word' id='word_1_253' title='bbox 683 2196 733 2220; x_wconf 82' lang='lat' dir='ltr'>est</span> <span class='ocrx_word' id='word_1_254' title='bbox 763 2199 803 2220; x_wconf 85' lang='lat' dir='ltr'>ea</span> <span class='ocrx_word' id='word_1_255' title='bbox 830 2200 905 2220; x_wconf 86' lang='lat' dir='ltr'>sen-</span> 
     </span>
     <span class='ocr_line' id='line_1_47' title="bbox 106 2236 904 2275; baseline 0.001 -11"><span class='ocrx_word' id='word_1_256' title='bbox 106 2236 204 2264; x_wconf 82' lang='lat' dir='ltr'>tentia</span> <span class='ocrx_word' id='word_1_257' title='bbox 221 2237 302 2274; x_wconf 73' lang='lat' dir='ltr'>eiuS,</span> <span class='ocrx_word' id='word_1_258' title='bbox 327 2238 383 2273; x_wconf 82' lang='lat' dir='ltr'>qui</span> <span class='ocrx_word' id='word_1_259' title='bbox 401 2239 541 2274; x_wconf 84' lang='lat' dir='ltr'>argutiis</span> <span class='ocrx_word' id='word_1_260' title='bbox 556 2238 664 2275; x_wconf 86' lang='lat' dir='ltr'>utitur,</span> <span class='ocrx_word' id='word_1_261' title='bbox 690 2242 724 2266; x_wconf 90' lang='lat' dir='ltr'>ut</span> <span class='ocrx_word' id='word_1_262' title='bbox 746 2240 904 2273; x_wconf 84' lang='lat' dir='ltr'>obscuret,</span> 
     </span>
     <span class='ocr_line' id='line_1_48' title="bbox 105 2282 904 2319; baseline 0.001 -9"><span class='ocrx_word' id='word_1_263' title='bbox 105 2290 169 2310; x_wconf 89' lang='lat' dir='ltr'>non</span> <span class='ocrx_word' id='word_1_264' title='bbox 199 2282 340 2312; x_wconf 84' lang='lat' dir='ltr'>illustret</span> <span class='ocrx_word' id='word_1_265' title='bbox 374 2288 487 2318; x_wconf 87' lang='lat' dir='ltr'>poetae</span> <span class='ocrx_word' id='word_1_266' title='bbox 519 2286 637 2319; x_wconf 70' lang='lat' dir='ltr'>verba,</span> <span class='ocrx_word' id='word_1_267' title='bbox 688 2292 789 2318; x_wconf 82' lang='lat' dir='ltr'>neque</span> <span class='ocrx_word' id='word_1_268' title='bbox 818 2283 904 2311; x_wconf 89' lang='lat' dir='ltr'>enim</span> 
     </span>
     <span class='ocr_line' id='line_1_49' title="bbox 106 2328 905 2362; baseline 0.003 -6"><span class='ocrx_word' id='word_1_269' title='bbox 106 2331 200 2362; x_wconf 86' lang='lat' dir='ltr'>poeta</span> <span class='ocrx_word' id='word_1_270' title='bbox 219 2328 393 2358; x_wconf 82' lang='lat' dir='ltr'>camillam</span> <span class='ocrx_word' id='word_1_271' title='bbox 417 2330 535 2359; x_wconf 86' lang='lat' dir='ltr'>dictam</span> <span class='ocrx_word' id='word_1_272' title='bbox 559 2338 634 2359; x_wconf 84' lang='lat' dir='ltr'>esse</span> <span class='ocrx_word' id='word_1_273' title='bbox 657 2330 753 2358; x_wconf 81' lang='lat' dir='ltr'>refert</span> <span class='ocrx_word' id='word_1_274' title='bbox 773 2337 809 2358; x_wconf 89' lang='lat' dir='ltr'>eo</span> <span class='ocrx_word' id='word_1_275' title='bbox 825 2334 905 2358; x_wconf 78' lang='lat' dir='ltr'>tein-</span> 
     </span>
     <span class='ocr_line' id='line_1_50' title="bbox 107 2372 905 2414; baseline 0.003 -12"><span class='ocrx_word' id='word_1_276' title='bbox 107 2382 192 2410; x_wconf 83' lang='lat' dir='ltr'>pore,</span> <span class='ocrx_word' id='word_1_277' title='bbox 221 2382 283 2408; x_wconf 77' lang='grc' dir='ltr'>(μω</span> <span class='ocrx_word' id='word_1_278' title='bbox 309 2377 493 2406; x_wconf 83' lang='lat' dir='ltr'>excedebat.</span> <span class='ocrx_word' id='word_1_279' title='bbox 527 2373 576 2405; x_wconf 88' lang='lat' dir='ltr'>Pl.</span> <span class='ocrx_word' id='word_1_280' title='bbox 602 2377 684 2405; x_wconf 84' lang='lat' dir='ltr'>delet</span> <span class='ocrx_word' id='word_1_281' title='bbox 712 2372 905 2414; x_wconf 76' lang='lat' dir='ltr'>matrisque</span> 
     </span>
     <span class='ocr_line' id='line_1_51' title="bbox 106 2416 375 2449; baseline 0.007 -2"><span class='ocrx_word' id='word_1_282' title='bbox 106 2432 151 2439; x_wconf 91' lang='lat'>—-</span> <span class='ocrx_word' id='word_1_283' title='bbox 177 2416 375 2449; x_wconf 79' lang='lat' dir='ltr'>Camillam.</span> 
     </span>
    </p>

    <p class='ocr_par' dir='ltr' id='par_1_17' title="bbox 105 2461 906 2686">
     <span class='ocr_line' id='line_1_52' title="bbox 152 2461 904 2505; baseline 0.004 -13"><span class='ocrx_word' id='word_1_284' title='bbox 152 2461 228 2493; x_wconf 88' lang='grc'>544.</span> <span class='ocrx_word' id='word_1_285' title='bbox 254 2463 327 2504; x_wconf 78' lang='lat' dir='ltr'>ipse</span> <span class='ocrx_word' id='word_1_286' title='bbox 351 2464 446 2504; x_wconf 82' lang='lat' dir='ltr'>sinu,</span> <span class='ocrx_word' id='word_1_287' title='bbox 485 2471 517 2495; x_wconf 88' lang='lat' dir='ltr'>ut</span> <span class='ocrx_word' id='word_1_288' title='bbox 542 2463 615 2505; x_wconf 74' lang='lat' dir='ltr'>ipse</span> <span class='ocrx_word' id='word_1_289' title='bbox 644 2474 750 2495; x_wconf 82' lang='lat' dir='ltr'>mauu</span> <span class='ocrx_word' id='word_1_290' title='bbox 775 2466 904 2496; x_wconf 88' lang='lat' dir='ltr'>dictum.</span> 
     </span>
     <span class='ocr_line' id='line_1_53' title="bbox 109 2507 904 2549; baseline 0.003 -10"><span class='ocrx_word' id='word_1_291' title='bbox 109 2510 156 2539; x_wconf 81' lang='lat' dir='ltr'>Cf.</span> <span class='ocrx_word' id='word_1_292' title='bbox 184 2507 212 2546; x_wconf 78' lang='lat'>2,</span> <span class='ocrx_word' id='word_1_293' title='bbox 246 2508 321 2539; x_wconf 86' lang='grc'>645.</span> <span class='ocrx_word' id='word_1_294' title='bbox 354 2528 389 2531; x_wconf 92' lang='grc'>-</span> <span class='ocrx_word' id='word_1_295' title='bbox 418 2514 534 2549; x_wconf 83' lang='lat' dir='ltr'>„longe</span> <span class='ocrx_word' id='word_1_296' title='bbox 563 2512 689 2549; x_wconf 80' lang='lat' dir='ltr'>posita,</span> <span class='ocrx_word' id='word_1_297' title='bbox 722 2513 904 2541; x_wconf 80' lang='lat' dir='ltr'>remotiora.</span> 
     </span>
     <span class='ocr_line' id='line_1_54' title="bbox 107 2554 906 2599; baseline 0.004 -15"><span class='ocrx_word' id='word_1_298' title='bbox 107 2557 303 2585; x_wconf 86' lang='lat' dir='ltr'>Sallustius:</span> <span class='ocrx_word' id='word_1_299' title='bbox 350 2554 396 2586; x_wconf 79' lang='lat' dir='ltr'>Et</span> <span class='ocrx_word' id='word_1_300' title='bbox 436 2555 574 2586; x_wconf 77' lang='lat' dir='ltr'>Metello</span> <span class='ocrx_word' id='word_1_301' title='bbox 615 2556 738 2595; x_wconf 80' lang='lat' dir='ltr'>procul</span> <span class='ocrx_word' id='word_1_302' title='bbox 776 2561 906 2599; x_wconf 76' lang='lat' dir='ltr'>agente</span> 
     </span>
     <span class='ocr_line' id='line_1_55' title="bbox 105 2599 906 2641; baseline 0.004 -11"><span class='ocrx_word' id='word_1_303' title='bbox 105 2599 216 2640; x_wconf 68' lang='lat' dir='ltr'>longa</span> <span class='ocrx_word' id='word_1_304' title='bbox 257 2610 335 2641; x_wconf 80' lang='lat' dir='ltr'>spes</span> <span class='ocrx_word' id='word_1_305' title='bbox 367 2600 581 2632; x_wconf 65' lang='lat' dir='ltr'>auxiliorum</span> <span class='ocrx_word' id='word_1_306' title='bbox 616 2604 638 2632; x_wconf 92' lang='lat' dir='ltr'>i.</span> <span class='ocrx_word' id='word_1_307' title='bbox 673 2612 700 2632; x_wconf 85' lang='lat' dir='ltr'>e.</span> <span class='ocrx_word' id='word_1_308' title='bbox 736 2606 829 2640; x_wconf 79' lang='lat' dir='ltr'>longe</span> <span class='ocrx_word' id='word_1_309' title='bbox 855 2612 906 2633; x_wconf 89' lang='lat' dir='ltr'>re-</span> 
     </span>
     <span class='ocr_line' id='line_1_56' title="bbox 107 2646 542 2686; baseline 0.002 -10"><span class='ocrx_word' id='word_1_310' title='bbox 107 2646 227 2677; x_wconf 71' lang='lat' dir='ltr'>niota.“</span> <span class='ocrx_word' id='word_1_311' title='bbox 251 2649 282 2676; x_wconf 90' lang='lat' dir='ltr'>S.</span> <span class='ocrx_word' id='word_1_312' title='bbox 333 2648 380 2677; x_wconf 82' lang='lat' dir='ltr'>Cf.</span> <span class='ocrx_word' id='word_1_313' title='bbox 410 2647 461 2686; x_wconf 76' lang='lat'>12,</span> <span class='ocrx_word' id='word_1_314' title='bbox 489 2646 542 2677; x_wconf 69' lang='lat'>³2.</span> 
     </span>
    </p>

    <p class='ocr_par' dir='ltr' id='par_1_18' title="bbox 110 2690 904 2779">
     <span class='ocr_line' id='line_1_57' title="bbox 151 2690 904 2731; baseline 0.003 -9"><span class='ocrx_word' id='word_1_315' title='bbox 151 2691 228 2722; x_wconf 86' lang='grc'>545.</span> <span class='ocrx_word' id='word_1_316' title='bbox 255 2690 423 2731; x_wconf 86' lang='lat' dir='ltr'>solorum,</span> <span class='ocrx_word' id='word_1_317' title='bbox 463 2695 661 2723; x_wconf 88' lang='lat' dir='ltr'>desertorum</span> <span class='ocrx_word' id='word_1_318' title='bbox 694 2694 732 2724; x_wconf 83' lang='lat' dir='ltr'>cf.</span> <span class='ocrx_word' id='word_1_319' title='bbox 763 2694 792 2731; x_wconf 90' lang='grc'>5,</span> <span class='ocrx_word' id='word_1_320' title='bbox 828 2693 904 2724; x_wconf 83' lang='grc'><strong>613.</strong></span> 
     </span>
     <span class='ocr_line' id='line_1_58' title="bbox 110 2737 690 2779; baseline 0 -11"><span class='ocrx_word' id='word_1_321' title='bbox 110 2754 146 2759; x_wconf 85' lang='lat'>—</span> <span class='ocrx_word' id='word_1_322' title='bbox 170 2737 261 2779; x_wconf 72' lang='lat' dir='ltr'>iuga</span> <span class='ocrx_word' id='word_1_323' title='bbox 286 2747 464 2768; x_wconf 85' lang='lat' dir='ltr'>nemorum</span> <span class='ocrx_word' id='word_1_324' title='bbox 490 2740 532 2769; x_wconf 77' lang='lat' dir='ltr'>cf.</span> <span class='ocrx_word' id='word_1_325' title='bbox 559 2737 589 2776; x_wconf 85' lang='grc'>6,</span> <span class='ocrx_word' id='word_1_326' title='bbox 614 2738 690 2768; x_wconf 77' lang='grc'><strong>256.</strong></span> 
     </span>
    </p>

    <p class='ocr_par' dir='ltr' id='par_1_19' title="bbox 106 2782 904 2871">
     <span class='ocr_line' id='line_1_59' title="bbox 151 2782 904 2825; baseline 0.004 -12"><span class='ocrx_word' id='word_1_327' title='bbox 151 2783 228 2814; x_wconf 81' lang='grc'>546.</span> <span class='ocrx_word' id='word_1_328' title='bbox 258 2782 454 2815; x_wconf 83' lang='lat' dir='ltr'>volitabant</span> <span class='ocrx_word' id='word_1_329' title='bbox 486 2786 526 2815; x_wconf 83' lang='lat' dir='ltr'>cf.</span> <span class='ocrx_word' id='word_1_330' title='bbox 561 2786 625 2814; x_wconf 85' lang='lat' dir='ltr'>Cir.</span> <span class='ocrx_word' id='word_1_331' title='bbox 666 2785 729 2815; x_wconf 73' lang='grc'>117</span> <span class='ocrx_word' id='word_1_332' title='bbox 771 2785 904 2825; x_wconf 79' lang='lat' dir='ltr'>Infesta</span> 
     </span>
     <span class='ocr_line' id='line_1_60' title="bbox 106 2828 859 2871; baseline 0.003 -12"><span class='ocrx_word' id='word_1_333' title='bbox 106 2828 153 2860; x_wconf 80' lang='lat' dir='ltr'>ad</span> <span class='ocrx_word' id='word_1_334' title='bbox 177 2837 292 2860; x_wconf 80' lang='lat' dir='ltr'>muros</span> <span class='ocrx_word' id='word_1_335' title='bbox 321 2829 511 2861; x_wconf 72' lang='lat' dir='ltr'>volitantes</span> <span class='ocrx_word' id='word_1_336' title='bbox 537 2828 688 2871; x_wconf 80' lang='lat' dir='ltr'>agmina</span> <span class='ocrx_word' id='word_1_337' title='bbox 713 2834 859 2861; x_wconf 76' lang='lat' dir='ltr'>turmae.</span> 
     </span>
    </p>

    <p class='ocr_par' dir='ltr' id='par_1_20' title="bbox 107 2874 905 3007">
     <span class='ocr_line' id='line_1_61' title="bbox 152 2874 905 2917; baseline 0.004 -13"><span class='ocrx_word' id='word_1_338' title='bbox 152 2874 228 2905; x_wconf 73' lang='grc'>547.</span> <span class='ocrx_word' id='word_1_339' title='bbox 248 2876 370 2917; x_wconf 73' lang='lat' dir='ltr'>fugae</span> <span class='ocrx_word' id='word_1_340' title='bbox 402 2874 515 2906; x_wconf 83' lang='lat' dir='ltr'>medio</span> <span class='ocrx_word' id='word_1_341' title='bbox 551 2878 648 2913; x_wconf 86' lang='lat' dir='ltr'>„dum</span> <span class='ocrx_word' id='word_1_342' title='bbox 682 2877 779 2915; x_wconf 78' lang='lat' dir='ltr'>fugit,</span> <span class='ocrx_word' id='word_1_343' title='bbox 821 2879 905 2907; x_wconf 84' lang='lat' dir='ltr'>inter</span> 
     </span>
     <span class='ocr_line' id='line_1_62' title="bbox 107 2921 903 2961; baseline 0.001 -10"><span class='ocrx_word' id='word_1_344' title='bbox 107 2921 225 2958; x_wconf 79' lang='lat' dir='ltr'>fugam.</span> <span class='ocrx_word' id='word_1_345' title='bbox 257 2924 340 2952; x_wconf 81' lang='lat' dir='ltr'>Nam</span> <span class='ocrx_word' id='word_1_346' title='bbox 364 2922 534 2959; x_wconf 77' lang='lat' dir='ltr'>figuratum</span> <span class='ocrx_word' id='word_1_347' title='bbox 557 2922 641 2951; x_wconf 65' lang='lat' dir='ltr'>estf‘</span> <span class='ocrx_word' id='word_1_348' title='bbox 662 2924 695 2952; x_wconf 90' lang='lat' dir='ltr'>S.</span> <span class='ocrx_word' id='word_1_349' title='bbox 720 2923 757 2952; x_wconf 84' lang='lat' dir='ltr'>ct&#39;.</span> <span class='ocrx_word' id='word_1_350' title='bbox 779 2921 806 2961; x_wconf 80' lang='lat' dir='ltr'>l,</span> <span class='ocrx_word' id='word_1_351' title='bbox 826 2921 903 2952; x_wconf 76' lang='lat'>422.</span> 
     </span>
     <span class='ocr_line' id='line_1_63' title="bbox 110 2966 740 3007; baseline 0 -10"><span class='ocrx_word' id='word_1_352' title='bbox 110 2982 148 2988; x_wconf 84' lang='lat'>—-</span> <span class='ocrx_word' id='word_1_353' title='bbox 177 2967 372 2998; x_wconf 77' lang='lat' dir='ltr'>Amasenus</span> <span class='ocrx_word' id='word_1_354' title='bbox 393 2969 514 2998; x_wconf 82' lang='lat' dir='ltr'>fluvius</span> <span class='ocrx_word' id='word_1_355' title='bbox 539 2969 577 2998; x_wconf 85' lang='lat' dir='ltr'>of.</span> <span class='ocrx_word' id='word_1_356' title='bbox 606 2966 637 3007; x_wconf 82' lang='lat'>7,</span> <span class='ocrx_word' id='word_1_357' title='bbox 661 2966 740 2997; x_wconf 80' lang='grc'><strong>685.</strong></span> 
     </span>
    </p>
   </div>
   <div class='ocr_carea' id='block_1_14' title="bbox 928 1318 1782 2995">
    <p class='ocr_par' dir='ltr' id='par_1_21' title="bbox 952 1318 1750 1491">
     <span class='ocr_line' id='line_1_64' title="bbox 1001 1318 1750 1352; baseline 0 -6"><span class='ocrx_word' id='word_1_358' title='bbox 1001 1318 1076 1348; x_wconf 62' lang='lat' dir='ltr'>sis.</span> <span class='ocrx_word' id='word_1_359' title='bbox 1104 1322 1208 1347; x_wconf 85' lang='lat' dir='ltr'>Imber</span> <span class='ocrx_word' id='word_1_360' title='bbox 1238 1327 1273 1347; x_wconf 84' lang='lat' dir='ltr'>se</span> <span class='ocrx_word' id='word_1_361' title='bbox 1304 1319 1443 1346; x_wconf 80' lang='lat' dir='ltr'>nubibus</span> <span class='ocrx_word' id='word_1_362' title='bbox 1469 1323 1613 1352; x_wconf 78' lang='lat' dir='ltr'>ruperat,</span> <span class='ocrx_word' id='word_1_363' title='bbox 1653 1319 1691 1347; x_wconf 85' lang='lat' dir='ltr'>cf.</span> <span class='ocrx_word' id='word_1_364' title='bbox 1720 1318 1750 1351; x_wconf 71' lang='lat'>3,</span> 
     </span>
     <span class='ocr_line' id='line_1_65' title="bbox 954 1362 1749 1401; baseline 0 -9"><span class='ocrx_word' id='word_1_365' title='bbox 954 1362 1043 1401; x_wconf 57' lang='lat'>416„</span> <span class='ocrx_word' id='word_1_366' title='bbox 1085 1367 1228 1393; x_wconf 76' lang='lat' dir='ltr'>solverat</span> <span class='ocrx_word' id='word_1_367' title='bbox 1260 1373 1331 1393; x_wconf 83' lang='lat' dir='ltr'>cuin</span> <span class='ocrx_word' id='word_1_368' title='bbox 1357 1364 1410 1400; x_wconf 81' lang='lat' dir='ltr'>vi,</span> <span class='ocrx_word' id='word_1_369' title='bbox 1450 1369 1546 1397; x_wconf 74' lang='lat' dir='ltr'>atque</span> <span class='ocrx_word' id='word_1_370' title='bbox 1579 1365 1749 1393; x_wconf 76' lang='lat' dir='ltr'>deciderat.</span> 
     </span>
     <span class='ocr_line' id='line_1_66' title="bbox 954 1409 1746 1439; baseline -0.001 -1"><span class='ocrx_word' id='word_1_371' title='bbox 954 1412 1089 1439; x_wconf 84' lang='lat' dir='ltr'>Flumen</span> <span class='ocrx_word' id='word_1_372' title='bbox 1114 1411 1226 1438; x_wconf 74' lang='lat' dir='ltr'>inultis</span> <span class='ocrx_word' id='word_1_373' title='bbox 1254 1409 1411 1437; x_wconf 81' lang='lat' dir='ltr'>imbribus</span> <span class='ocrx_word' id='word_1_374' title='bbox 1439 1413 1509 1437; x_wconf 79' lang='lat' dir='ltr'>erat</span> <span class='ocrx_word' id='word_1_375' title='bbox 1538 1415 1678 1438; x_wconf 80' lang='lat' dir='ltr'>auctum.</span> <span class='ocrx_word' id='word_1_376' title='bbox 1708 1425 1746 1429; x_wconf 90' lang='lat'><strong>—</strong></span> 
     </span>
     <span class='ocr_line' id='line_1_67' title="bbox 952 1454 1702 1491; baseline -0.003 -6"><span class='ocrx_word' id='word_1_377' title='bbox 952 1459 1072 1485; x_wconf 55' lang='lat' dir='ltr'>tantu&lt;</span> <span class='ocrx_word' id='word_1_378' title='bbox 1099 1456 1119 1484; x_wconf 86' lang='lat' dir='ltr'>i.</span> <span class='ocrx_word' id='word_1_379' title='bbox 1147 1466 1172 1484; x_wconf 88' lang='lat' dir='ltr'>e.</span> <span class='ocrx_word' id='word_1_380' title='bbox 1201 1456 1365 1484; x_wconf 80' lang='lat' dir='ltr'>maximus</span> <span class='ocrx_word' id='word_1_381' title='bbox 1390 1455 1474 1483; x_wconf 89' lang='lat' dir='ltr'>enim</span> <span class='ocrx_word' id='word_1_382' title='bbox 1501 1455 1539 1483; x_wconf 78' lang='lat' dir='ltr'>cf.</span> <span class='ocrx_word' id='word_1_383' title='bbox 1568 1455 1599 1491; x_wconf 79' lang='lat'>5,</span> <span class='ocrx_word' id='word_1_384' title='bbox 1627 1454 1702 1483; x_wconf 72' lang='lat'>⁴04.</span> 
     </span>
    </p>

    <p class='ocr_par' dir='ltr' id='par_1_22' title="bbox 951 1498 1750 1906">
     <span class='ocr_line' id='line_1_68' title="bbox 996 1498 1750 1531; baseline 0 -2"><span class='ocrx_word' id='word_1_385' title='bbox 996 1500 1073 1530; x_wconf 83' lang='grc'><strong>551.</strong></span> <span class='ocrx_word' id='word_1_386' title='bbox 1102 1499 1276 1530; x_wconf 76' lang='lat' dir='ltr'>sententia</span> <span class='ocrx_word' id='word_1_387' title='bbox 1289 1499 1396 1529; x_wconf 73' lang='lat' dir='ltr'>sedit.-</span> <span class='ocrx_word' id='word_1_388' title='bbox 1412 1498 1750 1531; x_wconf 50' lang='lat' dir='ltr'>enatis—subito</span> 
     </span>
     <span class='ocr_line' id='line_1_69' title="bbox 951 1545 1750 1583; baseline -0.003 -6"><span class='ocrx_word' id='word_1_389' title='bbox 951 1545 1025 1577; x_wconf 68' lang='lat' dir='ltr'>vix:</span> <span class='ocrx_word' id='word_1_390' title='bbox 1053 1550 1088 1576; x_wconf 88' lang='lat' dir='ltr'>In</span> <span class='ocrx_word' id='word_1_391' title='bbox 1110 1555 1237 1576; x_wconf 75' lang='lat' dir='ltr'>summa</span> <span class='ocrx_word' id='word_1_392' title='bbox 1255 1547 1341 1575; x_wconf 81' lang='lat' dir='ltr'>enim</span> <span class='ocrx_word' id='word_1_393' title='bbox 1355 1555 1460 1575; x_wconf 86' lang='lat' dir='ltr'>rerum</span> <span class='ocrx_word' id='word_1_394' title='bbox 1476 1548 1640 1575; x_wconf 79' lang='lat' dir='ltr'>anxietate</span> <span class='ocrx_word' id='word_1_395' title='bbox 1655 1555 1750 1583; x_wconf 73' lang='lat' dir='ltr'>aegre</span> 
     </span>
     <span class='ocr_line' id='line_1_70' title="bbox 951 1593 1749 1629; baseline 0 -7"><span class='ocrx_word' id='word_1_396' title='bbox 951 1594 1095 1629; x_wconf 83' lang='lat' dir='ltr'>pervenit</span> <span class='ocrx_word' id='word_1_397' title='bbox 1132 1595 1171 1622; x_wconf 85' lang='lat' dir='ltr'>ad</span> <span class='ocrx_word' id='word_1_398' title='bbox 1199 1598 1317 1622; x_wconf 66' lang='lat' dir='ltr'>«tertam</span> <span class='ocrx_word' id='word_1_399' title='bbox 1340 1593 1550 1622; x_wconf 80' lang='lat' dir='ltr'>sententiam.</span> <span class='ocrx_word' id='word_1_400' title='bbox 1580 1595 1635 1622; x_wconf 86' lang='lat' dir='ltr'>sed</span> <span class='ocrx_word' id='word_1_401' title='bbox 1656 1601 1749 1622; x_wconf 82' lang='lat' dir='ltr'>acce-</span> 
     </span>
     <span class='ocr_line' id='line_1_71' title="bbox 951 1640 1750 1674; baseline -0.001 -6"><span class='ocrx_word' id='word_1_402' title='bbox 951 1641 1043 1668; x_wconf 85' lang='lat' dir='ltr'>dente</span> <span class='ocrx_word' id='word_1_403' title='bbox 1069 1640 1200 1674; x_wconf 84' lang='lat' dir='ltr'>propius</span> <span class='ocrx_word' id='word_1_404' title='bbox 1231 1640 1373 1673; x_wconf 89' lang='lat' dir='ltr'>periculo</span> <span class='ocrx_word' id='word_1_405' title='bbox 1406 1647 1530 1667; x_wconf 87' lang='lat' dir='ltr'>omnem</span> <span class='ocrx_word' id='word_1_406' title='bbox 1564 1640 1664 1668; x_wconf 83' lang='lat' dir='ltr'>vineit</span> <span class='ocrx_word' id='word_1_407' title='bbox 1691 1641 1750 1667; x_wconf 88' lang='lat' dir='ltr'>dn-</span> 
     </span>
     <span class='ocr_line' id='line_1_72' title="bbox 952 1685 1749 1721; baseline 0 -8"><span class='ocrx_word' id='word_1_408' title='bbox 952 1686 1136 1714; x_wconf 85' lang='lat' dir='ltr'>bitationem</span> <span class='ocrx_word' id='word_1_409' title='bbox 1167 1685 1340 1719; x_wconf 83' lang='lat' dir='ltr'>statimque</span> <span class='ocrx_word' id='word_1_410' title='bbox 1368 1685 1463 1721; x_wconf 80' lang='lat' dir='ltr'>facit,</span> <span class='ocrx_word' id='word_1_411' title='bbox 1510 1686 1592 1719; x_wconf 83' lang='lat' dir='ltr'>quod</span> <span class='ocrx_word' id='word_1_412' title='bbox 1621 1691 1749 1720; x_wconf 85' lang='lat' dir='ltr'>ceperat</span> 
     </span>
     <span class='ocr_line' id='line_1_73' title="bbox 952 1730 1746 1765; baseline 0 -6"><span class='ocrx_word' id='word_1_413' title='bbox 952 1731 1135 1760; x_wconf 84' lang='lat' dir='ltr'>consilium.</span> <span class='ocrx_word' id='word_1_414' title='bbox 1186 1732 1296 1765; x_wconf 84' lang='lat' dir='ltr'>Itaque</span> <span class='ocrx_word' id='word_1_415' title='bbox 1329 1733 1428 1759; x_wconf 86' lang='lat' dir='ltr'>verba</span> <span class='ocrx_word' id='word_1_416' title='bbox 1470 1730 1646 1764; x_wconf 65' lang='lat' dir='ltr'>iunguntur</span> <span class='ocrx_word' id='word_1_417' title='bbox 1680 1732 1746 1760; x_wconf 85' lang='lat' dir='ltr'>sic:</span> 
     </span>
     <span class='ocr_line' id='line_1_74' title="bbox 952 1776 1749 1809; baseline 0 -4"><span class='ocrx_word' id='word_1_418' title='bbox 952 1777 1105 1805; x_wconf 68' lang='lat' dir='ltr'>Versanti</span> <span class='ocrx_word' id='word_1_419' title='bbox 1141 1777 1246 1804; x_wconf 86' lang='lat' dir='ltr'>subito</span> <span class='ocrx_word' id='word_1_420' title='bbox 1281 1776 1363 1804; x_wconf 84' lang='lat' dir='ltr'>sedit</span> <span class='ocrx_word' id='word_1_421' title='bbox 1393 1777 1570 1809; x_wconf 75' lang='lat' dir='ltr'>sententia,</span> <span class='ocrx_word' id='word_1_422' title='bbox 1616 1777 1677 1804; x_wconf 78' lang='lat' dir='ltr'>vix</span> <span class='ocrx_word' id='word_1_423' title='bbox 1709 1785 1749 1805; x_wconf 81' lang='lat' dir='ltr'>ea</span> 
     </span>
     <span class='ocr_line' id='line_1_75' title="bbox 953 1822 1745 1858; baseline -0.001 -7"><span class='ocrx_word' id='word_1_424' title='bbox 953 1823 1036 1851; x_wconf 85' lang='lat' dir='ltr'>sedit</span> <span class='ocrx_word' id='word_1_425' title='bbox 1061 1823 1231 1858; x_wconf 79' lang='lat' dir='ltr'>sententia,</span> <span class='ocrx_word' id='word_1_426' title='bbox 1267 1822 1411 1856; x_wconf 85' lang='lat' dir='ltr'>implicat</span> <span class='ocrx_word' id='word_1_427' title='bbox 1437 1827 1507 1857; x_wconf 82' lang='lat' dir='ltr'>etc.,</span> <span class='ocrx_word' id='word_1_428' title='bbox 1531 1822 1551 1850; x_wconf 89' lang='lat' dir='ltr'>i.</span> <span class='ocrx_word' id='word_1_429' title='bbox 1576 1832 1603 1851; x_wconf 84' lang='lat' dir='ltr'>e.</span> <span class='ocrx_word' id='word_1_430' title='bbox 1625 1822 1745 1851; x_wconf 86' lang='lat' dir='ltr'>statim.</span> 
     </span>
     <span class='ocr_line' id='line_1_76' title="bbox 953 1865 1624 1906; baseline -0.003 -8"><span class='ocrx_word' id='word_1_431' title='bbox 953 1869 992 1898; x_wconf 88' lang='lat' dir='ltr'>cf.</span> <span class='ocrx_word' id='word_1_432' title='bbox 1019 1869 1049 1903; x_wconf 82' lang='grc'>5,</span> <span class='ocrx_word' id='word_1_433' title='bbox 1075 1866 1151 1896; x_wconf 58' lang='grc'><strong>857.</strong></span> <span class='ocrx_word' id='word_1_434' title='bbox 1185 1865 1234 1896; x_wconf 83' lang='grc' dir='ltr'>ΡΙ.</span> <span class='ocrx_word' id='word_1_435' title='bbox 1265 1868 1347 1896; x_wconf 85' lang='lat' dir='ltr'>coni.</span> <span class='ocrx_word' id='word_1_436' title='bbox 1365 1866 1446 1906; x_wconf 73' lang='lat' dir='ltr'>fixa</span> <span class='ocrx_word' id='word_1_437' title='bbox 1475 1875 1530 1902; x_wconf 85' lang='lat' dir='ltr'>pro</span> <span class='ocrx_word' id='word_1_438' title='bbox 1557 1865 1624 1896; x_wconf 68' lang='lat' dir='ltr'>vix.</span> 
     </span>
    </p>

    <p class='ocr_par' dir='ltr' id='par_1_23' title="bbox 951 1910 1748 2126">
     <span class='ocr_line' id='line_1_77' title="bbox 998 1910 1747 1952; baseline 0 -11"><span class='ocrx_word' id='word_1_439' title='bbox 998 1912 1074 1941; x_wconf 78' lang='grc'><strong>552.</strong></span> <span class='ocrx_word' id='word_1_440' title='bbox 1099 1915 1199 1949; x_wconf 82' lang='lat' dir='ltr'>Iunge</span> <span class='ocrx_word' id='word_1_441' title='bbox 1224 1911 1322 1951; x_wconf 73' lang='lat' dir='ltr'>Quod</span> <span class='ocrx_word' id='word_1_442' title='bbox 1348 1910 1455 1942; x_wconf 77' lang='lat' dir='ltr'>telum</span> <span class='ocrx_word' id='word_1_443' title='bbox 1478 1911 1499 1941; x_wconf 86' lang='lat' dir='ltr'>i.</span> <span class='ocrx_word' id='word_1_444' title='bbox 1527 1921 1568 1941; x_wconf 81' lang='lat' dir='ltr'>m.</span> <span class='ocrx_word' id='word_1_445' title='bbox 1592 1911 1747 1952; x_wconf 75' lang='lat' dir='ltr'>gerebat,</span> 
     </span>
     <span class='ocr_line' id='line_1_78' title="bbox 952 1956 1747 1989; baseline -0.001 -1"><span class='ocrx_word' id='word_1_446' title='bbox 952 1956 1032 1988; x_wconf 76' lang='lat' dir='ltr'>huic</span> <span class='ocrx_word' id='word_1_447' title='bbox 1050 1981 1057 1988; x_wconf 91' lang='lat'>.</span> <span class='ocrx_word' id='word_1_448' title='bbox 1076 1981 1082 1987; x_wconf 88' lang='lat'>.</span> <span class='ocrx_word' id='word_1_449' title='bbox 1099 1981 1105 1988; x_wconf 89' lang='lat'>.</span> <span class='ocrx_word' id='word_1_450' title='bbox 1137 1964 1166 1988; x_wconf 88' lang='lat' dir='ltr'>et</span> <span class='ocrx_word' id='word_1_451' title='bbox 1190 1960 1298 1988; x_wconf 86' lang='lat' dir='ltr'>omnia</span> <span class='ocrx_word' id='word_1_452' title='bbox 1322 1957 1435 1988; x_wconf 82' lang='lat' dir='ltr'>facilia</span> <span class='ocrx_word' id='word_1_453' title='bbox 1455 1964 1540 1987; x_wconf 89' lang='lat' dir='ltr'>sunt.</span> <span class='ocrx_word' id='word_1_454' title='bbox 1567 1960 1653 1987; x_wconf 82' lang='lat' dir='ltr'>Nihil</span> <span class='ocrx_word' id='word_1_455' title='bbox 1672 1968 1747 1989; x_wconf 85' lang='lat' dir='ltr'>con-</span> 
     </span>
     <span class='ocr_line' id='line_1_79' title="bbox 952 2005 1748 2041; baseline 0 -7"><span class='ocrx_word' id='word_1_456' title='bbox 952 2006 1083 2034; x_wconf 84' lang='lat' dir='ltr'>ferimus</span> <span class='ocrx_word' id='word_1_457' title='bbox 1109 2007 1149 2034; x_wconf 82' lang='lat' dir='ltr'>ad</span> <span class='ocrx_word' id='word_1_458' title='bbox 1183 2007 1310 2034; x_wconf 82' lang='lat' dir='ltr'>landem</span> <span class='ocrx_word' id='word_1_459' title='bbox 1343 2010 1470 2041; x_wconf 85' lang='lat' dir='ltr'>poetae,</span> <span class='ocrx_word' id='word_1_460' title='bbox 1514 2005 1542 2033; x_wconf 89' lang='lat' dir='ltr'>si</span> <span class='ocrx_word' id='word_1_461' title='bbox 1572 2008 1671 2034; x_wconf 85' lang='lat' dir='ltr'>verba</span> <span class='ocrx_word' id='word_1_462' title='bbox 1703 2006 1748 2034; x_wconf 83' lang='lat' dir='ltr'>ita</span> 
     </span>
     <span class='ocr_line' id='line_1_80' title="bbox 952 2051 1747 2087; baseline 0 -7"><span class='ocrx_word' id='word_1_463' title='bbox 952 2051 1193 2087; x_wconf 77' lang='lat' dir='ltr'>distinguimus,</span> <span class='ocrx_word' id='word_1_464' title='bbox 1220 2056 1250 2079; x_wconf 85' lang='lat' dir='ltr'>ut</span> <span class='ocrx_word' id='word_1_465' title='bbox 1281 2051 1454 2085; x_wconf 82' lang='lat' dir='ltr'>perturbati</span> <span class='ocrx_word' id='word_1_466' title='bbox 1481 2051 1599 2079; x_wconf 81' lang='lat' dir='ltr'>Metabi</span> <span class='ocrx_word' id='word_1_467' title='bbox 1622 2056 1747 2086; x_wconf 85' lang='lat' dir='ltr'>pertur—</span> 
     </span>
     <span class='ocr_line' id='line_1_81' title="bbox 951 2097 1374 2126; baseline -0.002 -1"><span class='ocrx_word' id='word_1_468' title='bbox 951 2100 1026 2126; x_wconf 86' lang='lat' dir='ltr'>bata</span> <span class='ocrx_word' id='word_1_469' title='bbox 1051 2098 1190 2126; x_wconf 75' lang='lat' dir='ltr'>exsistat</span> <span class='ocrx_word' id='word_1_470' title='bbox 1222 2097 1374 2125; x_wconf 81' lang='lat' dir='ltr'>narratio.</span> 
     </span>
    </p>

    <p class='ocr_par' dir='ltr' id='par_1_24' title="bbox 951 2142 1747 2225">
     <span class='ocr_line' id='line_1_82' title="bbox 997 2142 1747 2177; baseline 0 -7"><span class='ocrx_word' id='word_1_471' title='bbox 997 2142 1073 2171; x_wconf 85' lang='grc'><strong>553.</strong></span> <span class='ocrx_word' id='word_1_472' title='bbox 1101 2144 1231 2172; x_wconf 88' lang='lat' dir='ltr'>Coctum</span> <span class='ocrx_word' id='word_1_473' title='bbox 1265 2147 1313 2171; x_wconf 88' lang='lat' dir='ltr'>est</span> <span class='ocrx_word' id='word_1_474' title='bbox 1345 2145 1457 2177; x_wconf 83' lang='lat' dir='ltr'>robur,</span> <span class='ocrx_word' id='word_1_475' title='bbox 1499 2146 1531 2169; x_wconf 89' lang='lat' dir='ltr'>ut</span> <span class='ocrx_word' id='word_1_476' title='bbox 1563 2143 1670 2171; x_wconf 84' lang='lat' dir='ltr'>baculi</span> <span class='ocrx_word' id='word_1_477' title='bbox 1697 2143 1747 2171; x_wconf 91' lang='lat' dir='ltr'>illi</span> 
     </span>
     <span class='ocr_line' id='line_1_83' title="bbox 951 2188 1551 2225; baseline -0.003 -8"><span class='ocrx_word' id='word_1_478' title='bbox 951 2189 1190 2225; x_wconf 78' lang='lat' dir='ltr'>Ziegenhainii,</span> <span class='ocrx_word' id='word_1_479' title='bbox 1216 2189 1391 2223; x_wconf 84' lang='lat' dir='ltr'>aliquando</span> <span class='ocrx_word' id='word_1_480' title='bbox 1418 2188 1551 2216; x_wconf 86' lang='lat' dir='ltr'>laudati.</span> 
     </span>
    </p>

    <p class='ocr_par' dir='ltr' id='par_1_25' title="bbox 950 2231 1745 2315">
     <span class='ocr_line' id='line_1_84' title="bbox 996 2231 1745 2270; baseline 0 -8"><span class='ocrx_word' id='word_1_481' title='bbox 996 2235 1072 2263; x_wconf 86' lang='grc'><strong>555.</strong></span> <span class='ocrx_word' id='word_1_482' title='bbox 1107 2232 1258 2263; x_wconf 76' lang='lat' dir='ltr'>habilem</span> <span class='ocrx_word' id='word_1_483' title='bbox 1282 2234 1322 2263; x_wconf 85' lang='lat' dir='ltr'>cf.</span> <span class='ocrx_word' id='word_1_484' title='bbox 1354 2232 1379 2270; x_wconf 88' lang='lat'>1,</span> <span class='ocrx_word' id='word_1_485' title='bbox 1405 2231 1480 2261; x_wconf 75' lang='lat'>318.</span> <span class='ocrx_word' id='word_1_486' title='bbox 1522 2249 1558 2252; x_wconf 91' lang='lat'>——</span> <span class='ocrx_word' id='word_1_487' title='bbox 1597 2231 1745 2270; x_wconf 82' lang='lat' dir='ltr'>mediae,</span> 
     </span>
     <span class='ocr_line' id='line_1_85' title="bbox 950 2281 1380 2315; baseline -0.002 -6"><span class='ocrx_word' id='word_1_488' title='bbox 950 2286 983 2309; x_wconf 87' lang='lat' dir='ltr'>ut</span> <span class='ocrx_word' id='word_1_489' title='bbox 1010 2281 1202 2315; x_wconf 83' lang='lat' dir='ltr'>aequilibrio</span> <span class='ocrx_word' id='word_1_490' title='bbox 1227 2285 1380 2309; x_wconf 83' lang='lat' dir='ltr'>teneatur.</span> 
     </span>
    </p>

    <p class='ocr_par' dir='ltr' id='par_1_26' title="bbox 928 2321 1782 2867">
     <span class='ocr_line' id='line_1_86' title="bbox 996 2321 1747 2362; baseline -0.003 -8"><span class='ocrx_word' id='word_1_491' title='bbox 996 2327 1071 2354; x_wconf 59' lang='grc'><strong>558.</strong></span> <span class='ocrx_word' id='word_1_492' title='bbox 1103 2323 1184 2355; x_wconf 82' lang='lat' dir='ltr'>Tibi</span> <span class='ocrx_word' id='word_1_493' title='bbox 1227 2323 1366 2354; x_wconf 81' lang='lat' dir='ltr'>Dianae</span> <span class='ocrx_word' id='word_1_494' title='bbox 1405 2324 1512 2362; x_wconf 86' lang='lat' dir='ltr'>foveo</span> <span class='ocrx_word' id='word_1_495' title='bbox 1549 2321 1747 2361; x_wconf 82' lang='lat' dir='ltr'>famulam.-</span> 
     </span>
     <span class='ocr_line' id='line_1_87' title="bbox 951 2369 1746 2411; baseline -0.004 -10"><span class='ocrx_word' id='word_1_496' title='bbox 951 2373 1061 2409; x_wconf 81' lang='lat' dir='ltr'>,‚Bene</span> <span class='ocrx_word' id='word_1_497' title='bbox 1108 2369 1180 2410; x_wconf 80' lang='lat' dir='ltr'>ipse</span> <span class='ocrx_word' id='word_1_498' title='bbox 1231 2374 1352 2411; x_wconf 77' lang='lat' dir='ltr'>pater.</span> <span class='ocrx_word' id='word_1_499' title='bbox 1399 2371 1477 2405; x_wconf 84' lang='lat' dir='ltr'>quia</span> <span class='ocrx_word' id='word_1_500' title='bbox 1512 2371 1746 2399; x_wconf 82' lang='lat' dir='ltr'>auctoramenti</span> 
     </span>
     <span class='ocr_line' id='line_1_88' title="bbox 953 2416 1746 2454; baseline -0.004 -7"><span class='ocrx_word' id='word_1_501' title='bbox 953 2423 1142 2454; x_wconf 83' lang='lat' dir='ltr'>potestatem</span> <span class='ocrx_word' id='word_1_502' title='bbox 1166 2418 1229 2446; x_wconf 87' lang='lat' dir='ltr'>nisi</span> <span class='ocrx_word' id='word_1_503' title='bbox 1253 2423 1362 2452; x_wconf 86' lang='lat' dir='ltr'>patres</span> <span class='ocrx_word' id='word_1_504' title='bbox 1391 2425 1453 2445; x_wconf 90' lang='lat' dir='ltr'>non</span> <span class='ocrx_word' id='word_1_505' title='bbox 1485 2416 1635 2444; x_wconf 51' lang='lat' dir='ltr'>patients*</span> <span class='ocrx_word' id='word_1_506' title='bbox 1658 2418 1689 2444; x_wconf 88' lang='lat' dir='ltr'>S.</span> <span class='ocrx_word' id='word_1_507' title='bbox 1715 2421 1746 2445; x_wconf 87' lang='lat' dir='ltr'>et</span> 
     </span>
     <span class='ocr_line' id='line_1_89' title="bbox 951 2463 1746 2500; baseline -0.004 -7"><span class='ocrx_word' id='word_1_508' title='bbox 951 2466 1035 2500; x_wconf 82' lang='lat' dir='ltr'>quod</span> <span class='ocrx_word' id='word_1_509' title='bbox 1060 2464 1175 2493; x_wconf 88' lang='lat' dir='ltr'>mirum</span> <span class='ocrx_word' id='word_1_510' title='bbox 1199 2467 1250 2492; x_wconf 84' lang='lat' dir='ltr'>est</span> <span class='ocrx_word' id='word_1_511' title='bbox 1274 2471 1293 2491; x_wconf 88' lang='lat' dir='ltr'>a</span> <span class='ocrx_word' id='word_1_512' title='bbox 1320 2468 1409 2498; x_wconf 88' lang='lat' dir='ltr'>patre</span> <span class='ocrx_word' id='word_1_513' title='bbox 1433 2463 1532 2491; x_wconf 82' lang='lat' dir='ltr'>filiam</span> <span class='ocrx_word' id='word_1_514' title='bbox 1563 2463 1603 2490; x_wconf 87' lang='lat' dir='ltr'>ad</span> <span class='ocrx_word' id='word_1_515' title='bbox 1634 2470 1746 2497; x_wconf 88' lang='lat' dir='ltr'>perpe-</span> 
     </span>
     <span class='ocr_line' id='line_1_90' title="bbox 951 2508 1746 2545; baseline -0.004 -6"><span class='ocrx_word' id='word_1_516' title='bbox 951 2516 1039 2540; x_wconf 87' lang='lat' dir='ltr'>tuam</span> <span class='ocrx_word' id='word_1_517' title='bbox 1069 2510 1223 2539; x_wconf 79' lang='lat' dir='ltr'>devoveri</span> <span class='ocrx_word' id='word_1_518' title='bbox 1254 2509 1481 2545; x_wconf 80' lang='lat' dir='ltr'>virginitatem.</span> <span class='ocrx_word' id='word_1_519' title='bbox 1530 2508 1663 2543; x_wconf 75' lang='lat' dir='ltr'>„Voveo</span> <span class='ocrx_word' id='word_1_520' title='bbox 1686 2515 1746 2537; x_wconf 89' lang='lat' dir='ltr'>au·-</span> 
     </span>
     <span class='ocr_line' id='line_1_91' title="bbox 952 2554 1746 2593; baseline -0.004 -8"><span class='ocrx_word' id='word_1_521' title='bbox 952 2561 1023 2593; x_wconf 87' lang='lat' dir='ltr'>tem,</span> <span class='ocrx_word' id='word_1_522' title='bbox 1050 2564 1202 2585; x_wconf 80' lang='lat' dir='ltr'>consecro</span> <span class='ocrx_word' id='word_1_523' title='bbox 1228 2554 1262 2583; x_wconf 90' lang='lat' dir='ltr'>in</span> <span class='ocrx_word' id='word_1_524' title='bbox 1287 2559 1375 2583; x_wconf 87' lang='lat' dir='ltr'>tuum</span> <span class='ocrx_word' id='word_1_525' title='bbox 1399 2554 1622 2583; x_wconf 86' lang='lat' dir='ltr'>ministerium.</span> <span class='ocrx_word' id='word_1_526' title='bbox 1656 2554 1746 2583; x_wconf 90' lang='lat' dir='ltr'>Unde</span> 
     </span>
     <span class='ocr_line' id='line_1_92' title="bbox 953 2599 1744 2635; baseline -0.003 -5"><span class='ocrx_word' id='word_1_527' title='bbox 953 2608 983 2630; x_wconf 90' lang='lat' dir='ltr'>et</span> <span class='ocrx_word' id='word_1_528' title='bbox 1018 2601 1160 2631; x_wconf 83' lang='lat' dir='ltr'>Camilla</span> <span class='ocrx_word' id='word_1_529' title='bbox 1191 2600 1286 2635; x_wconf 84' lang='lat' dir='ltr'>quasi</span> <span class='ocrx_word' id='word_1_530' title='bbox 1317 2600 1466 2629; x_wconf 81' lang='lat' dir='ltr'>ministra</span> <span class='ocrx_word' id='word_1_531' title='bbox 1496 2599 1581 2628; x_wconf 85' lang='lat' dir='ltr'>dicta</span> <span class='ocrx_word' id='word_1_532' title='bbox 1605 2599 1685 2628; x_wconf 79' lang='lat' dir='ltr'>est.“</span> <span class='ocrx_word' id='word_1_533' title='bbox 1712 2602 1744 2628; x_wconf 89' lang='lat' dir='ltr'>S.</span> 
     </span>
     <span class='ocr_line' id='line_1_93' title="bbox 951 2645 1745 2682; baseline -0.004 -6"><span class='ocrx_word' id='word_1_534' title='bbox 951 2649 1022 2676; x_wconf 82' lang='lat' dir='ltr'>Tua</span> <span class='ocrx_word' id='word_1_535' title='bbox 1047 2648 1151 2682; x_wconf 84' lang='lat' dir='ltr'>prima</span> <span class='ocrx_word' id='word_1_536' title='bbox 1175 2648 1239 2675; x_wconf 89' lang='lat' dir='ltr'>tela</span> <span class='ocrx_word' id='word_1_537' title='bbox 1261 2650 1372 2674; x_wconf 89' lang='lat' dir='ltr'>tenens</span> <span class='ocrx_word' id='word_1_538' title='bbox 1392 2646 1413 2674; x_wconf 91' lang='lat' dir='ltr'>i.</span> <span class='ocrx_word' id='word_1_539' title='bbox 1434 2654 1459 2673; x_wconf 87' lang='lat' dir='ltr'>e.</span> <span class='ocrx_word' id='word_1_540' title='bbox 1478 2645 1614 2680; x_wconf 83' lang='lat' dir='ltr'>primum</span> <span class='ocrx_word' id='word_1_541' title='bbox 1633 2649 1745 2674; x_wconf 87' lang='lat' dir='ltr'>tenens</span> 
     </span>
     <span class='ocr_line' id='line_1_94' title="bbox 952 2688 1744 2729; baseline -0.004 -7"><span class='ocrx_word' id='word_1_542' title='bbox 952 2702 1008 2728; x_wconf 86' lang='lat' dir='ltr'>per</span> <span class='ocrx_word' id='word_1_543' title='bbox 1033 2700 1132 2721; x_wconf 83' lang='lat' dir='ltr'>auras</span> <span class='ocrx_word' id='word_1_544' title='bbox 1164 2690 1255 2729; x_wconf 84' lang='lat' dir='ltr'>fugit.</span> <span class='ocrx_word' id='word_1_545' title='bbox 1309 2688 1359 2720; x_wconf 89' lang='lat' dir='ltr'>Pl.</span> <span class='ocrx_word' id='word_1_546' title='bbox 1391 2694 1471 2720; x_wconf 80' lang='lat' dir='ltr'>haec</span> <span class='ocrx_word' id='word_1_547' title='bbox 1505 2693 1604 2719; x_wconf 84' lang='lat' dir='ltr'>verba</span> <span class='ocrx_word' id='word_1_548' title='bbox 1637 2691 1744 2726; x_wconf 85' lang='lat' dir='ltr'>inepta</span> 
     </span>
     <span class='ocr_line' id='line_1_95' title="bbox 950 2737 1782 2775; baseline -0.005 -7"><span class='ocrx_word' id='word_1_549' title='bbox 950 2748 1025 2768; x_wconf 85' lang='lat' dir='ltr'>esse</span> <span class='ocrx_word' id='word_1_550' title='bbox 1051 2737 1189 2775; x_wconf 82' lang='lat' dir='ltr'>iudicat,</span> <span class='ocrx_word' id='word_1_551' title='bbox 1220 2744 1320 2772; x_wconf 82' lang='lat' dir='ltr'>quare</span> <span class='ocrx_word' id='word_1_552' title='bbox 1344 2737 1458 2766; x_wconf 84' lang='lat' dir='ltr'>eiectis</span> <span class='ocrx_word' id='word_1_553' title='bbox 1482 2737 1594 2765; x_wconf 86' lang='lat' dir='ltr'>verbis</span> <span class='ocrx_word' id='word_1_554' title='bbox 1621 2738 1683 2765; x_wconf 82' lang='lat' dir='ltr'>tua</span> <span class='ocrx_word' id='word_1_555' title='bbox 1701 2752 1745 2756; x_wconf 91' lang='lat'><em>-</em></span> <span class='ocrx_word' id='word_1_556' title='bbox 1778 2741 1782 2744; x_wconf 85' lang='lat'>·</span> 
     </span>
     <span class='ocr_line' id='line_1_96' title="bbox 946 2780 1743 2823; baseline 0 -12"><span class='ocrx_word' id='word_1_557' title='bbox 946 2782 1069 2823; x_wconf 74' lang='lat' dir='ltr'>fugit,</span> <span class='ocrx_word' id='word_1_558' title='bbox 1109 2782 1184 2812; x_wconf 82' lang='lat' dir='ltr'>facit</span> <span class='ocrx_word' id='word_1_559' title='bbox 1218 2791 1364 2812; x_wconf 86' lang='lat' dir='ltr'>versum:</span> <span class='ocrx_word' id='word_1_560' title='bbox 1410 2780 1487 2822; x_wconf 76' lang='lat' dir='ltr'>ipsc</span> <span class='ocrx_word' id='word_1_561' title='bbox 1514 2791 1547 2822; x_wconf 79' lang='lat' dir='ltr'>p.</span> <span class='ocrx_word' id='word_1_562' title='bbox 1568 2781 1599 2820; x_wconf 92' lang='lat' dir='ltr'>f.</span> <span class='ocrx_word' id='word_1_563' title='bbox 1626 2790 1743 2817; x_wconf 84' lang='lat' dir='ltr'>voveo,</span> 
     </span>
     <span class='ocr_line' id='line_1_97' title="bbox 928 2825 1409 2867; baseline -0.004 -9"><span class='ocrx_word' id='word_1_564' title='bbox 928 2825 1125 2867; x_wconf 56' lang='lat' dir='ltr'>&#39;famulam</span> <span class='ocrx_word' id='word_1_565' title='bbox 1149 2826 1268 2867; x_wconf 79' lang='lat' dir='ltr'>accipe</span> <span class='ocrx_word' id='word_1_566' title='bbox 1294 2830 1409 2857; x_wconf 80' lang='lat' dir='ltr'>testor.</span> 
     </span>
    </p>

    <p class='ocr_par' dir='ltr' id='par_1_27' title="bbox 952 2871 1745 2995">
     <span class='ocr_line' id='line_1_98' title="bbox 997 2871 1744 2903; baseline 0 -2"><span class='ocrx_word' id='word_1_567' title='bbox 997 2872 1074 2903; x_wconf 85' lang='grc'><strong>561.</strong></span> <span class='ocrx_word' id='word_1_568' title='bbox 1101 2871 1255 2903; x_wconf 78' lang='lat' dir='ltr'>adducto</span> <span class='ocrx_word' id='word_1_569' title='bbox 1279 2871 1407 2902; x_wconf 83' lang='lat' dir='ltr'>lacerto</span> <span class='ocrx_word' id='word_1_570' title='bbox 1432 2882 1473 2902; x_wconf 85' lang='lat' dir='ltr'>ex</span> <span class='ocrx_word' id='word_1_571' title='bbox 1489 2881 1522 2901; x_wconf 88' lang='lat' dir='ltr'>re</span> <span class='ocrx_word' id='word_1_572' title='bbox 1547 2873 1744 2902; x_wconf 86' lang='lat' dir='ltr'>dictumest:</span> 
     </span>
     <span class='ocr_line' id='line_1_99' title="bbox 952 2915 1745 2955; baseline -0.003 -6"><span class='ocrx_word' id='word_1_573' title='bbox 952 2921 991 2950; x_wconf 84' lang='lat' dir='ltr'>cf.</span> <span class='ocrx_word' id='word_1_574' title='bbox 1021 2922 1079 2949; x_wconf 90' lang='lat' dir='ltr'>Ov.</span> <span class='ocrx_word' id='word_1_575' title='bbox 1105 2922 1147 2948; x_wconf 88' lang='grc' dir='ltr'>Μ.</span> <span class='ocrx_word' id='word_1_576' title='bbox 1175 2917 1206 2955; x_wconf 83' lang='lat' dir='ltr'>S,</span> <span class='ocrx_word' id='word_1_577' title='bbox 1233 2917 1275 2947; x_wconf 79' lang='grc'>28</span> <span class='ocrx_word' id='word_1_578' title='bbox 1309 2916 1471 2948; x_wconf 78' lang='lat' dir='ltr'>Torserat</span> <span class='ocrx_word' id='word_1_579' title='bbox 1497 2916 1661 2948; x_wconf 79' lang='lat' dir='ltr'>adductis</span> <span class='ocrx_word' id='word_1_580' title='bbox 1682 2915 1745 2947; x_wconf 79' lang='lat' dir='ltr'>ha-</span> 
     </span>
     <span class='ocr_line' id='line_1_100' title="bbox 953 2963 1350 2995; baseline -0.003 0"><span class='ocrx_word' id='word_1_581' title='bbox 953 2963 1050 2995; x_wconf 76' lang='lat' dir='ltr'>stilia</span> <span class='ocrx_word' id='word_1_582' title='bbox 1077 2963 1172 2995; x_wconf 78' lang='lat' dir='ltr'>lenta</span> <span class='ocrx_word' id='word_1_583' title='bbox 1199 2963 1350 2994; x_wconf 81' lang='lat' dir='ltr'>lacertis.</span> 
     </span>
    </p>
   </div>
  </div>
 </body>
</html>
