2023 3350
260 88 343 127 540

824 92 859 123 Ρ.
887 92 1080 124 vlnGnAl
1107 93 1318 126 MARONIS

262 201 389 242 Haud
419 201 595 254 ignarus
634 216 772 254 eram,
806 207 1013 257 quantum
1048 219 1157 246 nova
1198 205 1335 259 gloria
1374 206 1418 249 in
1453 208 1584 251 armis

262 260 316 299 Et
350 258 577 311 praedulce
615 259 743 301 decus
786 261 923 313 primo
959 263 1190 305 certamine
1225 268 1382 317 posset.

261 316 482 357 Primitiae
520 316 683 359 iuvenis
720 317 902 360 miserae
943 318 1131 372 bellique,
1161 321 1391 376 propinqui

260 375 378 414 Dura
415 373 658 415 rudimenta
690 378 733 416 et
770 376 875 416 nulli
916 376 1119 418 exaudita
1156 378 1332 420 deorum

260 431 373 472 Vota
412 445 644 486 precesque
679 433 816 474 meae!
849 437 997 487 tuque,
1033 448 1057 475 ο
1100 436 1369 478 sanctissima
1406 438 1603 489 coniunx,

260 488 379 529 Felix
412 493 551 530 morte
587 494 683 541 tua,
722 505 858 544 neque
894 491 938 532 in
978 491 1091 532 hunc
1128 497 1297 534 servata
1336 493 1538 536 dolorem.

260 546 421 587 Contra
456 560 533 601 ego
568 548 746 589 vivendo
784 548 865 589 vici
903 563 999 590 mea
1031 549 1144 600 fata,
1180 555 1398 604 superstes

257 604 478 645 Restarem
514 609 563 645 ut
595 606 774 658 genitor.

258 660 500 703 Obruerent
536 657 682 704 Rutuli
717 663 832 705 telis!
867 665 1055 706 animam
1094 665 1188 718 ipse
1225 665 1448 718 dedissem,

257 777 345 817 Nec
380 790 455 818 vos
493 779 729 831 arguerim,
764 779 935 831 Teucri,
970 794 1049 822 nec
1087 780 1280 832 foedera,
1321 795 1399 822 nec
1436 794 1542 835 quas

256 834 475 876 Iunximus
512 835 700 890 hospitio
736 835 931 885 dextras:
971 852 1064 880 sors
1101 838 1187 879 ista
1222 842 1416 880 senectae

256 891 413 933 Debita
448 897 541 934 erat
576 898 759 936 nostrae.

255 949 373 990 Mors
412 954 604 1003 gnatum,
643 951 779 993 caesis
817 952 1067 994 Volscorum
1097 953 1286 995 millibus
1323 957 1424 995 ante

255 1007 492 1050 Ducentem
527 1009 569 1050 in
608 1010 779 1051 Latium
810 1010 995 1052 Teucros
1033 1011 1237 1053 cecidisse
1271 1011 1447 1053 iuvabit.

1813 269 1891 308 155

1816 556 1896 595 160

833 606 990 647 Troum
1029 607 1146 648 socia
1186 621 1307 649 arma
1348 612 1541 650 secutum

257 719 399 772 Atque
437 719 543 761 haec
580 735 738 774 pompa
775 721 947 763 domum
981 736 1067 773 me,
1108 737 1192 764 non
1226 723 1441 774 Pallanta,
1481 723 1682 765 referret!

1815 840 1894 879 165

820 894 945 944 Quod
985 896 1021 937 si
1059 895 1291 937 immatura
1329 895 1532 938 manebat

1813 1127 1894 1166 170

259 1065 369 1114 Quin
406 1080 483 1119 ego
521 1081 606 1108 non
644 1067 729 1109 alio
764 1067 914 1121 digner
947 1072 991 1110 te
1024 1068 1188 1121 funere,
1227 1068 1364 1120 Palla,

256 1122 390 1172 Quam
429 1124 523 1177 pius
560 1124 742 1177 Aeneas,
784 1129 826 1167 et
864 1140 993 1180 quam
1025 1127 1169 1180 magni
1202 1126 1407 1180 Phryges,
1445 1127 1488 1165 et
1529 1137 1659 1177 quam

255 1180 547 1235 Tyrrhenique
581 1182 710 1224 duces
749 1183 1015 1237 Tyrrhenum
1052 1184 1264 1226 exercitus
1304 1183 1453 1226 omnis.

256 1238 413 1292 Magna
442 1243 622 1293 tropaea
660 1241 822 1293 ferunt„
860 1256 966 1296 quos
1000 1241 1076 1284 dat
1110 1245 1186 1284 tua
1222 1242 1399 1284 dextera
1437 1240 1536 1282 leto.

305 1403 377 1434 156.
405 1406 513 1434 Prima
546 1407 725 1435 rudimenta
761 1407 839 1435 belli
870 1407 1051 1442 propinqui,

255 1452 336 1486 quod
376 1452 484 1480 minus
520 1452 647 1480 timetur
695 1459 791 1486 quam
829 1453 1051 1490 longinquum,

254 1499 334 1525 dura
359 1501 450 1533 sunt,
471 1499 554 1531 quod
580 1502 697 1526 mortes
724 1498 834 1526 didicit
856 1499 968 1532 pretio.

303 1552 377 1583 156.
401 1551 622 1583 sanctissima
646 1556 729 1590 quod
754 1555 820 1584 iarn
845 1556 904 1583 dea
927 1559 986 1591 est,
1018 1559 1052 1583 ut

254 1600 285 1631 5,
322 1599 363 1628 ‘1⁴0
391 1602 509 1629 sancte
541 1602 645 1639 pater
666 1601 829 1631 Anchises
863 1602 979 1631 dicitur
1010 1604 1049 1630 ab

256 1647 380 1675 Aenea.

302 1689 376 1719 160.
401 1687 550 1719 vivendo
576 1687 645 1719 vici
667 1699 743 1719 mea
762 1689 865 1728 fato:
892 1691 931 1720 cf.
954 1692 1049 1720 Lucr.

257 1735 283 1771 1,
311 1736 376 1764 203
411 1733 557 1764 vivendo
595 1733 723 1764 vitalia
754 1733 890 1765 vincere
921 1734 1051 1764 saecla.

255 1785 361 1811 Plaut.
394 1782 483 1817 Epid.
508 1780 545 1818 2,
583 1779 615 1817 1,
648 1780 667 1809 8
705 1779 857 1822 aliquem
899 1779 1050 1810 vivendo

254 1826 399 1857 vincere.
455 1824 504 1856 Pl.
535 1828 616 1856 coni.
657 1824 692 1855 C.
719 1835 746 1856 e.
779 1836 809 1856 v.
843 1824 918 1855 vidi
948 1836 992 1856 m.
1019 1826 1050 1864 f.

253 1875 345 1909 „vidi
377 1875 446 1908 ipse
475 1880 579 1902 meam
611 1878 760 1909 mortem,
804 1882 910 1902 meum
939 1873 1049 1902 funus.

253 1921 362 1949 Vivus
396 1920 512 1948 videns
541 1918 713 1954 sepelior.“
766 1921 841 1947 Post
874 1920 956 1948 coni.
988 1927 1050 1959 ge-

253 1964 369 1997 nitor,
409 1967 530 1994 nalum
563 1973 587 1992 s.
621 1973 652 1993 a.
686 1973 713 1992 s.
743 1969 801 1993 etc.
828 1965 848 1992 i.
873 1973 899 1993 e.
926 1967 1050 1993 natum

254 2020 310 2046 pro
335 2009 473 2040 Troum.
518 2011 598 2039 Fata
622 2014 728 2039 autem
754 2018 816 2039 sua
830 2011 943 2047 vincit,
966 2012 1050 2045 quod

253 2058 389 2086 fatorum
415 2057 490 2084 ordo
515 2058 671 2090 postulat.
714 2060 747 2084 ut
779 2061 869 2090 pater
893 2057 1049 2085 moriatur

254 2108 328 2131 ante
351 2103 462 2138 filium,
487 2109 525 2131 ac
548 2103 597 2131 sic
615 2106 716 2130 mater
730 2107 856 2131 mortua
871 2107 917 2131 est
934 2108 1050 2131 sancta

253 2150 330 2182 illa,
374 2156 470 2183 quum
507 2148 578 2183 ipse
609 2148 705 2183 quasi
736 2148 859 2183 peccati
891 2148 942 2177 sui
964 2157 1050 2177 nunc

253 2196 303 2224 det
328 2202 460 2229 poenas

300 2238 375 2268 162.
402 2237 599 2272 obruerent:

254 2287 371 2321 quitur.
413 2285 454 2315 cf.
479 2293 512 2314 v.
543 2283 615 2313 153.

300 2330 374 2360 165.
399 2329 547 2369 iungere
564 2327 706 2359 dextras
723 2327 873 2369 hospitio
891 2331 929 2360 cf.
946 2328 975 2367 3,
993 2328 1047 2358 83.

304 2375 379 2406 167.
404 2377 542 2405 Volscos
565 2381 717 2405 memorat
738 2377 914 2405 acerrimos
938 2379 1048 2405 hostes

253 2423 395 2453 nominis
417 2422 566 2451 Romani.

303 2466 374 2496 168.
402 2465 539 2496 iuvaret
563 2469 604 2494 M.
622 2466 690 2502 (R)
710 2475 771 2495 rec.
800 2464 884 2506 Wg.
912 2464 1049 2496 iuvabit

256 2517 339 2554 Pybc
356 2523 417 2543 rec.
438 2511 499 2542 Rb.
517 2510 577 2541 Ld.
598 2513 632 2540 si
648 2514 749 2549 modo,
764 2521 861 2546 quum
877 2514 907 2541 ei
922 2521 1048 2542 occum-

254 2563 326 2589 bere
353 2561 450 2588 fatale
476 2562 560 2593 erat,
593 2558 769 2587 accidisset
792 2563 883 2593 parta
908 2559 1049 2587 victoria

253 2611 283 2635 et
307 2608 421 2635 Aenea
445 2606 479 2633 in
507 2612 641 2640 regnum
676 2604 864 2639 constituto,
904 2604 935 2632 id
962 2609 1048 2633 esset

251 2653 416 2680 solatium.
477 2653 567 2679 Nunc
608 2658 684 2678 vero
726 2649 771 2687 is,
814 2658 907 2684 quem
943 2650 1048 2679 voluit

252 2699 424 2731 adiuvare,
465 2697 570 2724 adhuc
594 2699 745 2724 versatur
782 2695 815 2723 in
849 2695 927 2724 belli
962 2696 1044 2730 peri·

251 2745 347 2772 culis.
395 2743 430 2770 Si
458 2738 592 2770 iuvabit
618 2741 717 2778 legis,
751 2741 817 2769 iam
853 2743 934 2770 haec
957 2741 1045 2771 facta

251 2798 324 2817 esse
351 2789 427 2817 dicit
449 2788 598 2816 Evander
623 2787 729 2821 iisque
752 2790 884 2816 moriem
909 2789 1044 2816 solatur.

256 2837 361 2868 Neque
393 2834 468 2862 huic
501 2834 570 2862 loco
600 2833 743 2866 ineptum
775 2835 834 2861 hoc
865 2837 913 2861 est
943 2841 1046 2868 neque

253 2880 371 2908 falsum
396 2879 534 2914 omnino,
571 2886 669 2913 quum
692 2879 811 2907 multos
839 2879 904 2907 iam
933 2880 1046 2907 Pallas

253 2925 413 2962 occiderit,
437 2928 465 2953 et
479 2925 611 2952 Aeneae
633 2924 773 2952 victoria
799 2924 864 2953 iam
889 2929 977 2953 certa
995 2924 1048 2961 sit,

253 2974 280 2997 et
327 2971 397 3004 ipse
428 2971 560 2998 Aeneas
597 2977 662 2998 rem
696 2969 874 2998 maximam
907 2970 1048 2999 effectam

255 3023 326 3043 esse
351 3016 436 3044 dicat
463 3024 492 3043 v.
525 3011 593 3050 14.;
627 3019 655 3044 et
678 3017 738 3044 hoc
765 3016 930 3051 explicare
957 3016 1048 3045 vide-

644 2239 741 2274 quasi
768 2248 820 2267 res
853 2243 968 2276 agatur
1000 2241 1048 2267 lo-

1098 1411 1148 1435 tur
1169 1407 1324 1444 Servius,
1359 1408 1431 1442 qui:
1473 1407 1636 1444 „Lucrum
1662 1405 1892 1440 quodammodo

1097 1457 1204 1490 putat,
1237 1453 1436 1487 impendisse
1459 1461 1515 1487 pro
1538 1452 1716 1481 amicorum
1738 1451 1893 1480 felicitate

1096 1498 1208 1534 filium,
1240 1499 1295 1533 qui
1320 1499 1413 1527 morti
1436 1498 1542 1527 fuerat
1565 1500 1680 1527 acerbo
1703 1495 1817 1526 funere
1842 1497 1893 1526 fa-

1096 1544 1203 1572 taliter
1228 1541 1387 1572 dehituS.“

1145 1585 1218 1616 171.
1244 1590 1284 1617 Ut
1311 1589 1344 1617 in
1369 1588 1536 1625 Troianis,
1574 1588 1621 1616 ita
1655 1588 1689 1616 in
1711 1588 1892 1623 Tyrrhenis

1095 1638 1125 1663 et
1157 1636 1254 1663 duces
1284 1638 1315 1663 et
1348 1635 1524 1663 exercitum
1553 1634 1674 1662 laudat.
1733 1634 1892 1671 Arcades,

1095 1687 1189 1708 suam
1214 1685 1355 1717 gentem,
1397 1687 1575 1709 memorare
1596 1679 1704 1708 omisit
1728 1681 1890 1708 Evander.

1095 1727 1144 1754 Ita
1175 1731 1281 1754 autem
1312 1726 1408 1761 iunge
1435 1728 1537 1755 verba
1563 1723 1697 1753 Aeneas
1725 1726 1755 1753 et
1784 1721 1891 1764 Phry-

1095 1778 1159 1810 ges
1186 1773 1217 1799 ct
1247 1768 1430 1810 Tyrrheni,
1467 1778 1546 1806 quos
1579 1774 1609 1798 et
1642 1778 1699 1805 per
1731 1771 1828 1800 duces
1863 1775 1893 1799 et

1095 1817 1217 1845 milites
1248 1816 1455 1853 significavit.
1504 1818 1551 1845 De
1574 1817 1736 1851 particula
1768 1817 1890 1855 quein

1095 1863 1206 1891 verbis
1241 1859 1479 1902 Tyrrhenique
1513 1858 1727 1901 Tyrrhenum
1757 1861 1797 1890 cf.
1840 1858 1892 1900 10,

1095 1906 1171 1937 313.
1204 1905 1264 1937 ΠΙ).
1290 1909 1373 1937 delet
1397 1909 1428 1937 et
1456 1915 1559 1947 quam
1585 1903 1892 1947 magni—omnis.

1144 1962 1218 1993 172.
1240 1962 1364 2001 ferunt
1396 1967 1439 1993 Μ.
1471 1962 1597 2000 serant
1628 1966 1707 1994 Rho.
1752 1964 1892 1994 Versum

1094 2010 1188 2039 multi
1227 2010 1407 2046 eiecerunt,
1449 2010 1483 2038 in
1511 2012 1592 2038 Mss.
1629 2014 1734 2039 tamen
1769 2015 1818 2039 est
1856 2015 1891 2040 ut

1094 2057 1222 2085 videtur
1245 2057 1411 2091 omnihus,
1461 2056 1524 2084 etsi
1553 2057 1593 2084 ad
1625 2057 1803 2093 marginem
1841 2058 1889 2086 ed.

1094 2102 1208 2130 Yenet.
1254 2099 1340 2130 1544
1383 2101 1579 2136 adscriptum
1617 2105 1681 2131 est:
1729 2103 1889 2139 „Versum

1093 2150 1179 2176 hunc
1203 2156 1265 2176 non
1289 2150 1381 2176 habet
1409 2148 1509 2176 codex
1532 2144 1716 2176 vetustus.“
1761 2148 1891 2177 Caussa

1093 2197 1201 2222 autem
1225 2198 1292 2222 erat
1316 2193 1483 2228 eiiciendi,
1525 2193 1607 2227 quod
1628 2193 1727 2222 nimis
1751 2196 1891 2223 obscura

1093 2247 1167 2267 esse
1192 2242 1291 2268 verba
1317 2239 1527 2275 videbantur,
1565 2242 1599 2267 ut
1629 2243 1706 2274 apta
1730 2240 1891 2269 sementia

1092 2293 1155 2313 non
1181 2289 1289 2319 posset
1324 2284 1487 2314 extricari.
1536 2286 1576 2313 Se
1606 2292 1670 2313 non
1702 2292 1798 2320 posse
1832 2287 1890 2314 ho-

1092 2331 1235 2367 nestius,
1260 2338 1355 2365 quam
1382 2330 1537 2359 fecissent
1560 2330 1720 2366 Tyrrheni
1744 2334 1774 2360 et
1798 2331 1890 2360 Troi-

1094 2376 1169 2413 ani,
1215 2376 1374 2405 instruere
1417 2376 1563 2404 Pallanti
1605 2375 1705 2405 funus
1739 2378 1891 2406 Evander

1096 2421 1207 2450 fassus
1248 2425 1308 2450 est.
1357 2422 1507 2456 Sequitur
1553 2421 1606 2451 hic
1644 2430 1780 2459 versus,
1834 2423 1890 2458 qui

1096 2475 1247 2496 caussam
1292 2467 1392 2495 reddit
1439 2468 1627 2496 sententiae.
1696 2468 1889 2498 caussalem

1096 2517 1203 2541 autem
1229 2513 1421 2547 particulam
1446 2520 1544 2547 saepe
1569 2513 1719 2542 videmus
1735 2514 1889 2544 omissam

1094 2567 1168 2587 esse
1211 2559 1244 2586 in
1287 2559 1407 2593 quavis
1452 2559 1576 2594 lingua.
1645 2560 1755 2588 Honos
1791 2559 1889 2596 igitur

1095 2612 1240 2633 summus
1267 2607 1400 2632 hahetur
1422 2604 1580 2641 Pallanti,
1605 2605 1687 2639 quod
1711 2606 1819 2640 spolia
1842 2605 1889 2634 fe-

1093 2655 1206 2679 runtur
1234 2658 1358 2685 eorum,
1395 2657 1475 2684 quos
1510 2650 1566 2679 ille
1590 2650 1767 2688 occiderat,
1806 2652 1888 2686 quod

1093 2700 1161 2725 erat
1196 2696 1414 2725 certissimum
1453 2696 1524 2724 eius
1561 2696 1757 2725 fortitudinis
1790 2697 1887 2726 docu-
1943 2719 1956 2723 ,

1093 2745 1242 2771 mentum.
1294 2756 1334 2762 —
1374 2739 1519 2779 ferunt:
1566 2743 1635 2770 Non
1675 2742 1790 2772 dicitur
1832 2742 1886 2777 qui

1090 2788 1209 2823 ferant,
1246 2795 1348 2822 neque
1372 2795 1453 2821 opus
1478 2790 1535 2815 est.
1582 2788 1649 2816 Res
1675 2793 1802 2816 summa
1827 2791 1886 2823 est,

1091 2834 1173 2868 quod
1198 2837 1330 2867 tropaea
1360 2833 1514 2861 feruntur.
1568 2833 1608 2860 Et
1640 2831 1745 2860 ferunt
1783 2833 1886 2867 aliqui

1092 2887 1134 2908 ex
1166 2878 1345 2914 Tyrrhenis
1387 2881 1418 2906 et
1457 2878 1617 2906 Troianis.
1666 2877 1739 2905 Noli
1779 2882 1886 2907 autem

1093 2925 1225 2960 iungere
1247 2920 1415 2953 exercitus
1431 2921 1572 2961 ferunt3
1603 2925 1645 2950 tot
1670 2922 1754 2951 enim
1779 2924 1888 2958 spolia

1094 2971 1132 2999 de
1153 2969 1260 2999 caesis
1285 2970 1432 2998 hostibus
1462 2977 1501 2997 ne
1526 2967 1722 2996 fortissimus
1758 2969 1886 3003 quidem
1931 3003 1935 3008 ¹

1094 3015 1212 3045 referre
1234 3016 1334 3051 potuit
1362 3015 1476 3050 paucis
1500 3013 1605 3049 horiS‚
1643 3017 1677 3042 ut
1708 3014 1800 3043 milia
1829 3017 1886 3044 ho-
