2023 3350
210 121 292 160 322

210 230 407 273 Orabnnt
442 241 617 270 caussas
650 225 824 277 melius,

777 115 813 146 P.
842 113 1040 146 vlnGan
1065 113 1280 147 MARONIS

210 287 456 329 Discribent
486 284 632 335 radio,
672 287 714 325 et
746 284 969 336 surgentia
1003 282 1147 325 sidera
1180 284 1349 326 dicent:

210 346 272 386 Tu
309 356 456 396 regere
493 342 674 396 imperio
716 342 923 395 populos,
955 341 1167 393 Romane,
1203 345 1444 394 mement03

212 403 303 443 Hae
340 401 422 442 tibi
454 404 579 442 erunt
620 403 758 451 artes3
799 399 1008 453 pacisque
1045 399 1266 452 imponere
1303 414 1478 451 morem,

211 460 394 501 Parcere
429 457 639 499 subiectis
673 461 717 498 et
755 456 973 498 debellare
1010 456 1233 509 superbos.

327 516 396 557 Sic
433 519 560 579 patei·
596 514 825 566 Anchises,

212 573 418 628 Adspice
454 577 504 615 ut
540 573 721 626 insignis
762 572 914 627 spoliis
946 571 1179 613 Marcellus
1218 573 1372 626 opimis

210 631 477 685 Ingreditur,
522 631 747 683 victoique
784 630 898 672 viros
935 630 1226 683 supereminet
1270 630 1438 671 omnes!

211 689 294 730 Η10
330 703 421 730 10111
456 690 717 739 Romanam,
754 701 912 741 magno
946 687 1150 729 tuibante
1184 688 1387 739 tumultu

214 747 364 798 Sistet,
405 760 533 800 eques
569 749 735 787 sternet
770 746 959 796 Poenos,

212 805 445 858 Tertiaque
487 818 610 845 arma
647 803 764 858 patri
802 802 1035 857 suspendet
1071 807 1201 857 capta
1243 803 1433 853 Quirino.

214 863 355 916 Atque
392 861 463 903 1110
498 863 667 903 Aeneas
681 876 690 913 ς

212 919 448 973 Egregium
481 918 623 961 forma
657 919 855 960 iuvenem
891 922 933 960 et
973 919 1240 972 fulgentibus
1280 918 1425 969 armis,

213 977 298 1019 Sed
338 977 458 1019 frons
498 977 617 1018 laeta
651 985 826 1041 parum,

213 1036 335 1086 Quis,
376 1038 520 1089 pater,

213 1093 371 1143 Filius,

866 225 1060 280 caelique
1097 229 1266 268 meatus
1784 228 1869 268 850

865 518 997 568 atque
1034 514 1142 555 haec
1179 515 1438 556 mirantibus
1473 514 1622 556 addit:
1784 515 1868 553 855

1002 744 1262 800 Gallumque
1301 744 1518 795 rebellem,

1784 804 1869 843 860

731 875 817 902 111111
851 874 1039 914 namque
1072 862 1135 902 ire
1176 860 1352 902 videbat

869 980 912 1018 et
943 976 1112 1019 deiecto
1145 977 1310 1018 lumina
1339 976 1479 1017 voltu:

560 1034 650 1085 ille,
688 1035 827 1075 viium
861 1035 933 1088 (1111
969 1035 1030 1076 510
1067 1036 1299 1077 comitatui
1338 1033 1540 1076 euntem?

412 1106 521 1133 anne
556 1093 714 1145 aliquis
754 1106 913 1146 magna
949 1092 1002 1134 de
1043 1094 1179 1147 stiipe
1215 1092 1452 1146 nepotum?
1784 1088 1867 1127 865

215 1151 296 1201 Qui
334 1150 540 1204 strepitus
584 1150 702 1192 circa
737 1151 964 1192 comitum!
1006 1155 1218 1204 quantum
1257 1151 1398 1192 instar
1431 1150 1476 1191 in
1512 1146 1631 1202 ipso!

214 1334 289 1361 pere
325 1322 454 1360 11111001ιι
496 1322 557 1353 Hb.
622 1322 733 1354 Credo
771 1325 952 1360 (ironicum
987 1330 1019 1353 ut

215 1369 360 1411 opinor)
401 1371 562 1406 significat
600 1372 698 1399 etiam
734 1371 768 1399 in
802 1372 927 1400 artibus
956 1380 1018 1399 non

215 1417 385 1446 inferiores
411 1417 477 1445 fore
504 1418 679 1445 Romanos.

260 1461 339 1491 850.
366 1460 524 1502 caelique
555 1464 710 1496 meatus,
749 1463 826 1491 vias
858 1463 891 1490 in
926 1464 1018 1491 caelo

215 1509 332 1543 quibus
366 1510 482 1536 stellae
512 1512 695 1544 transeunt,
731 1508 771 1537 cf.
799 1510 864 1537 Etl.
901 1507 938 1545 3,
976 1505 1016 1536 41

215 1551 403 1593 descripsit
446 1551 549 1582 radio
593 1556 701 1582 totum
747 1552 808 1594 qui
852 1552 1022 1595 gentibus

216 1597 341 1628 orbem.
393 1600 508 1628 Claud.
536 1600 631 1628 Cous.
658 1601 748 1628 Mall.
776 1597 840 1627 275
852 1577 1022 1628 eqMallius

216 1642 395 1686 ignitevos
430 1642 533 1674 vadio
574 1643 808 1685 descripserat
845 1653 937 1674 axes.
979 1661 1017 1665 —

215 1693 253 1719 In
286 1688 436 1720 orabunt
474 1699 620 1719 caussas
651 1688 780 1719 melius
814 1691 921 1719 haesit
956 1688 1019 1727 PL,

216 1743 291 1765 nam
318 1744 416 1771 quum
441 1737 581 1765 Romani
609 1737 743 1765 Graecis
774 1736 904 1770 ingenio
936 1737 1019 1765 infe-

216 1783 319 1811 riores
345 1790 419 1810 esse
441 1784 581 1817 nollent,
614 1786 643 1811 et
668 1790 766 1817 01111111
793 1791 905 1810 omnes
932 1787 1019 1811 artes

216 1836 252 1856 se
286 1828 416 1857 felicius
450 1830 598 1857 excolere
627 1829 843 1864 gloriarentur
873 1829 1018 1862 Graecis,

216 1874 376 1908 siquidem
402 1875 540 1902 vellent:
577 1874 645 1908 (Cf.
666 1875 734 1903 Cic.
754 1875 849 1902 Tusc.
877 1871 905 1910 1,
929 1871 956 1906 l,
980 1872 1017 1909 1)

218 1927 298 1948 sane
325 1920 443 1948 mirum
470 1928 554 1956 esse,
581 1921 664 1954 quod
690 1921 764 1956 Ygl.
792 1921 915 1955 primas
942 1928 1019 1949 con-

217 1966 353 1994 cesserit
378 1966 513 1995 Graecis
538 1966 571 1994 in
594 1973 633 1994 ea
653 1969 731 2000 arte,
759 1966 792 1994 in
819 1973 882 2000 qua
907 1966 1018 1995 Cicero

216 2011 395 2045 praestitit;
424 2011 481 2039 ille
503 2012 626 2048 Cicero,
658 2012 713 2045 01ιί
740 2012 848 2040 audito
876 2013 1018 2041 carmine

216 2057 350 2092 Virgilii
369 2058 587 2086 adolescentis
610 2058 828 2086 exclamavit:
862 2066 1019 2098 magnae

216 2110 295 2141 spes
321 2099 437 2131 altera
471 2100 620 2139 Romae,
659 2108 689 2131 et
726 2103 818 2131 multi
854 2103 931 2140 alii,
974 2108 1019 2141 nt,

219 2147 249 2176 si
276 2148 503 2182 praestiterunt
530 2150 599 2177 ulla
624 2149 656 2176 in
686 2153 771 2187 arte,
804 2149 837 2176 in
863 2151 925 2177 hac
952 2150 1017 2177 Ro-

216 2194 306 2222 mani
357 2202 430 2222 cum
472 2195 605 2223 Graecis
651 2199 734 2224 recte
783 2199 1017 2229 comparentur.

216 2240 312 2273 Optat
335 2239 511 2274 scripsisse
535 2245 663 2275 poetam
688 2238 888 2269 narrabunt
917 2249 1019 2269 caus-

216 2292 276 2313 sas
296 2292 433 2321 rerum3
459 2290 490 2314 at
516 2287 545 2315 si
570 2289 629 2315 1100
655 2286 747 2321 dixit,
774 2287 917 2315 Lucretii
943 2287 1017 2315 offe-

217 2330 260 2359 cit
292 2331 391 2358 laudi.
441 2332 512 2360 Iani
546 2332 576 2360 si
603 2336 748 2361 extrema
771 2333 965 2367 respicimus
988 2338 1018 2361 et

218 2376 396 2405 Caesarem
428 2378 572 2406 omnium
603 2379 743 2412 primum
773 2379 852 2406 anni
877 2383 1019 2413 tempora

217 2422 250 2449 in
284 2423 429 2451 ordinem
463 2428 584 2452 certum
623 2424 788 2459 redegisse
827 2425 1019 2460 cogitamus,

217 2468 315 2496 etiam
345 2470 405 2497 hoc
435 2474 547 2497 contra
573 2469 727 2497 Caesaris
759 2470 889 2498 laudem
917 2474 1020 2504 potest

217 2513 336 2542 dictum
362 2514 479 2543 videri.
529 2516 590 2543 Sed
611 2515 774 2543 cardinem
794 2516 922 2544 versari
946 2519 1019 2549 puto

218 2558 252 2586 in
269 2556 371 2588 credo
390 2557 563 2599 equidem,
590 2561 673 2595 quod
688 2565 735 2588 est
755 2558 1019 2600 meiuetwcgeu.

218 2605 335 2633 Omnia
360 2606 430 2634 alia
455 2606 533 2635 aliis
560 2607 743 2643 concedam,
772 2614 875 2640 110οιιο
896 2607 1019 2635 Roma-

217 2657 331 2679 manos
365 2659 439 2680 cum
470 2652 512 2681 iis
548 2652 808 2687 comparaverim
843 2652 875 2680 iu
910 2654 1019 2687 rebus,

217 2695 250 2723 in
280 2696 398 2730 quibus
429 2698 481 2725 illi
516 2702 546 2726 et
581 2705 676 2733 pares
714 2705 790 2726 esse
821 2703 958 2731 possunt
990 2702 1021 2727 et¹

218 2741 412 2779 superiores,
439 2747 470 2771 at
490 2743 661 2778 imperium
685 2743 773 2772 orbis
796 2751 895 2778 penes
916 2752 1017 2773 unum

217 2790 267 2815 est.
290 2789 444 2821 populum
469 2790 662 2818 Romanum.

260 2829 338 2860 853.
363 2831 532 2873 pacisque
546 2833 736 2874 imponere.
763 2831 1015 2869 Similel,264.

221 2874 282 2905 Rb.
309 2878 362 2906 dat
383 2877 551 2919 pacique,
579 2882 617 2909 de
638 2883 718 2909 Mss.
744 2880 828 2908 silet.

260 2921 337 2951 855.
364 2921 592 2963 mirantibus,
627 2927 763 2955 Aeneae
792 2929 821 2954 et
853 2925 1011 2961 Sibyllae.

216 2968 303 3000 Quod
328 2973 397 3002 post
416 2967 627 3000 mirantibus
648 2969 751 3000 addit
773 2971 920 3005 sequitur
943 2972 1012 3000 sin-

216 3014 341 3046 gularis
367 3013 524 3055 adspice.
549 3018 746 3055 defenditur,
767 3018 848 3051 quod
875 3019 916 3045 ad
942 3019 1010 3046 Ae-

1067 1334 1161 1355 neam
1192 1330 1258 1355 tola
1287 1328 1334 1353 est
1362 1324 1533 1353 Anchisae
1562 1328 1725 1352 conversa
1753 1320 1869 1355 oratio,

1067 1381 1129 1401 non
1154 1374 1195 1401 ad
1223 1372 1397 1407 Sibyllam.

1114 1417 1191 1446 856.
1220 1414 1363 1456 adspice
1390 1418 1426 1445 ut
1452 1416 1491 1444 cf.
1520 1424 1550 1444 v.
1578 1411 1656 1442 780.

1114 1462 1193 1494 857.
1222 1460 1453 1503 supereminet
1482 1471 1507 1491 c.
1535 1469 1602 1490 acc.
1632 1456 1669 1497 1,
1698 1456 1776 1487 501.

1113 1508 1190 1538 858.
1218 1506 1371 1538 tunmllu
1397 1508 1435 1537 cf.
1463 1506 1499 1542 S,
1530 1506 1557 1535 l.

1114 1554 1191 1584 859.
1219 1553 1327 1583 sistet.
1377 1555 1491 1583 Nobile
1508 1554 1590 1581 illud
1616 1554 1762 1585 verbum,
1786 1552 1869 1586 quod

1067 1602 1159 1630 Iovis
1178 1601 1315 1630 Statoris
1337 1601 1442 1630 iniicit
1465 1599 1653 1628 memoriam
1670 1599 1743 1627 Liv.
1768 1595 1793 1634 1,
1814 1594 1868 1626 12.

1067 1648 1152 1684 „Hic
1184 1649 1297 1676 Gallos
1338 1652 1368 1676 et
1397 1648 1525 1675 Poenos
1565 1645 1706 1680 equestri
1746 1644 1869 1679 proelio

1066 1694 1259 1728 superavit*
1285 1695 1316 1721 S.

1113 1737 1189 1767 860.
1216 1741 1259 1767 Μ.
1286 1740 1465 1768 Marcellus
1488 1738 1601 1765 Gallos
1632 1737 1665 1764 in
1689 1736 1788 1765 Italia
1812 1744 1869 1765 su—

1066 1786 1190 1819 periore
1231 1785 1352 1814 devicit
1393 1784 1515 1819 proelio
1554 1783 1712 1819 equestri,
1760 1790 1867 1818 regem

1067 1831 1309 1859 Viridomarum
1351 1829 1526 1865 interfecit,
1564 1829 1657 1857 tertia
1690 1832 1719 1857 et
1751 1828 1868 1857 ultima

1067 1877 1175 1905 retulit
1214 1877 1321 1911 spolia
1362 1877 1480 1911 opima.
1545 1874 1678 1909 (Prima
1708 1875 1869 1903 Romulus

1065 1924 1196 1951 Acrone
1220 1923 1421 1951 Caeninensi
1443 1928 1551 1957 caeso,
1577 1921 1719 1949 secunda
1743 1921 1868 1949 Cossus

1066 1966 1239 2004 01:8⁴2.)
1290 1969 1420 1996 Primus
1453 1971 1523 2003 post
1556 1967 1690 1996 Cannas
1726 1966 1869 2001 equestri

1067 2014 1189 2049 proelio
1215 2015 1296 2043 xic-it
1320 2014 1539 2043 Hannibalem
1564 2013 1603 2042 cf
1629 2013 1686 2041 Sil.
1718 2009 1868 2049 12,178

1067 2069 1113 2095 sq.
1143 2075 1181 2080 —
1211 2057 1360 2098 Quirino
1386 2056 1707 2109 cf.P1ut.1)1arc.S
1738 2053 1870 2087 Καίτοι

1068 2100 1183 2145 φασιν
1227 2099 1265 2134 ἐν
1304 2103 1383 2157 τοῖς
1427 2097 1666 2154 υπομνήμασι
1707 2099 1869 2141 Νουμᾶν

1072 2147 1277 2189 Πομπίλιον
1312 2158 1375 2179 και
1417 2144 1572 2189 πρώτων
1609 2141 1766 2198 ὀπιμίων
1806 2144 1868 2178 καὶ

1068 2191 1248 2246 δευτέρων
1280 2204 1340 2224 και
1371 2193 1504 2246 τρίτων
1528 2187 1786 2234 μνημονεύειν,
1820 2188 1866 2223 τὰ

1065 2235 1130 2280 μὲν
1152 2237 1282 2278 πρῶτα
1306 2235 1499 2280 ληφθέντα
1522 2236 1572 2283 τῷ
1590 2236 1782 2290 Φερετρίῳ
1803 2235 1871 2269 Διἰ·

1065 2280 1258 2315 κελεύοντα
1294 2281 1517 2336 καθιεροῦν,
1558 2293 1602 2314 vti
1641 2280 1794 2325 δεύτερα
1829 2279 1868 2315 δὲ

1066 2328 1116 2373 τῷ
1133 2325 1237 2370 Ἄρεϊ,
1264 2340 1309 2360 τα
1331 2326 1369 2361 ὸε
1387 2328 1492 2370 τρίτα
1512 2327 1562 2374 τῷ
1582 2327 1739 2372 Κυρίνῳ.
1779 2333 1867 2361 Idem

1068 2378 1163 2406 tradit
1181 2379 1273 2406 Serx
1300 2379 1341 2406 ad
1365 2380 1396 2406 h.
1425 2379 1445 2406 l
1470 2382 1498 2405 et
1523 2363 1640 2406 Festus
1664 2386 1693 2412 p.
1726 2375 1798 2406 189.
1822 2380 1866 2406 Μ.

1070 2438 1107 2442 -
1139 2424 1199 2452 Hic
1226 2423 1363 2452 ultimus
1396 2428 1606 2459 memoratur,
1640 2428 1675 2452 ut
1707 2424 1866 2453 transitus

1066 2469 1119 2497 liat
1147 2470 1187 2497 ad
1210 2472 1253 2497 Μ.
1278 2471 1470 2498 Marcellum
1492 2469 1637 2505 Augusti
1660 2470 1782 2498 sororis
1805 2471 1867 2499 00-

1067 2515 1180 2543 taviae
1205 2515 1321 2552 filium,
1360 2517 1397 2544 de
1421 2524 1483 2550 0110
1509 2522 1637 2544 summa
1662 2519 1728 2544 erat
1756 2516 1867 2551 populi

1065 2561 1281 2595 exspectatio,
1317 2563 1399 2596 quod
1430 2562 1464 2590 in
1490 2562 1623 2596 imperio
1647 2569 1867 2591 successurus

1065 2608 1254 2636 credebatur
1278 2612 1308 2635 et
1334 2608 1447 2636 multis
1471 2608 1647 2636 virtutihus
1673 2609 1864 2637 excellebat.

1065 2652 1247 2682 Admodum
1265 2653 1397 2682 iuvenis
1414 2657 1560 2682 mortuus
1574 2658 1623 2682 est
1638 2653 1746 2690 Baiis3
1773 2661 1865 2682 sum-

1065 2707 1201 2733 musque
1219 2700 1291 2727 eius
1309 2703 1442 2728 mortem
1460 2703 1591 2729 secutus
1612 2701 1719 2728 luctus
1741 2699 1863 2734 populi.

1065 2745 1144 2773 Eius
1175 2747 1290 2774 laudes
1323 2752 1375 2780 ap.
1402 2746 1487 2774 vell.
1513 2746 1583 2774 Pat.
1612 2743 1651 2783 2,
1684 2741 1738 2772 93.
1787 2746 1863 2773 Seu.

1063 2798 1151 2820 cons.
1176 2793 1217 2820 ad
1240 2794 1340 2820 Marc.
1363 2788 1394 2819 2.

1108 2834 1185 2865 863.
1215 2833 1326 2865 Frons
1367 2833 1464 2866 laeta
1505 2843 1635 2876 parum
1675 2843 1768 2864 omen
1814 2839 1865 2866 est

1061 2882 1173 2910 mortis
1199 2882 1404 2911 immaturae.

1106 2926 1183 2956 866.
1215 2924 1302 2966 Quis
1329 2923 1500 2966 strepitus
1520 2931 1551 2956 et
1579 2923 1639 2965 qui
1662 2930 1711 2955 est.
1733 2927 1766 2955 in
1783 2928 1861 2956 Edd.

1060 2974 1234 3008 Utrumque
1259 2977 1362 3008 potest
1393 2972 1520 3001 defendi
1554 2971 1593 3001 cf.
1620 2969 1696 3001 561.
1747 2973 1860 3002 Utrum

1057 3020 1099 3047 sit
1123 3020 1157 3047 in
1175 3021 1254 3049 Mss.
1280 3027 1344 3048 non
1369 3019 1495 3052 dicitur,
1522 3026 1579 3047 nec
1599 3022 1703 3053 potest
1719 3019 1795 3056 dici,
1818 3017 1859 3049 cf.
