2023 3350
92 209 285 264 Imponit
318 221 482 263 suaque
517 220 640 251 arma
677 209 770 251 viro
808 223 1057 265 remumque
1097 209 1333 266 tubamque

93 268 240 310 Monte
275 266 354 309 sub
394 266 531 318 aerio,

92 325 264 367 Dicitur
301 327 612 388 aeteinumque
651 328 769 367 tenet
807 339 886 379 per
924 327 1098 368 saecula
1131 340 1298 368 nomen.

94 440 309 494 Spelunca
347 440 440 481 alta
477 438 562 481 fuit
596 443 806 495 vastoque
842 441 1040 483 immanis
1073 441 1207 493 hiatu,

93 497 299 551 Scrupea,
341 500 438 539 tuta
474 496 573 538 lacu
611 497 734 551 nigro
770 513 1078 552 nemciumque
1121 498 1324 550 tenebris,

92 555 230 606 Quam
260 568 388 609 super
421 554 537 595 haud
571 554 686 596 ullae
716 560 920 609 poterant
958 556 1131 610 impune
1166 557 1359 598 volantes

91 613 283 654 Tendere
316 613 401 654 iter
437 612 612 665 pennis;

90 670 307 712 Faucibus
348 669 568 711 effundens
611 684 768 724 supera
803 671 859 713 ad
901 686 1091 713 convexa
1128 671 1315 713 ferebat:

90 727 234 784 [Unde
266 728 410 769 locum
448 726 569 769 Graii
604 727 805 770 dixerunt
840 730 1012 771 nomine
1050 729 1258 783 Aornon.]

89 787 306 837 Quattuor
347 785 418 826 1110
456 785 645 838 primum
684 787 907 840 nigrantes
943 791 1069 840 terga
1110 786 1313 828 iuvencos

94 843 332 887 Constituit
366 843 584 896 frontique
616 843 801 898 invergit
836 844 935 885 vina
970 843 1182 895 sacerdos,

89 902 148 944 Et
187 914 375 943 summas
408 914 587 954 carpens
627 901 770 944 media
806 902 920 943 inter
956 915 1118 943 cornua
1152 904 1294 943 saetas

88 958 266 1013 Ignibus
296 959 480 1012 imponit
512 958 665 1010 sacris,

90 1017 207 1058 Voce
243 1030 402 1058 vocans
441 1016 654 1068 Hecaten,

89 1074 347 1128 Supponunt-
380 1074 454 1116 alii
489 1074 669 1125 cultros,
710 1075 990 1128 tepidumque
1025 1086 1221 1114 cruorem

91 1132 341 1186 Suscipiunt
377 1131 553 1185 pateris.

89 1190 256 1232 Aeneas
289 1190 419 1230 matri
449 1189 734 1235 Eumenidum
771 1202 1042 1242 magnaeque
1083 1186 1224 1229 sorori

88 1248 203 1290 Ense
240 1246 360 1299 ferit,
399 1246 676 1300 sterilemque
707 1246 805 1299 tibi,
843 1245 1125 1299 Proserpina,

689 94 927 130 AENEIDOS
959 98 1048 130 LIB.
1075 97 1136 132 VI.
1660 99 1742 137 277

578 266 652 320 qui
690 281 805 309 nunc
846 268 1034 310 Misenus
1069 268 1123 310 ab
1157 269 1233 311 illo

1661 330 1683 356 ι)
1720 329 1738 349 ,-

208 382 288 424 His
326 381 435 424 actis
472 395 658 435 propere
693 384 942 437 exsequitui
978 388 1212 448 praecepta
1247 383 1447 439 Sibjllae.
1661 329 1741 368 “30

656 613 757 655 talis
798 628 891 656 sese
932 614 1091 655 halitus
1130 614 1237 656 atris
1658 615 1740 653 240

1658 902 1738 940 245

710 959 917 1001 libamina
952 959 1104 1013 prima,

696 1016 914 1070 Caeloque
948 1016 1177 1069 Ereboque
1216 1016 1451 1067 potentem.

613 1132 712 1185 Ipse
748 1132 834 1173 atri
873 1130 1042 1173 velleris
1080 1142 1239 1183 agnam
1669 1186 1680 1209 )
1713 1186 1739 1223 Ο

1658 1186 1708 1223 25

1167 1250 1354 1285 vaccam.

983 1371 1059 1403 244.
1087 1370 1266 1403 constituit
1299 1372 1337 1401 cf.
1366 1371 1397 1400 5.
1423 1367 1499 1398 237.
1543 1384 1580 1388 -
1623 1365 1739 1396 inver—

135 1374 213 1406 233.
240 1377 364 1406 Statius
386 1380 525 1406 montem
544 1376 706 1405 Misenum
730 1376 891 1409 significat

86 1423 141 1453 his
173 1423 299 1452 verbis:
347 1419 458 1452 Iliaco
490 1419 642 1462 iugum
670 1418 892 1450 memorabile

87 1477 204 1499 remo
228 1469 310 1497 Silv.
338 1466 368 1505 3,
394 1467 426 1505 5,
452 1465 505 1496 98.
541 1483 579 1487 -
616 1465 724 1496 Arma
751 1467 790 1496 cf.
812 1465 890 1495 507.

88 1545 306 1578 236—263.
355 1544 458 1577 Sacro
482 1544 715 1586 Proserpinae
741 1542 831 1575 facto
857 1542 891 1574 in

88 1590 225 1624 inferna
257 1589 397 1623 Aeneas
431 1594 465 1622 et
495 1589 626 1632 Sibylla
661 1588 892 1621 descendunt.

135 1649 211 1680 2:36.
239 1647 306 1679 Ilis
331 1647 421 1679 ccctis
450 1655 485 1679 ut
517 1647 593 1678 637.
636 1646 689 1686 12,
711 1646 788 1677 843.
834 1649 891 1676 Sil.

88 1694 144 1735 16,
169 1694 247 1725 276.
276 1693 341 1724 457
368 1700 399 1725 et
425 1694 503 1735 quis
523 1693 612 1724 actis
638 1696 696 1723 Sil.
723 1692 753 1726 7.
780 1692 855 1722 730.

135 1740 213 1772 238.
239 1742 445 1782 ,,.8’οΠιμο1ι,·
476 1742 640 1776 lapillosa.
691 1743 772 1769 Nam
801 1748 892 1769 scru-

93 1797 155 1826 pus
179 1788 308 1824 proprie
327 1792 375 1816 est
399 1788 534 1822 lapillus
561 1788 686 1817 brevis.
721 1787 775 1821 qui
801 1795 891 1821 pres-

89 1843 149 1865 sus
191 1834 444 1862 sollicitudinem
484 1838 580 1862 creat.
653 1833 743 1861 Unde
793 1833 888 1861 etiam

90 1877 277 1920 scrupulus
302 1879 407 1908 dictus
432 1883 490 1907 est.
545 1876 635 1907 Tuta
662 1883 787 1911 autem.
812 1878 889 1913 quia

92 1927 169 1956 hinc
193 1927 280 1961 lacu,
304 1925 380 1953 hinc
404 1924 545 1960 cingitur
569 1923 701 1952 sili-iss*
729 1926 760 1952 S.

135 1968 212 1999 241.
240 1978 366 2008 supera
393 1968 600 2008 Mepwybc.
625 1977 728 2008 snper
752 1966 890 1997 MtPlR

90 2026 151 2048 rec.
176 2014 240 2045 Rb.
278 2014 415 2053 Supera
441 2023 592 2044 convexa
619 2023 675 2049 pro
701 2017 790 2043 03010
817 2016 890 2051 Vgl.

90 2063 171 2093 dixit
198 2061 238 2092 cf.
267 2059 298 2095 7.
317 2058 394 2090 562.

136 2106 214 2137 242.
240 2108 377 2143 Dionys.
399 2106 524 2142 Perieg.
557 2097 725 2134 Tov'jvzncc'
747 2112 809 2142 μιν
831 2099 893 2132 καὶ

91 2150 210 2195 φῶτες
254 2146 495 2181 ἐπικλείουσιν
514 2143 676 2188 '‘Aoovov.
730 2150 891 2179 Priscian.

88 2202 163 2229 Per.
191 2197 278 2227 1056
318 2195 416 2227 Unde
446 2194 530 2226 locis
566 2193 671 2224 Graii
698 2197 891 2235 posuerunt

90 2252 215 2276 nomen
241 2240 388 2274 Aornin.
435 2244 530 2273 Lucr.
560 2240 590 2275 6,
617 2240 682 2269 7⁴0
708 2250 755 2276 sq.
793 2238 892 2269 Prin-

90 2288 183 2332 cipio
208 2287 300 2330 quod
324 2288 462 2318 4001ηο
488 2290 674 2323 iocantur,
704 2296 826 2316 nornen
856 2283 892 2314 id

92 2334 136 2366 ab
158 2345 194 2366 re
220 2333 328 2375 ἰπιρο
319 2332 420 2364 itum
447 2336 515 2366 est
548 2331 632 2372 quia
656 2335 735 2361 sunt
767 2331 892 2361 atibus

91 2379 272 2412 contraria
293 2378 437 2410 cunctis.
486 2382 600 2409 Strabo
625 2382 709 2408 lianc
730 2379 892 2407 narratio-

91 2437 166 2457 nem
200 2427 321 2456 falsam
362 2426 520 2456 iudicaxit
559 2426 596 2457 5,
623 2423 660 2457 4,
687 2425 718 2452 5.
753 2433 782 2459 p.
814 2422 889 2452 244.

93 2474 142 2503 cf.
175 2474 216 2501 ad
244 2471 273 2509 3,
302 2469 378 2499 442.
425 2473 469 2500 At
501 2471 609 2500 omisit
639 2474 723 2499 hunc
755 2478 889 2498 versum

94 2519 246 2549 Servius.
277 2519 368 2545 abest
393 2524 413 2545 a
438 2518 540 2549 FMP:
580 2517 678 2545 facile
701 2525 742 2545 ex
768 2518 889 2544 Graeco

94 2572 195 2594 versu
219 2565 259 2592 ab
286 2563 395 2597 aliquo
421 2563 519 2597 potuit
549 2562 668 2591 inferri.
717 2562 807 2596 Quae
831 2569 891 2590 311-

93 2614 156 2639 tem
180 2608 382 2647 gravissima
404 2612 451 2636 est
478 2615 608 2643 caussa,
622 2608 786 2643 Virgilius
810 2614 891 2635 aves

95 2657 233 2685 dixisset
259 2654 368 2683 necari
393 2662 456 2682 non
478 2655 554 2682 13011
570 2654 715 2687 Averno,
736 2654 792 2681 sed
817 2660 890 2687 spe-

94 2703 211 2737 lunca,
241 2708 306 2735 qua
330 2701 370 2729 ad
395 2699 516 2728 inferos
538 2699 749 2728 descenditur.
799 2700 891 2727 Hanc

95 2752 202 2777 autem
228 2748 418 2782 speluncam
443 2749 535 2780 poeta
565 2753 628 2772 non
659 2744 758 2779 potuit
783 2744 891 2772 Aver—

96 2801 172 2822 num
195 2793 310 2822 dicere.
359 2792 395 2820 Id
421 2791 495 2820 fecit
519 2791 618 2826 alius,
644 2790 698 2824 qui
722 2798 817 2824 quum
845 2790 891 2817 si-

95 2839 173 2868 mile
196 2839 272 2874 quid
298 2840 433 2874 legeret,
472 2840 501 2864 et
526 2844 623 2871 prope
645 2836 815 2864 Avernum
839 2843 891 2864 res

96 2889 192 2920 esset,
213 2884 321 2920 ipsum
342 2885 514 2912 Avernum
539 2881 715 2918 significari
738 2881 800 2910 sibi
822 2889 892 2915 per-

97 2930 220 2967 suasit,
245 2930 425 2964 adiecitque
451 2928 593 2956 nominis
616 2934 780 2956 caussam.
831 2923 892 2954 Di-

96 2977 220 3004 xerunt
245 2972 384 3004 nornine
409 2975 487 3010 Ygli
509 2973 649 3002 formula
676 2977 724 3001 est
748 2973 786 3002 cf.
816 2969 892 3000 441.

142 3017 218 3048 243.
242 3018 428 3062 nigrantes
459 3019 498 3049 cf.
524 3018 554 3053 3.
596 3015 667 3046 118.

939 1417 1006 1460 git.
1056 1416 1249 1456 „Fundere
1282 1418 1342 1451 (cf.
1376 1415 1415 1451 4,
1442 1414 1505 1451 61)
1538 1419 1585 1443 est
1619 1414 1737 1448 supina

940 1473 1037 1495 manu
1056 1442 1180 1498 ”libare
1219 1466 1302 1499 quod
1329 1464 1358 1492 fit
1386 1463 1418 1491 in
1444 1461 1550 1490 sacris
1574 1459 1737 1495 supernis.

947 1510 977 1540 1
978 1520 1099 1552 ergere
1122 1516 1229 1540 autem
1256 1515 1303 1539 081
1326 1518 1408 1538 conv
1412 1516 1486 1538 ersa
1511 1508 1543 1535 in
1568 1506 1738 1535 sinistram

940 1562 1062 1593 partem
1087 1565 1185 1587 manu
1212 1557 1256 1585 ita
1282 1556 1431 1586 fundere.
1467 1558 1500 1582 ut
1525 1556 1636 1587 patera
1661 1559 1737 1580 con-

940 1608 1098 1634 vertatur.
1119 1604 1200 1638 quod
1229 1603 1262 1630 in
1280 1601 1416 1629 infernis
1436 1598 1541 1628 sacris
1567 1598 1606 1626 fn.
1648 1598 1738 1625 Haec

939 1654 1047 1678 autem
1079 1650 1236 1684 pertinent
1269 1649 1309 1676 ad
1343 1647 1547 1676 victimarum
1585 1644 1736 1677 explora-

938 1696 1072 1726 tionem:
1108 1700 1140 1723 ut
1164 1695 1192 1722 si
1218 1702 1280 1721 non
1306 1692 1504 1727 stupuerim,
1541 1694 1637 1725 aptae
1663 1697 1737 1723 pro-

938 1744 1085 1770 l)entur.··
1116 1743 1146 1769 S.
1203 1740 1326 1768 Deinde
1358 1739 1391 1766 in
1427 1737 1544 1772 quovis
1579 1734 1737 1763 sacrificio

938 1788 1045 1816 crines
1071 1787 1193 1821 aliquot
1217 1786 1255 1813 de
1280 1784 1387 1819 capite
1409 1782 1546 1816 decerpti
1573 1781 1605 1809 in
1631 1780 1736 1816 ignem

937 1833 1181 1862 inliciebantur:
1217 1835 1283 1859 tum
1314 1830 1405 1858 tiebat
1436 1827 1578 1863 precatio
1609 1825 1647 1856 cf.
1685 1822 1736 1861 12,

938 1877 1002 1907 173
1039 1884 1067 1907 et
1106 1877 1310 1907 sacrificium.
1377 1876 1436 1903 His
1474 1876 1571 1903 rebus
1610 1871 1736 1900 11081130

937 1925 1030 1960 ipsae
1054 1927 1250 1959 putabantur
1272 1922 1397 1951 sacrari
1422 1920 1460 1949 cf.
1491 1917 1541 1955 12,
1567 1915 1643 1946 213.

985 1979 1061 2009 247.
1096 1979 1183 2009 1000
1214 1987 1360 2008 vorans.-
1401 1986 1485 2008 ..non
1515 1975 1641 2010 verbis,
1680 1975 1735 2002 sed

938 2028 1132 2061 quibusdam
1161 2025 1312 2061 mysticis
1345 2023 1470 2052 8011183ἱ
1506 2024 1537 2050 S.
1588 2021 1676 2055 Quod
1706 2020 1736 2047 si

938 2075 997 2100 hoc
1022 2074 1091 2100 loco
1118 2072 1163 2100 ita
1187 2071 1387 2106 explicatur.
1414 2078 1476 2098 non
1502 2072 1609 2096 tamen
1634 2066 1737 2095 differt

938 2125 1020 2146 vore
1050 2124 1176 2145 vorare
1211 2124 1230 2144 3
1266 2115 1410 2150 simplici
1441 2121 1568 2143 vocare
1607 2113 1646 2141 cf.
1684 2109 1736 2147 12,

939 2160 1015 2190 638.
1054 2163 1122 2189 Tib.
1151 2160 1187 2192 2.
1218 2160 1244 2197 1,
1272 2160 1325 2189 83.
1376 2161 1465 2194 Quod
1498 2163 1546 2187 est
1582 2165 1634 2192 ap.
1675 2158 1735 2185 Ov.

937 2209 1010 2236 Her.
1043 2206 1093 2244 10,
1121 2205 1162 2234 :34
1198 2214 1332 2234 summa
1361 2203 1494 2234 Thesea
1530 2211 1608 2231 voce
1639 2210 1736 2237 voro,

936 2254 1043 2282 addito
1069 2260 1205 2282 summa
1230 2252 1313 2279 satis
1339 2251 1490 2279 firmatur.
1539 2249 1594 2277 Sic
1620 2247 1737 2283 legitur

936 2308 1018 2328 vocc
1049 2295 1189 2337 precmi
1227 2296 1256 2326 9.
1284 2295 1360 2324 403.
1404 2293 1456 2330 11,
1481 2292 1546 2322 785
1588 2297 1617 2321 et
1654 2299 1737 2320 voce

936 2341 1132 2381 reserrcl.
1159 2341 1211 2371 9⁴.
1241 2340 1317 2370 208,
1368 2335 1569 2379 100010111ιί
1599 2335 1632 2373 1,
1657 2333 1735 2366 614.

936 2399 1017 2419 vore
1043 2387 1148 2429 effari
1172 2388 1202 2420 2,
1229 2386 1305 2416 522.
1356 2387 1403 2415 (f.
1428 2387 1468 2415 ad
1494 2383 1524 2418 4,
1549 2381 1626 2412 344

982 2444 1286 2495 248.s311›p0n11nt
1326 2441 1477 2473 cultrtos
1519 2444 1554 2471 G.
1596 2439 1631 2477 3,
1668 2436 1734 2467 492

935 2489 1109 2531 suppositi
1148 2489 1363 2532 timrnuneur
1402 2485 1580 2528 sanguine
1617 2481 1734 2514 cultri.

937 2540 1032 2572 „Fuit
1057 2543 1164 2566 autem
1191 2539 1325 2566 xerbum
1350 2542 1533 2570 sacrorum,
1559 2533 1592 2560 in
1617 2530 1735 2566 quibus

937 2561 1015 2613 111311
1045 2584 1163 2612 ominis
1193 2585 1291 2611 xerba
1324 2578 1493 2610 vitabantf
1538 2580 1568 2606 S.
1619 2576 1735 2605 Hostia

937 2631 1066 2664 superis
1103 2636 1200 2658 sacra
1237 2635 1368 2656 sursum
1403 2625 1664 2655 reflectebantur.
1705 2626 1735 2649 et

937 2676 1031 2705 cultri
1066 2676 1176 2711 iugulo
1218 2674 1480 2708 imponebantur3
1522 2669 1636 2698 inferis
1669 2668 1733 2695 diis

937 2728 1034 2750 Sacra
1066 2722 1107 2749 ad
1141 2725 1259 2748 terram
1292 2719 1513 2747 deflectebatur
1547 2721 1665 2750 prona,
1703 2717 1732 2741 et

937 2769 1039 2796 culter
1063 2768 1318 2800 supponebatur,
1357 2764 1467 2799 iugulo
1491 2763 1643 2796 depresso
1674 2760 1732 2787 ad-

937 2815 1137 2841 movebatur.
1166 2827 1203 2830 -
1231 2811 1439 2847 tepidumque
1465 2807 1504 2836 cf.
1532 2804 1563 2842 1,
1585 2802 1663 2833 701.

986 2867 1061 2896 250.
1094 2864 1327 2897 Eumenidum
1360 2865 1472 2893 mater
1509 2865 1580 2892 Nox
1613 2866 1661 2891 est
1692 2862 1732 2890 cf.

940 2912 972 2951 7,
999 2913 1075 2949 331,
1101 2914 1236 2947 eiusque
1258 2919 1349 2940 soror
1373 2911 1495 2939 Tellus.
1541 2927 1546 2930 -

988 2968 1062 2999 251.
1089 2966 1239 3013 sterilem
1272 2975 1433 3000 vaccam,
1466 2973 1541 2995 nam
1568 2969 1662 2999 rapta
1693 2964 1735 2992 ad

941 3017 1089 3046 Tartarei
1112 3016 1293 3044 thalamum
1318 3013 1513 3048 Proserpina
1546 3011 1633 3048 regis
1663 3011 1735 3045 pla-
