2023 3350
697 55 931 90 AENEIDOS
956 57 1042 91 LIB.
1069 57 1128 90 XI.

119 173 191 215 Nil
224 185 389 225 moror,
428 184 481 213 en
518 169 696 224 supplex
737 170 873 212 venio.

118 231 233 272 Pone
266 230 448 281 animos,
485 231 527 269 ct
571 228 720 281 pulsus
761 228 849 281 abi3
889 232 958 271 sat
993 228 1145 271 funera
1179 228 1264 271 fusi

120 288 314 330 Vidimus
344 288 535 340 ingentes
571 288 614 327 et
650 286 937 329 desolavimus
976 300 1115 340 agros.

120 347 227 397 Aut,
261 345 297 387 si
334 344 450 386 fama
478 346 640 396 movet,
681 344 716 386 si
750 348 921 386 tantum
952 348 1127 398 pectore
1166 343 1300 386 robur

123 402 335 456 Concipis,
367 407 409 443 et
444 400 480 442 si
520 400 627 442 adeo
661 401 818 444 dotalis
858 402 978 456 regia
1011 401 1131 444 cordi
1169 405 1254 444 est:

120 460 263 511 Aude,
301 462 432 512 atque
472 458 698 501 adversum
732 459 868 503 fidens
909 460 974 502 fer
1007 463 1157 514 pectus
1198 459 1243 500 in
1273 457 1456 499 hostem.

121 517 313 568 Scilicet,
348 519 396 557 ut
438 516 580 558 Turno
619 517 842 572 contingat
881 518 1001 571 regia
1039 517 1235 568 coniunx,

119 576 228 626 Nos,
265 573 434 616 animae
470 574 595 626 viles,
627 575 853 618 inhumata
889 575 1120 629 infletaque
1155 573 1298 624 turba,

121 633 371 675 Sternamur
413 633 588 686 campis.

648 634 704 675 Et
732 633 819 675 iam
850 636 920 684 tu,
951 633 987 674 si
1023 646 1108 687 qua
1141 631 1222 674 tibi
1251 631 1327 682 vis,

119 689 165 731 Si
197 689 330 744 patrii
364 690 469 744 quid
501 690 654 733 Martis
693 690 849 744 habes,
880 691 1001 732 illum
1031 690 1205 745 adspice
1240 692 1402 741 contra,

121 746 202 798 Qui
238 750 376 789 vocat.

232 804 408 847 Talibus
448 805 611 847 exarsit
647 805 773 849 dictis
810 805 1013 849 violentia
1050 805 1203 857 Turni3

116 862 206 904 Dat
241 863 465 917 gemitum,
496 864 742 918 rumpitque
774 864 852 906 has
889 864 976 905 imo
1016 867 1192 917 pectore
1229 874 1372 903 voces:

117 920 262 974 Larga
292 920 482 975 quidem,
521 921 710 974 Drance,
748 935 915 976 semper

118 978 240 1030 Tum,
278 993 409 1033 quum
439 978 554 1021 bella
594 993 744 1022 manus
772 982 979 1035 poscunt;
1013 978 1299 1033 patribusque
1330 975 1495 1019 vocatis

117 1036 285 1078 Primus
322 1036 436 1078 ades.

497 1036 580 1080 Sed
618 1051 703 1079 non
736 1037 943 1092 replenda
980 1040 1045 1079 est
1079 1037 1200 1078 curia
1233 1034 1385 1087 verbis,

1671 53 1753 94 553

934 170 1140 213 Miserere
1178 172 1363 224 tuorum,
1675 168 1756 209 365

1676 457 1758 496 370

1673 748 1756 788 375

955 921 1037 964 tibi
1076 921 1202 975 copia
1238 918 1360 961 fandi

1677 1035 1760 1074 380

119 1093 237 1144 Quae
276 1097 370 1136 tuto
406 1092 486 1136 tibi
522 1108 681 1149 magna
720 1096 884 1147 volant,
924 1094 1027 1136 dum
1064 1093 1240 1136 distinet
1272 1092 1441 1135 hostem

117 1151 262 1206 Agger
294 1165 561 1206 moerorum,
597 1166 675 1195 nec
714 1152 927 1195 inundant
964 1152 1169 1207 sanguine
1206 1150 1358 1193 fossae.

163 1304 239 1335 366.
261 1303 386 1346 pulsus
416 1303 494 1336 abi:
539 1307 591 1336 Ad
625 1308 708 1336 haec
736 1307 913 1342 respondet

117 1353 249 1381 Turnus
276 1360 307 1381 v.
339 1350 415 1381 392.
455 1368 493 1372 —
534 1352 582 1382 cf.
609 1351 641 1389 5,
668 1352 745 1381 305.
782 1353 813 1389 7,
837 1350 914 1380 733.

117 1397 174 1434 12,
203 1397 268 1426 733
295 1395 450 1427 indictus
474 1395 596 1427 abibis.
631 1399 724 1427 Adde
754 1395 916 1436 repulsus

116 1441 228 1473 abibis
253 1446 415 1479 Sall.1ug.
437 1443 510 1473 110.
547 1441 674 1473 missus
699 1440 810 1472 abibis
837 1445 914 1472 Hor.

117 1492 185 1518 Sat.
218 1488 250 1527 2,
278 1489 307 1525 1,
332 1488 386 1518 86.
426 1498 484 1525 pro
514 1490 688 1525 repelleris
713 1493 775 1518 etc.
810 1488 851 1518 cf.
883 1487 915 1527 2,

118 1535 194 1564 169.
241 1536 344 1564 Simili
369 1537 464 1564 modo
492 1537 552 1565 Ov.
581 1538 622 1564 Μ.
647 1535 679 1571 2,
706 1534 772 1564 453
797 1532 916 1564 labens

116 1578 190 1611 ibat
206 1578 315 1610 rivus.
342 1580 373 1618 3,
389 1579 457 1609 388
472 1589 685 1622 egressaque
706 1578 806 1610 silvis
832 1578 917 1610 ibat.

115 1643 160 1648 —
186 1628 324 1656 nemine
352 1627 451 1656 animi
474 1628 681 1663 superbiam,
721 1634 785 1662 qua
807 1627 914 1656 Latini

115 1681 217 1709 gener
237 1673 307 1702 fore
332 1674 428 1708 cupis
452 1675 602 1703 omnibus
625 1673 750 1702 invitis.

161 1729 238 1760 367.
262 1727 498 1759 desolavimus
522 1737 650 1769 agros:
675 1730 796 1759 similia
821 1729 862 1758 cf.
887 1729 916 1768 l,

116 1773 195 1851 4711.
242 1779 324 1805 Slal.
355 1777 456 1805 Theb.
496 1774 528 1813 6,
569 1775 634 1804 917
679 1773 916 1805 desolavimus

118 1830 160 1851 ur
185 1829 231 1851 es.

162 1876 239 1906 369.
272 1874 410 1907 Dotalis
458 1875 576 1919 regia,
620 1885 757 1912 regnum
798 1877 915 1915 Latini,

118 1925 203 1959 quod
231 1925 339 1952 dotem
364 1924 501 1960 accipit,
545 1924 600 1958 qui
624 1925 710 1952 ducit
733 1924 915 1953 Laviniam.

117 1970 221 2006 Quasi
242 1970 335 2005 regni
361 1970 468 2005 magis
494 1975 584 1999 esset
621 1970 758 2004 cupidus
784 1972 916 1998 Turnus

118 2023 215 2051 quam
252 2016 399 2050 reginae.
446 2017 562 2045 Dotem
601 2017 719 2045 marito
759 2017 836 2044 dare
874 2018 915 2044 ab

118 2062 236 2091 uxoris
269 2067 362 2096 patre
395 2069 467 2090 mos
498 2066 568 2090 erat
604 2063 785 2091 Romanus.
834 2062 915 2090 Inde

118 2109 215 2137 etiam
248 2109 320 2143 Vgl.
351 2115 425 2137 eum
469 2115 592 2137 morem
629 2107 839 2143 observas-in
886 2111 917 2136 et

117 2159 277 2184 memorat
303 2150 401 2182 dotes
425 2153 457 2191 7,
480 2152 562 2192 423,
588 2157 618 2182 et
640 2151 776 2183 dotales
802 2154 919 2182 dantur

118 2201 254 2229 Aeneae
284 2199 375 2234 Tyrii
399 2196 430 2236 4,
461 2198 536 2236 104,
573 2204 606 2228 ut
629 2201 660 2228 11.
687 2202 708 2228 1.
736 2205 767 2229 et
792 2199 825 2235 9,
849 2199 917 2228 737

118 2246 220 2281 regia.
257 2245 311 2274 Sic
337 2252 388 2280 ap.
408 2246 468 2274 Ον.
495 2248 536 2274 Μ.
562 2244 594 2283 4,
616 2244 684 2275 705
705 2243 917 2286 promittunt

118 2299 268 2333 regnum
293 2288 412 2320 dotale
441 2293 617 2331 parentes,

165 2357 244 2388 372.
272 2359 405 2389 Scilicet
422 2369 484 2390 nos
502 2365 699 2397 sternamur,
717 2360 814 2397 viles,
831 2368 917 2395 quos

121 2405 231 2434 curari
253 2413 319 2435 non
340 2406 448 2443 iuvat,
480 2407 510 2436 si
534 2409 629 2436 modo
656 2409 787 2436 Turnus
813 2414 917 2435 uxore

121 2452 273 2488 potiatur.
304 2467 348 2471 —
381 2455 457 2481 Seu.
482 2454 601 2482 Troad.
627 2452 667 2482 81
696 2450 828 2493 vulgus
857 2450 919 2481 do—

119 2494 253 2527 minam
293 2494 362 2526 vile
402 2505 594 2537 sequemur.
651 2501 699 2528 lla
740 2495 920 2539 sanguine

119 2540 206 2572 viles
235 2545 316 2572 Stat.
346 2545 446 2572 Theb.
470 2542 509 2582 2,
542 2543 621 2574 458.
644 2560 688 2566 --
714 2541 920 2574 inhumata.-

120 2590 224 2618 Recle
245 2590 352 2623 quoad
380 2591 544 2628 Turnum,
583 2591 637 2626 qui
670 2599 736 2619 non
771 2589 918 2627 perfecit,

120 2639 154 2664 ut
182 2639 320 2669 possent
348 2635 498 2672 sepeliri;
529 2637 589 2665 sed
611 2637 641 2665 id
669 2637 804 2666 debetur
825 2635 918 2665 beni-

121 2680 234 2717 gnitati
259 2681 405 2709 Aeneae.

166 2735 245 2766 374.
273 2733 417 2776 adspice
444 2738 584 2766 contra.-
626 2729 738 2776 ἄντην
761 2731 918 2772 εἰςιδέειν

119 2784 259 2813 Hom.11.
278 2781 328 2819 19,
349 2782 404 2818 ¹53
425 2790 504 2811 nos:
520 2779 574 2811 ius
587 2779 725 2812 Gesicht
740 2780 861 2818 seheri,
887 2786 921 2811 ut

122 2829 239 2858 dicitur
281 2830 397 2857 oculos
439 2830 554 2857 tollere
605 2832 720 2857 contra
765 2829 920 2863 aliquem.

121 2877 202 2910 Nep.
220 2877 333 2910 Epam.
348 2873 371 2902 8
395 2874 678 2903 Lacedaemonios
702 2871 922 2904 nemoBoeo-

122 2922 237 2951 torum
261 2927 369 2950 ausus
390 2917 465 2959 fuit
489 2918 670 2961 adspicere
694 2916 729 2948 in
755 2917 842 2949 acie.

171 2975 248 3006 375.
273 2976 322 3007 cf.
342 2983 375 3006 v.
404 2976 470 3007 115
490 2985 540 3013 sq.

981 1303 1181 1336 376--—444.
1231 1303 1371 1334 Turnus
1398 1302 1568 1334 Drancem
1592 1301 1730 1335 refellit.

1006 1372 1084 1402 376.
1111 1375 1242 1402 Turnus
1269 1381 1328 1409 per
1355 1373 1483 1408 singula
1509 1372 1627 1401 refutat
1653 1374 1761 1402 Dran-

963 1420 1012 1449 cis
1040 1419 1243 1453 oralionem;
1284 1423 1315 1448 et
1342 1423 1373 1448 111
1398 1419 1466 1448 fieri
1491 1421 1576 1448 solet
1601 1418 1633 1447 in
1659 1420 1761 1447 alter-

962 1466 1107 1502 catione,
1148 1465 1283 1494 crimina
1317 1472 1402 1500 quae
1438 1464 1543 1493 refelli
1580 1469 1758 1501 nequeunt,

962 1513 1085 1541 intacta
1109 1511 1280 1547 relinquit;
1327 1511 1393 1539 alia
1430 1510 1596 1546 proponit,
1639 1511 1759 1546 quibus

962 1557 1107 1586 maxime
1151 1557 1379 1586 adversarium
1419 1558 1535 1586 doceat
1565 1564 1643 1585 esse
1676 1557 1761 1585 indi·

962 1611 1072 1641 gnum,
1100 1604 1185 1637 quod
1209 1603 1350 1637 ignavus
1377 1603 1436 1638 sit;
1460 1611 1498 1632 se
1515 1607 1622 1632 autem
1638 1607 1668 1631 et
1684 1602 1760 1631 boni

962 1649 1055 1678 ducis
1079 1654 1110 1678 et
1133 1649 1244 1678 militis
1271 1654 1382 1684 partes
1405 1649 1620 1685 sustinuisse,
1655 1656 1762 1683 neque

961 1702 1078 1725 verum
1104 1702 1194 1731 esse,
1219 1696 1305 1729 quod
1332 1695 1440 1724 victos
1468 1695 1552 1724 dicat
1578 1694 1725 1723 Latinos.

1007 1740 1084 1770 377.
1111 1738 1173 1769 dat
1197 1739 1380 1782 gemitum,
1399 1741 1531 1776 ingemit
1554 1740 1594 1769 cf.
1621 1739 1653 1776 2,
1683 1739 1760 1768 698.

962 1802 1007 1807 ——-
1031 1783 1161 1826 rumpit
1187 1794 1314 1822 vocem,
1340 1786 1380 1815 cf.
1399 1786 1430 1823 2,
1450 1785 1523 1815 129.
1561 1789 1673 1823 „More
1697 1794 1758 1814 suo

903 1853 913 1865 .
963 1832 1105 1862 habitum
1129 1831 1258 1861 suturae
1285 1833 1443 1862 orationis
1470 1830 1645 1861 ostenditf‘
1669 1834 1701 1861 S.

1010 1877 1088 1907 378.
1114 1880 1224 1907 verba
1247 1878 1344 1917 facis,
1371 1886 1467 1914 quum
1492 1879 1619 1913 proelio
1645 1879 1761 1907 decer·

962 1925 1093 1954 tandum
1115 1928 1176 1953 est.

1008 1969 1089 1999 381.
1121 1966 1234 1998 Γετόα
1259 1977 1394 2009 magna
1420 1966 1556 1998 volant:
1584 1971 1646 1998 Pro
1674 1969 1761 2008 telis,

963 2016 1081 2051 quibus
1109 2023 1193 2050 opus
1219 2019 1269 2045 est
1288 2015 1320 2043 in
1344 2015 1481 2051 proelio,
1508 2022 1626 2050 magna
1643 2017 1762 2050 loque-

962 2063 1008 2091 ris
1039 2063 1072 2091 in
1104 2061 1205 2091 curia.
1256 2060 1304 2090 cf.
1341 2062 1413 2091 Val.
1443 2063 1491 2090 Fl.
1516 2061 1548 2098 5,
1577 2061 1645 2090 600
1682 2058 1760 2091 Non

956 2107 1100 2146 frustra
1137 2115 1273 2148 magna
1307 2105 1453 2146 superbo
1496 2104 1592 2136 dicta
1629 2105 1762 2145 volant,

964 2151 1033 2191 ait,
1076 2155 1108 2182 et
1136 2161 1251 2182 vocem
1287 2150 1393 2192 paria
1425 2161 1526 2181 arma
1558 2155 1761 2192 sequuntur.

961 2215 1007 2220 -—
1032 2196 1178 2229 distinet
1202 2200 1290 2238 Pybc
1313 2203 1343 2227 el
1358 2201 1391 2228 S.
1416 2195 1564 2228 destinet
1588 2200 1613 2227 R
1630 2195 1762 2228 detinet

965 2248 1006 2275 Μ.
1055 2247 1256 2280 Interpretes
1300 2244 1369 2273 fere
1409 2251 1522 2274 omnes
1562 2251 1581 2273 a
1622 2244 1761 2279 Virgilio

963 2292 1119 2327 scriplum
1139 2299 1216 2320 esse
1237 2295 1348 2326 putant
1367 2287 1521 2327 distinet,
1549 2291 1634 2324 quod
1650 2298 1761 2318 errore

963 2343 1119 2367 mutatum
1146 2338 1188 2366 sit
1211 2337 1243 2365 in
1266 2334 1424 2374 destinet,
1457 2336 1553 2371 idque
1579 2340 1762 2364 correctum

962 2384 994 2413 in
1022 2381 1164 2413 detinet.
1196 2380 1384 2419 „Detinere
1408 2387 1458 2411 est
1474 2382 1591 2410 morari
1609 2382 1763 2419 aliquem,

965 2427 1133 2459 distinere
1150 2429 1324 2464 prohibere
1348 2429 1522 2465 disiuncta,
1547 2436 1588 2456 ne
1611 2428 1642 2456 in
1662 2435 1762 2456 unum

964 2476 1053 2505 coire
1091 2473 1254 2510 possint.“
1291 2476 1367 2510 xvg.
1405 2477 1497 2504 Hanc
1537 2473 1763 2504 ratiocinatio·

964 2530 1038 2551 nem
1066 2521 1166 2550 firmat
1190 2523 1234 2557 S.,
1261 2521 1335 2555 qui:
1362 2517 1557 2557 ‚,Distinet,
1582 2524 1682 2558 arcet,
1708 2527 1763 2548 re-

964 2569 1072 2603 pelli1;
1101 2567 1232 2602 proprie
1258 2571 1352 2595 extra
1375 2570 1473 2595 tenet.
1521 2568 1601 2596 Nam
1626 2563 1680 2595 dis
1705 2573 1763 2595 se-

965 2613 1113 2649 parantis
1139 2616 1201 2649 est,
1232 2613 1318 2641 unde
1342 2616 1373 2641 et
1399 2609 1524 2641 diduco
1550 2615 1580 2640 et
1604 2608 1763 2641 distraho

966 2657 1137 2688 dicimus.“

1012 2703 1088 2733 382.
1116 2711 1236 2744 agger
1259 2711 1449 2732 moerorum
1476 2702 1515 2732 cf.
1544 2701 1601 2740 10,
1627 2700 1681 2732 24.
1718 2719 1763 2724 —

965 2747 1143 2780 inundant
1183 2746 1359 2789 sanguine
1391 2747 1512 2787 fossae
1543 2748 1584 2778 cf.
1611 2747 1642 2786 3,
1684 2748 1761 2779 625.

966 2812 1010 2816 —-
1035 2795 1268 2830 magniloquus
1295 2802 1348 2830 es,
1392 2796 1466 2823 dum
1498 2798 1586 2823 tulus
1616 2794 1648 2824 in
1684 2797 1763 2825 urhe

965 2844 1070 2878 lates,
1111 2849 1173 2870 nee
1203 2842 1316 2870 hostes
1353 2843 1463 2870 urbem
1492 2845 1691 2877 oppugnant.
1717 2857 1762 2861 —-

970 2890 1051 2917 Tum
1077 2887 1183 2922 patiar
1207 2894 1226 2915 a
1252 2891 1282 2914 le
1307 2887 1383 2915 1111111
1405 2887 1570 2922 ignaviam
1595 2887 1702 2924 obiici,
1732 2887 1764 2918 si

972 2934 1087 2962 eadem
1118 2933 1150 2962 in
1172 2933 1297 2968 proelio
1329 2933 1504 2968 splendida
1533 2932 1622 2963 sacta
1651 2934 1763 2963 edide-

969 2979 1026 3016 ris,
1053 2986 1137 3014 quae
1158 2986 1233 3015 ego.
