2023 3350
201 137 283 177 308

775 133 814 165 P.
841 131 1041 166 VIRGILII
1065 132 1279 168 MARONJS

201 246 397 301 Accipio!
436 245 609 300 quantis
645 245 882 297 iactatum,
924 249 1046 297 nate,
1079 247 1275 301 periclis!

203 306 340 356 Quam
379 303 538 354 metui,
578 316 632 344 ne
666 302 772 356 quid
807 302 971 356 Libyae
1006 303 1090 346 tibi
1125 319 1261 358 regna
1299 305 1529 348 nocerent!

201 363 279 404 Ine
311 364 475 402 autem:
514 359 605 401 Tua
641 374 729 412 me,
768 361 958 414 genitor,
986 364 1064 402 tua
1094 363 1233 404 tristis
1272 362 1418 417 imago

1772 363 1855 404 695

203 419 382 473 Saepius
423 431 654 459 occurrens
688 418 796 459 haec
831 418 982 460 limina
1012 418 1192 461 tendere
1225 420 1393 474 adegit3

204 477 331 518 Stant
369 475 458 517 sale
498 475 719 529 Tyrrheno
760 476 932 517 classes.

999 477 1068 518 Da
1100 477 1279 531 iungere
1322 478 1534 530 dextram,

204 535 291 586 Da,
331 533 523 586 genum-3
563 536 694 586 teque
738 534 943 587 amplexu
979 548 1033 575 ne
1074 534 1284 576 subtrahe
1318 540 1482 578 nostro.

205 591 275 633 Sic
314 604 559 632 memorans
596 590 720 645 largo
759 591 865 633 fletu
905 591 1034 633 simul
1071 605 1150 634 ora
1190 591 1376 645 rigabat.

204 649 286 690 Ter
322 651 503 689 conatus
542 647 603 689 ibi
642 649 752 690 collo
796 649 900 690 dare
935 648 1118 691 brachia
1156 650 1330 691 circum.

1777 653 1860 692 700

204 706 287 747 Ter
323 705 489 747 frustra
528 719 788 760 comprensa
827 721 980 749 manus
1018 706 1170 761 effugit
1206 708 1363 761 imago,

203 763 289 806 Par
325 763 494 805 levibus
531 765 689 816 ventis,
724 764 977 818 volucrique
1009 765 1229 807 simillima
1267 779 1419 808 somno

318 821 496 863 Interea
528 821 647 863 videt
685 822 852 864 Aeneas
887 823 933 864 in
969 823 1083 865 valle
1116 823 1300 865 reducta

205 878 429 921 Seclusum
468 893 618 921 nemus
657 883 700 921 et
736 880 928 934 virgulta
963 882 1166 923 sonantia
1204 881 1338 923 silvae

203 937 547 991 Lethaeamque,
587 936 738 979 domos
770 938 968 992 placidas
1006 939 1081 992 qui
1112 941 1363 994 praenatat,
1401 950 1583 979 amnem.

1779 940 1862 979 705

204 994 331 1036 Hunc
374 995 537 1036 circum
578 995 830 1038 innumerae
870 1000 1018 1050 gentes
1053 997 1289 1052 populique
1326 995 1556 1047 volabant3

205 1054 267 1094 Ac
303 1051 440 1094 veluti
476 1053 521 1094 in
555 1053 696 1106 pratis
732 1053 808 1096 ubi
839 1068 944 1109 apes
980 1059 1148 1097 aestate
1183 1068 1337 1097 serena

206 1159 327 1194 positio
361 1160 479 1188 eadem
513 1160 553 1188 ad
587 1161 650 1189 (luo
684 1161 821 1196 pertinet
854 1164 1014 1191 substan-

206 1205 293 1243 tiva,
322 1206 407 1234 solet
434 1205 484 1234 bis
514 1206 609 1243 poni,
636 1211 689 1234 aut
717 1208 758 1235 ad
787 1207 878 1242 prius
904 1209 1013 1243 posita

207 1252 247 1280 ad
273 1253 410 1280 alterum
436 1251 596 1285 suppleri.
646 1253 771 1281 Poetae
795 1258 902 1282 autem
929 1262 1012 1282 non-

206 1304 373 1332 nunquam
399 1304 466 1325 non
493 1298 534 1325 ad
560 1297 662 1332 p-rius.
690 1299 748 1326 sed
778 1300 818 1327 ad
845 1300 1011 1334 posternis

207 1347 375 1378 apponunt
391 1344 604 1371 vocabulum.
651 1343 699 1372 Cf.
717 1343 794 1372 416.
820 1343 852 1380 2,
877 1344 953 1373 654.
979 1344 1010 1381 5,

207 1387 284 1417 512.
305 1389 338 1425 7,
353 1387 408 1417 59.
449 1389 526 1417 Hor.
547 1389 582 1417 C.
599 1387 630 1424 3,
646 1387 700 1425 25,
717 1387 739 1416 2
759 1398 850 1429 quae
868 1398 1012 1419 nemora

207 1435 271 1463 aut
295 1441 381 1473 quos
405 1441 497 1474 agor
522 1431 558 1462 in
583 1442 716 1473 specus.
765 1437 825 1470 Ep.
849 1435 883 1473 2,
918 1435 944 1472 1,
968 1435 1013 1464 23

200 1477 355 1518 foedera
376 1486 503 1520 regum
524 1475 579 1508 vel
607 1476 728 1509 Gabiis
750 1479 802 1510 vel
821 1490 895 1509 cnm
920 1479 1013 1522 rigi-

209 1521 265 1554 dis
289 1526 444 1564 aequata
474 1522 628 1554 Sabinis.
654 1527 704 1554 Ex
724 1526 832 1555 ovidii
859 1528 1013 1556 carmini-

209 1572 270 1600 bus
298 1571 455 1605 exempla
485 1571 588 1599 attulit
617 1572 706 1600 Bach
735 1573 767 1601 in
799 1574 871 1602 Ind.
907 1578 938 1602 ut
970 1576 1011 1602 M.

206 1615 239 1653 7,
268 1614 338 1644 708
391 1612 533 1645 Pectore
569 1613 708 1646 Procris
741 1621 836 1656 erat,
873 1615 1014 1648 Procris

207 1658 294 1691 mihi
319 1668 454 1701 semper
475 1659 511 1690 in
536 1669 606 1690 ore.

253 1705 330 1735 693.
358 1704 506 1746 accipio,
527 1706 568 1736 cf.
587 1707 619 1744 2,
641 1706 694 1736 65.
735 1710 888 1738 Praestat
904 1714 1013 1739 tamen

207 1749 367 1791 accipere
391 1754 514 1781 hahere
540 1759 603 1781 sua
627 1753 671 1782 vi.

254 1796 332 1826 694.
364 1795 498 1835 Quam,
536 1803 757 1835 quantopere,
795 1800 815 1828 i.
852 1808 880 1829 e.
915 1801 1013 1829 etiam

207 1843 410 1872 cum'verbis
428 1843 588 1879 iungitur.
613 1852 697 1879 quae
711 1847 849 1881 gradum
870 1847 1013 1881 aliquem

207 1889 394 1924 significant
424 1889 465 1918 cf.
499 1892 552 1918 Gr.
579 1889 602 1924 S
632 1889 709 1919 476.
767 1891 814 1921 cf.
847 1891 922 1921 436.
963 1891 1013 1928 11,

209 1934 284 1963 179.
316 1940 345 1963 et
376 1942 429 1970 ap.
464 1935 531 1965 Cic.
564 1936 633 1964 Fin.
669 1936 706 1970 5,
738 1937 799 1974 22,
830 1937 869 1965 61
908 1946 1013 1976 quam

207 1977 356 2019 cupiunt
386 1976 559 2009 laudari?
583 1984 674 2010 Fam.
702 1983 732 2019 7,
759 1983 781 2011 5
798 1980 880 2012 vide
907 1991 1011 2022 quam

207 2022 294 2054 mihi
321 2023 574 2065 persuaserim,
610 2029 642 2056 te
669 2036 742 2057 esse
772 2037 824 2057 me
851 2026 1012 2058 alterum.

206 2084 252 2090 -
281 2067 413 2111 Libyae
433 2079 562 2112 regna.
602 2075 648 2102 Ne
671 2081 691 2102 a
712 2074 839 2103 Didone
864 2079 1013 2104 retentus

207 2120 263 2145 aut
298 2117 375 2145 mati
407 2117 531 2152 aliqum
563 2125 687 2154 passus
726 2121 842 2149 ltaliae
875 2128 1013 2156 regnum

208 2162 393 2199 omitteres,
419 2164 528 2192 metui.

253 2207 330 2237 696.
357 2206 501 2248 saepius
531 2208 572 2237 cf.
607 2207 643 2245 4,
675 2209 754 2239 351.
804 2210 935 2248 5,731.
971 2228 1009 2232 —

211 2251 344 2294 Adegit
367 2262 395 2283 c.
420 2254 598 2284 infinitivo:
627 2259 771 2286 Secutus
795 2261 845 2286 est
871 2259 949 2286 Tac.
971 2259 1011 2287 A.

209 2297 270 2337 12,
304 2299 325 2327 4
355 2296 508 2330 adactus
542 2298 691 2330 Silanus
721 2300 861 2332 eiurare
891 2301 1012 2344 magi-

208 2345 371 2382 stratum,
397 2346 487 2375 alibi.
521 2346 561 2375 cf.
588 2344 752 2387 subigere
776 2347 814 2385 2,
840 2347 894 2377 33.

252 2390 328 2420 697.
357 2393 464 2421 stant.
483 2392 701 2429 „Affection‘ts
716 2398 765 2423 est
780 2394 845 2429 filii,
861 2395 957 2424 etiam
974 2403 1014 2425 03

207 2435 371 2474 indicare,
401 2438 442 2466 de
465 2438 585 2473 quibus
608 2446 674 2468 non
697 2440 952 2475 interrogatur.“
979 2444 1013 2471 S.

206 2497 251 2501 —
277 2480 492 2523 deiungere
516 2483 558 2512 cf.
591 2482 623 2519 1,
650 2483 703 2513 66.

252 2527 330 2557 698.
358 2526 542 2567 amplexu,
569 2530 702 2559 dativus
729 2528 766 2567 3,
790 2529 868 2560 541.

252 2573 330 2603 700.
357 2575 486 2604 versus
514 2574 721 2603 700—702
743 2577 821 2605 lecti
846 2577 909 2605 iam
938 2583 1014 2607 sunt

205 2617 246 2655 2,
273 2618 457 2649 792—94.
504 2622 578 2650 Hoc
601 2623 676 2650 loco
702 2621 811 2651 minus
834 2627 911 2651 sunt
935 2624 1012 2661 apti,

207 2672 305 2699 quum
340 2665 395 2694 filii
425 2668 617 2701 amplexum
649 2667 778 2696 vitasse
812 2676 1014 2698 commemo-

207 2715 278 2738 rent
309 2711 498 2750 Anchisen,
534 2713 589 2746 qui
618 2713 730 2741 statim
762 2718 837 2748 post
867 2722 941 2743 cum
971 2723 1011 2744 eo

208 2757 427 2791 colloquatur.
497 2759 588 2786 Idem
621 2762 730 2787 tamen
768 2759 798 2787 fit
827 2766 878 2794 ap.
914 2762 1010 2789 Hom.

208 2801 267 2829 od.
294 2801 345 2830 ll.
369 2801 437 2831 205
456 2807 487 2831 et
513 2802 582 2831 210
600 2804 653 2832 uhi
677 2804 795 2833 Ulixes
814 2812 887 2833 cum
906 2811 1010 2835 matre

207 2848 395 2876 collocutus
409 2855 483 2877 eam
499 2849 653 2884 amplecti
668 2853 779 2888 tentat,
805 2851 892 2885 quod
911 2859 1011 2886 quum

206 2890 329 2921 frustra
379 2897 559 2930 tentasset,

207 2937 333 2966 Deinde
363 2938 393 2967 si
419 2946 451 2967 v.
484 2940 674 2977 eiiciunlur,
712 2941 800 2970 aliud
825 2942 901 2977 quid
925 2942 1010 2972 inse-

207 2983 342 3011 rendum
370 2988 433 3014 est.
455 2988 487 3013 111
511 2992 594 3020 quae
620 2991 819 3023 sequuntur,
846 2989 1009 3017 adhaere-

208 3031 273 3055 ant.

1058 1164 1187 1199 FGMR,
1213 1164 1276 1191 del.
1310 1158 1373 1190 Rb.
1402 1160 1469 1190 Alii
1499 1160 1608 1188 delent
1635 1163 1702 1188 tres
1727 1166 1863 1188 versus.

1060 1211 1188 1238 Tamen
1228 1209 1371 1243 retineo,
1411 1207 1497 1241 quod
1535 1205 1684 1234 tibicines
1709 1205 1862 1235 adiectos

1058 1259 1147 1290 puto.
1208 1254 1390 1283 Maximum
1424 1256 1532 1281 autem
1567 1251 1774 1286 improbandi
1811 1254 1864 1280 est

1057 1304 1286 1335 argumentum
1335 1298 1432 1334 illud,
1483 1298 1570 1331 quod
1612 1297 1677 1325 iam
1720 1304 1753 1326 v.
1795 1295 1864 1325 685

1060 1346 1230 1375 Anchises
1255 1346 1432 1379 amplexus
1456 1343 1544 1379 petiit
1569 1342 1649 1379 filii,
1673 1350 1762 1371 nunc
1786 1342 1866 1377 petit

1059 1390 1182 1420 frustra
1222 1391 1318 1420 filius.
1364 1389 1470 1418 Etiam
1505 1397 1563 1424 per
1593 1386 1728 1418 interea
1766 1388 1864 1418 nimis

1061 1437 1198 1473 rapidus
1227 1442 1276 1466 est
1304 1435 1476 1465 transitus.

1061 1512 1285 1545 703—723.
1340 1512 1480 1545 Aeneas
1517 1511 1693 1554 conspicit
1727 1510 1865 1543 animas

1245 1560 1488 1591 Romanorum
1515 1567 1674 1590 suorum.

1106 1618 1185 1655 703,
1219 1616 1333 1647 Vallis
1364 1615 1510 1647 reducta
1538 1622 1568 1646 ul
1594 1617 1634 1655 8,
1667 1616 1745 1646 609.
1783 1618 1865 1646 Hor.

1061 1666 1096 1695 C.
1124 1664 1159 1701 1,
1196 1664 1250 1702 17,
1290 1664 1337 1693 17.
1386 1666 1444 1699 Ερ.
1471 1663 1510 1701 2,
1553 1663 1589 1692 tl
1623 1667 1675 1692 est
1708 1670 1751 1692 ea
1785 1670 1864 1698 pars

1060 1711 1175 1747 vallis,
1201 1718 1286 1745 quae
1313 1714 1362 1739 est
1390 1711 1537 1746 reducta,
1563 1709 1595 1737 in
1620 1717 1658 1739 se
1674 1716 1866 1747 recurrens,

1061 1758 1192 1792 clausa,
1221 1757 1395 1794 recedens,
1421 1754 1599 1794 „secreta“
1624 1757 1657 1784 S.
1678 1760 1711 1784 ut
1733 1755 1760 1793 1,
1789 1753 1865 1784 161.

1063 1804 1099 1832 G.
1125 1801 1165 1838 4,
1189 1801 1258 1830 420
1284 1800 1382 1830 sinus
1411 1798 1560 1832 reducti.

1109 1846 1184 1875 704.
1213 1845 1326 1876 siIt-ae
1381 1849 1413 1876 S.
1469 1851 1499 1875 01
1550 1845 1715 1876 tulGPRb
1765 1842 1868 1874 siluis

1061 1892 1195 1932 M2F7c.
1224 1895 1400 1922 Molestum
1416 1895 1496 1930 hoc,
1522 1900 1584 1922 nec
1601 1893 1788 1928 explicatur
1808 1891 1866 1920 illo

1060 1939 1091 1969 3.
1119 1937 1187 1967 442
1214 1937 1356 1968 Auerna
1382 1936 1549 1968 sonantia
1574 1936 1695 1974 silvis,
1726 1946 1789 1968 nec
1812 1937 1868 1976 iis,

1061 1991 1147 2020 quae
1173 1986 1326 2020 leguntur
1353 1984 1404 2021 12,
1425 1984 1493 2014 522
1517 1982 1679 2024 virgulta
1700 1980 1869 2014 sonantia

1060 2029 1183 2066 lauro;
1199 2038 1272 2060 nam
1291 2036 1320 2059 et
1336 2028 1438 2060 lauro
1449 2027 1591 2060 etsilvis·
1601 2031 1729 2059 additur
1744 2029 1867 2064 aliquid

1061 2077 1100 2105 ad
1119 2077 1333 2112 sententiam3
1357 2078 1442 2111 quod
1463 2079 1494 2105 h.
1518 2076 1546 2105 1.
1564 2084 1630 2105 non
1650 2076 1691 2105 fit.
1712 2090 1757 2096 ——
1775 2072 1868 2104 silva

1061 2123 1200 2151 coniecit
1219 2120 1302 2161 wg.
1317 2120 1868 2158 sediamreceuitsilvisetutrum-

1061 2176 1123 2202 que
1139 2168 1324 2204 significare
1346 2168 1447 2197 voluit
1474 2168 1688 2203 densitatem,
1715 2174 1813 2202 quam
1834 2170 1867 2195 ut

1061 2216 1286 2243 concedamus
1308 2214 1415 2243 fuisse
1433 2214 1718 2250 significationem,
1743 2213 1800 2242 vix
1817 2217 1867 2242 13.-

1060 2268 1134 2288 men
1148 2267 1220 2288 eam
1238 2265 1312 2296 post
1327 2267 1446 2288 nemus
1460 2264 1490 2288 et
1506 2257 1665 2299 virgulta
1679 2259 1711 2288 in
1726 2267 1758 2288 v.
1774 2255 1868 2288 silva

1062 2306 1235 2340 quisquam
1255 2305 1479 2341 exspectabit;
1495 2313 1604 2340 neque
1620 2306 1782 2339 quomodo
1799 2304 1868 2333 vir-

1061 2353 1162 2386 gulta,
1183 2352 1214 2380 in
1231 2352 1349 2386 quibus
1366 2351 1624 2380 innumerabiles
1639 2351 1768 2380 animae
1784 2358 1866 2379 con-

1061 2397 1253 2433 spiciantur,
1265 2398 1413 2426 dicantur
1424 2398 1638 2435 densissima,
1651 2396 1868 2426 331131111ευὶ-

1060 2443 1156 2477 gitur.
1183 2439 1867 2484 [11110010001103111301υἰνςιιὶῑαεὶὶυαε,

1061 2488 1111 2517 sic
1138 2489 1168 2523 7,
1194 2488 1260 2517 677
1287 2486 1380 2517 silva
1406 2493 1435 2517 et
1465 2486 1627 2529 virgulta
1653 2489 1842 2524 iunguntur.

1108 2532 1185 2562 705.
1217 2530 1414 2563 Praenatat
1437 2533 1676 2572 „praeterfluit,
1700 2541 1776 2563 nam
1800 2541 1867 2563 non

1060 2583 1172 2608 natant
1199 2586 1325 2617 aquae,
1358 2581 1416 2609 sed
1444 2588 1507 2610 nos
1530 2581 1562 2610 in
1588 2581 1674 2616 ipsis
1699 2584 1865 2609 natamus.

1059 2625 1200 2654 Ennium
1227 2625 1324 2660 igitur
1355 2631 1494 2655 secutus
1521 2630 1590 2663 est,
1623 2626 1678 2661 qui
1708 2626 1768 2656 ait:
1790 2623 1866 2664 fla-

1060 2673 1204 2710 ctusqne
1225 2670 1429 2702 natantes.“
1455 2674 1489 2701 S.
1523 2672 1571 2702 ef.
1594 2673 1655 2701 Ov.
1680 2674 1716 2701 1³¹.
1739 2669 1771 2707 4,
1797 2668 1867 2700 292

1065 2713 1247 2745 Tiberinus
1296 2725 1420 2756 campo
1468 2714 1630 2747 liberiore
1668 2717 1782 2746 natat.
1820 2731 1866 2737 —-

1064 2758 1260 2791 Praenatat
1294 2770 1416 2791 novum
1447 2765 1602 2799 verbum,
1639 2765 1866 2791 constructum

1057 2814 1131 2835 cum
1149 2814 1219 2837 acc.
1239 2812 1271 2836 111
1296 2807 1458 2847 praefluo
1474 2809 1583 2838 minus
1603 2808 1682 2837 illud
1699 2808 1866 2843 poeticum

1057 2859 1110 2887 ap.
1143 2854 1222 2881 Hor.
1242 2854 1277 2883 C.
1304 2851 1336 2890 4,
1368 2853 1400 2891 3,
1424 2853 1475 2883 10.
1505 2852 1558 2891 14,
1587 2852 1643 2882 26.
1667 2868 1714 2873 -—
1746 2851 1866 2884 domoc

619 2895 725 2930 pergit
777 2897 1009 2931 colloquendo.
1054 2895 1223 2938 placidas
1248 2905 1411 2935 „campos
1438 2896 1614 2934 Elysios.“
1638 2901 1671 2928 S.

1103 2943 1180 2972 706.
1208 2947 1334 2984 gentes
1368 2942 1562 2985 populique
1598 2943 1640 2974 cf.
1682 2943 1744 2981 10,
1785 2943 1864 2974 202.

1102 2989 1179 3018 707.
1208 2991 1290 3020 Cum
1306 2992 1369 3020 nac
1394 2997 1492 3026 apum
1518 2991 1766 3025 comparatione
1783 2998 1865 3021 con-

329 3030 456 3058 versus
489 3030 557 3060 702
587 3039 652 3061 non
683 3036 734 3061 est
763 3033 797 3062 in
822 3034 865 3070 P,
896 3038 948 3064 est
976 3034 1009 3064 in
1054 3034 1106 3064 fer
1131 3034 1157 3073 1,
1185 3033 1254 3064 430
1280 3040 1310 3066 01
1338 3037 1433 3066 Hom.
1462 3037 1499 3065 Il.
1529 3033 1561 3074 2,
1588 3035 1643 3064 87.
1670 3051 1715 3058 -—
1740 3045 1782 3067 ac
1807 3043 1866 3067 ve-
