2023 3350
226 117 308 156 204

793 115 829 147 P.
857 115 1053 149 VIRGILII
1079 117 1289 151 MARONIS

227 230 418 280 Corpora
449 239 527 279 per
560 229 716 277 terras,
764 226 981 281 silvaeque
1017 232 1060 270 et
1097 243 1224 272 saeva
1256 230 1455 284 quierant

225 287 442 337 Aequora,
490 297 621 336 quum
656 282 797 324 medio
830 284 1057 326 volvuntur
1095 287 1239 329 sidera
1271 288 1407 342 lapsu,

229 343 364 392 Quum
399 343 516 381 tacet
548 339 684 381 omnis
724 353 844 393 ager,
888 341 1094 394 pecudeS,
1137 344 1367 398 pictaeque
1401 346 1606 397 volucres,
1781 347 1862 386 525

228 402 430 450 Quaeque
464 397 583 438 lacus
619 396 706 438 late
741 397 952 450 liquidos,
996 413 1191 453 quaeque
1229 415 1383 454 aspera
1424 403 1563 445 dumis

226 457 344 496 Rura
380 457 547 505 tenent,
592 467 742 495 somno
779 455 947 508 positae
982 456 1060 498 sub
1096 460 1221 499 nocte
1258 459 1411 502 silenti.

224 510 452 567 [Lenibant
485 524 628 562 curaS,
673 514 716 552 et
757 512 891 553 corda
923 512 1059 555 oblita
1089 513 1318 570 laborum]

222 571 279 610 At
316 581 402 609 11011
437 567 587 609 infelix
624 568 755 610 animi
795 569 1050 622 Phoenissa,
1093 584 1170 612 nec
1207 585 1398 625 unquam

223 625 415 667 Solvitur
443 625 488 666 in
524 639 695 667 somnos
742 626 927 668 oculisve
958 631 1035 669 aut
1068 632 1244 682 pectore
1283 633 1454 671 noctem
1781 632 1862 670 ι130

222 683 410 736 Accipit:
455 683 720 736 ingeminant
758 697 907 735 curae,
945 699 1181 738 rursusque
1215 700 1440 739 resurgens

222 741 365 783 Saevit
401 754 540 791 amor,
585 754 828 795 magnoque
867 742 1030 784 irarum
1071 742 1254 784 fluctuat
1289 747 1423 785 aestu.

221 799 290 840 Sic
329 797 437 839 adeo
472 797 654 849 insistit,
701 812 929 852 secumque
966 800 1029 841 ita
1060 800 1188 842 corde
1222 801 1411 854 volutat3

221 856 303 907 En,
346 854 452 909 quid
485 856 598 909 ago?
637 870 843 898 rursusne
877 870 1029 909 procos
1060 857 1197 899 inrisa
1227 859 1393 911 priores

220 913 451 966 Experiar,
490 912 817 967 Nomadumque
855 918 1001 967 petam
1038 915 1254 957 connubia
1288 915 1479 969 suppleX,

220 971 334 1021 Quos
375 984 453 1023 ego
488 971 568 1012 sim
602 971 759 1012 totiens
800 971 887 1012 iam
919 972 1152 1026 dedignata
1185 973 1395 1015 maritos?

218 1029 375 1070 Iliacas
409 1026 544 1080 igitur
577 1028 736 1069 classes
774 1031 906 1082 atque
941 1030 1094 1072 ultima
1128 1030 1337 1072 Teucrum

219 1087 343 1128 Iussa
375 1086 562 1138 sequar?
609 1085 765 1139 quiane
801 1086 962 1129 auxilio
999 1088 1119 1130 iuvat
1157 1092 1258 1130 ante
1294 1088 1472 1139 levatos,

221 1251 338 1286 (Alias
368 1251 405 1280 ef.
437 1247 467 1285 2,
495 1247 524 1278 9.
551 1247 627 1279 250.
655 1247 730 1278 268.
772 1250 810 1285 3,
833 1249 910 1279 508.
939 1248 1016 1281 512.

220 1294 249 1329 4,
275 1295 328 1325 80.
367 1297 398 1333 5,
425 1293 500 1324 738.
528 1294 604 1324 835.
637 1293 667 1331 6,
693 1294 769 1325 539.
803 1295 833 1333 8,
859 1295 911 1325 26.
940 1295 1014 1325 280.

210 1341 295 1371 ¹369.
324 1340 354 1376 9,
381 1338 457 1370 221.
488 1339 540 1378 10,
566 1339 663 1376 215.)
690 1349 773 1376 (11130
798 1343 1016 1377 „protenditur

219 1390 257 1416 ad
284 1388 565 1424 exaggerationem
583 1387 773 1423 vigiliarum
792 1386 962 1418 Didonis.“
982 1390 1013 1416 S.

222 1450 259 1453 —
286 1431 475 1473 carpebant
500 1433 537 1462 ef.
565 1434 605 1461 ad
633 1430 659 1467 1,
687 1431 763 1462 388.

264 1477 339 1506 523.
370 1476 549 1518 quierant:
580 1475 724 1515 Quiesco
746 1479 831 1507 enim
856 1478 1015 1507 inchoati-

221 1533 298 1553 vum
328 1528 395 1560 est,
435 1524 542 1558 itaque
577 1520 739 1562 quierant
773 1525 793 1552 i.
828 1532 853 1552 0.
889 1524 1016 1558 quietae

218 1574 318 1599 eraut.
369 1570 482 1598 Claud.
507 1569 539 1597 in
568 1568 671 1596 Rufin.
704 1567 741 1606 2,
768 1566 832 1597 327
867 1566 1016 1598 Labitur

216 1613 250 1643 in
279 1623 424 1643 somnos.
464 1612 479 1642 Ῑ
494 1611 529 1642 ix
549 1615 619 1642 toto
639 1611 741 1642 corde
766 1612 920 1653 quierat.-
942 1622 1016 1643 eece

216 1658 310 1690 videt
343 1656 441 1688 diras
473 1656 633 1688 alludere
665 1656 827 1698 protinus
862 1656 1013 1695 umbras,

218 1714 306 1746 quas
341 1702 437 1733 dedit
477 1701 550 1742 ipse
589 1700 674 1732 neci.
734 1701 922 1744 Requiesco
960 1706 1014 1734 vei

217 1752 360 1781 activum
385 1755 432 1779 est
462 1752 528 1779 Eel.
561 1748 591 1786 8,
618 1746 648 1778 4.

263 1795 339 1825 524.
366 1793 478 1824 medio
507 1793 609 1834 lapsu
636 1796 655 1823 i.
680 1804 705 1824 e.
732 1796 835 1824 medio
863 1804 918 1830 per
942 1803 1014 1825 030-

219 1845 284 1871 lum
313 1850 410 1871 cursu
437 1843 477 1869 ad
505 1841 644 1875 speciem
668 1841 802 1879 dietum,
834 1848 897 1876 qua
922 1841 1014 1870 vide-

218 1896 300 1918 mus.

264 1930 339 1961 526.
366 1933 524 1961 Volucres
550 1935 623 1959 sunt
649 1931 877 1967 intelligendae
901 1936 930 1960 et
958 1940 1013 1966 per

218 1985 375 2018 quaeque
407 1993 452 1997 ——
491 1984 646 2015 quaeque
685 1978 891 2011 explicantur
931 1984 1012 2006 aves

217 2024 386 2058 aquaticae
426 2027 456 2051 et.
498 2023 684 2056 silvestreS,
734 2031 796 2050 non
834 2023 941 2057 pisces
985 2026 1014 2051 et

217 2073 380 2104 serpentes
407 2068 644 2104 intelliguntur,
681 2067 784 2102 (quod
811 2070 879 2096 vult
914 2065 1013 2096 Wei-

217 2111 329 2149 clzert)
371 2114 501 2148 scripsit
539 2114 624 2141 enim
665 2114 737 2149 Vgl.
773 2111 914 2153 positae
951 2122 1013 2142 non

211 2156 340 2200 posita.

259 2203 335 2233 527.
368 2201 507 2233 Posz'tae
534 2212 651 2232 somno
677 2208 723 2233 est
751 2205 917 2234 ablativus
944 2213 1014 2233 non

216 2252 346 2279 dativus
380 2250 418 2278 cf.
454 2251 521 2278 Ecl.
554 2247 591 2285 6,
627 2246 668 2277 14
714 2247 871 2279 Silenum
912 2248 1014 2290 pueri

215 2304 332 2325 somno
370 2292 488 2324 videre
531 2292 720 2329 incentivu
770 2304 831 2324 non
882 2300 929 2324 est
975 2297 1015 2324 ad

215 2350 360 2371 somnum
395 2341 610 2376 compositus,
661 2342 714 2368 sed
757 2350 812 2376 per
861 2349 1009 2370 somnum

216 2391 403 2422 prostratus.
453 2386 607 2414 Dativum
633 2387 727 2414 hahet
755 2383 819 2417 La',

260 2431 336 2461 528.
364 2432 424 2460 Hic
444 2440 562 2459 versus
586 2434 676 2459 abest
700 2439 720 2460 a
742 2433 819 2467 ΜΡ,
855 2433 895 2460 ad
923 2439 1008 2460 mar—

215 2479 321 2512 ginem
344 2477 527 2512 adscriptus
552 2477 584 2504 in
608 2484 679 2515 yae,
708 2480 756 2505 est
779 2476 811 2505 in
838 2479 868 2514 b,
890 2477 1008 2506 omitti-

214 2528 263 2552 tur
285 2531 304 2552 a
329 2523 454 2551 Servio.
504 2522 614 2551 Facile
636 2522 709 2556 quis
731 2526 851 2556 poterat
876 2530 1008 2551 versum

212 2578 253 2597 ex
281 2567 310 2602 9,
331 2566 394 2596 225
430 2568 582 2596 memoria
611 2567 724 2596 fallaci
757 2568 923 2602 repetitum
950 2569 1007 2596 ad-

214 2614 362 2643 scribere.
388 2614 468 2642 Eiic.
491 2621 621 2642 versum
644 2610 727 2652 ls'g.
750 2609 815 2640 Ld.
834 2610 895 2641 ΠΙ).
923 2614 1006 2641 Ver-

214 2666 272 2687 sus
298 2660 325 2687 si
351 2662 458 2694 abest,
484 2667 546 2687 non
568 2658 754 2694 requiritur3
788 2658 817 2686 si
843 2659 1005 2694 genuinus

214 2708 309 2734 esset.
335 2708 442 2738 posset
467 2705 580 2739 aliqua
603 2704 726 2733 ratione
752 2703 885 2732 defendi.

261 2747 336 2776 529.
368 2749 409 2778 At
431 2758 508 2778 non.
558 2751 699 2778 Verbum
718 2750 910 2778 antecedens
928 2758 1006 2784 sup-

213 2795 362 2828 plendum
386 2799 447 2829 est;
486 2795 529 2823 ita
555 2797 590 2823 G.
619 2793 649 2831 4,
675 2792 741 2822 530
773 2793 813 2823 At
839 2802 909 2822 non
942 2792 1006 2833 Cy-

211 2846 292 2867 rene
319 2859 369 2874 ..‚
407 2847 450 2867 sc.
475 2841 596 2868 lenibat
623 2847 729 2869 curaS.
763 2855 801 2860 —-
838 2847 900 2867 nec
926 2842 1004 2869 Mss.

212 2888 246 2912 ut
269 2884 394 2913 videtur
419 2893 538 2913 omnes.
571 2901 608 2905 —
642 2892 753 2924 neque
776 2886 946 2921 vulgatum
972 2885 1005 2914 in

210 2931 285 2958 Edd.
309 2945 346 2949 —-
374 2926 500 2966 infelix
522 2927 633 2959 animi
657 2931 695 2960 cf.
724 2926 754 2966 1,
781 2927 833 2958 14.

258 2973 333 3003 530.
363 2972 504 3004 Noctem
542 2975 561 3003 i.
592 2984 619 3003 e.
652 2983 801 3005 somnum
833 2983 890 3005 nec
920 2977 1005 3005 oculi

211 3020 391 3058 accipiunt,
434 3028 493 3050 nec
530 3028 630 3050 mens.
697 3017 891 3058 „Oculisve
930 3022 1007 3056 quia

1065 1256 1166 1287 potest
1198 1253 1287 1282 aliud
1322 1261 1395 1282 esse
1426 1252 1496 1281 sine
1528 1253 1613 1290 alio,
1650 1254 1684 1281 ut
1721 1251 1749 1280 si
1786 1251 1861 1286 quis

1065 1299 1226 1327 dormiens
1251 1304 1354 1328 niente
1378 1296 1552 1327 titrbetur.“
1576 1300 1607 1326 S.

1109 1342 1185 1372 531.
1213 1342 1434 1384 ingeminant
1460 1352 1491 1373 v.
1512 1348 1658 1373 neutrum
1677 1343 1716 1372 ef.
1736 1339 1765 1378 1,
1784 1339 1859 1372 10⁴.

1109 1387 1185 1417 532.
1203 1388 1370 1428 fluctuat.
1411 1391 1497 1418 Idem
1522 1397 1554 1418 v.
1581 1387 1646 1417 564
1681 1389 1720 1418 cf.
1746 1385 1778 1424 8,
1807 1385 1859 1416 19.

1067 1431 1124 1471 12,
1152 1432 1228 1463 466.
1256 1433 1331 1464 527.
1377 1436 1490 1464 Simile
1516 1436 1610 1465 Lucr.
1637 1432 1668 1471 3,
1695 1431 1759 1462 299
1791 1430 1861 1462 Νο0

1061 1488 1186 1519 capere
1217 1479 1350 1509 irarum
1378 1478 1512 1518 fluctus
1546 1479 1580 1509 in
1617 1482 1754 1519 pectore
1781 1487 1861 1518 pos-

1063 1527 1157 1554 sunt.
1226 1527 1293 1554 Cat.
1334 1523 1394 1562 64,
1436 1524 1478 1554 62
1529 1523 1674 1566 Magnis
1725 1521 1859 1553 irarum

1053 1568 1211 1608 fluctuat
1235 1568 1351 1600 undis.
1398 1572 1456 1599 Sil.
1486 1569 1517 1609 8,
1541 1569 1583 1599 32
1621 1567 1860 1599 171111111οεὶΥο-

1061 1622 1137 1643 rum
1164 1613 1350 1654 comprime
1366 1614 1512 1654 flnctus.
1560 1617 1634 1645 Val.
1661 1617 1708 1644 Fi.
1736 1613 1766 1653 3,
1792 1613 1858 1644 637

1065 1657 1207 1699 Ingenti
1231 1659 1395 1690 Telamon
1410 1659 1566 1699 fluctuat
1588 1659 1654 1690 ira.

1107 1704 1183 1734 533.
1213 1703 1272 1734 Sic
1297 1704 1385 1735 adeo
1413 1707 1452 1736 cf.
1482 1705 1512 1742 2,
1535 1704 1610 1735 567.
1644 1722 1682 1727 -—
1722 1702 1858 1736 Insistit

1061 1755 1164 1780 mente
1188 1756 1217 1780 et
1244 1752 1445 1790 cogitatione,
1471 1749 1575 1781 bleibt
1600 1749 1705 1780 dabei
1729 1748 1857 1780 stehen.

1107 1795 1183 1826 534.
1211 1794 1322 1826 inrisa
1362 1806 1406 1827 sc.
1439 1800 1478 1827 ab
1511 1799 1634 1828 Aenea.
1692 1799 1783 1826 Nunc
1816 1799 1856 1826 ab

1061 1842 1178 1871 Aenea
1203 1844 1352 1878 despecta
1377 1845 1417 1872 ad
1445 1852 1501 1872 eos
1536 1843 1736 1880 confugiam,
1775 1851 1857 1878 quos

1062 1888 1135 1922 ipsa
1157 1889 1285 1925 sprevi,
1323 1893 1350 1917 et
1378 1897 1487 1917 eorum
1512 1889 1697 1924 superbiam
1725 1892 1756 1917 et
1780 1897 1856 1918 con-

1062 1937 1213 1968 temptum
1243 1934 1364 1962 feram?
1412 1935 1533 1963 Deinde
1567 1931 1783 1970 Nomadum,
1826 1937 1857 1963 et

1063 1977 1209 2017 supplex
1234 1984 1321 2008 notat
1348 1980 1394 2008 rei
1420 1980 1652 2015 indignitatem.
1701 1979 1856 2014 Explica-

1060 2027 1112 2052 tur
1136 2025 1232 2053 0113111
1257 2022 1362 2054 irrisa
1388 2032 1408 2054 a
1433 2026 1556 2063 procis,
1591 2034 1636 2055 sc.
1660 2025 1714 2060 qui
1739 2034 1789 2054 me
1810 2025 1854 2054 ir-

1062 2070 1200 2103 rideant,
1249 2072 1331 2105 quod
1374 2079 1458 2100 nunc
1500 2075 1590 2109 peto,
1641 2078 1720 2106 quos
1757 2074 1853 2099 antea

1061 2116 1249 2149 spreverim.
1301 2118 1407 2152 Neque
1430 2121 1534 2145 tamen
1560 2119 1619 2146 hoc
1643 2116 1727 2144 inest
1751 2116 1853 2150 parti-

1059 2161 1144 2195 cipio
1171 2161 1311 2196 perfecti.
1365 2159 1497 2190 lim-sm
1519 2162 1615 2198 iunge
1639 2169 1711 2191 cum
1735 2163 1853 2200 petam

1061 2206 1099 2235 cf.
1132 2208 1204 2235 Seu.
1239 2208 1320 2235 Med.
1354 2204 1418 2236 218
1461 2204 1627 2236 Petebant
1654 2208 1736 2236 tunc
1763 2214 1855 2235 meos

1060 2248 1236 2281 thalamos
1273 2250 1386 2290 proci,
1436 2250 1496 2292 qui
1543 2261 1634 2280 nunc
1675 2253 1854 2291 petuntur.

1067 2293 1186 2325 Petere
1223 2301 1328 2326 autem
1361 2297 1449 2326 viros
1482 2298 1620 2326 feminae
1657 2305 1720 2326 non
1754 2300 1853 2326 hone-

1056 2346 1140 2370 stum
1180 2346 1247 2371 erat
1279 2343 1318 2371 ef.
1350 2344 1428 2371 sall.
1462 2344 1530 2372 Cat.
1558 2341 1610 2371 25.
1654 2339 1777 2372 Libido
1803 2340 1853 2372 sic

1055 2394 1215 2423 accensa,
1243 2389 1280 2416 ut
1307 2385 1448 2426 saepius
1465 2386 1558 2417 viros
1577 2390 1720 2427 peteret,
1746 2395 1852 2427 quam

1054 2434 1241 2470 peteretur.
1273 2446 1318 2452 -—
1356 2430 1440 2472 quid
1473 2441 1544 2473 ago
1580 2434 1601 2463 i.
1627 2442 1654 2463 e.
1690 2440 1786 2469 quam
1810 2434 1851 2462 ad

1055 2477 1219 2506 insaniam
1246 2486 1295 2506 1110
1318 2479 1422 2512 patior
1446 2479 1575 2514 abripi?
1616 2479 1663 2508 ef.
1692 2476 1744 2515 12,
1772 2476 1848 2507 637.

1101 2520 1176 2551 5:37.
1204 2520 1335 2563 igitur.-
1367 2526 1461 2553 Nullo
1482 2526 1573 2553 modo
1594 2528 1697 2559 potest
1713 2524 1790 2560 fieri,
1816 2527 1852 2552 ut

1054 2572 1159 2602 petam
1184 2570 1361 2604 Nomades,
1395 2578 1491 2604 quum
1518 2578 1573 2599 eos
1598 2570 1691 2599 toties
1715 2577 1849 2604 spreve-

1053 2614 1133 2651 rim,
1169 2618 1266 2642 restat
1294 2615 1391 2651 igitur
1415 2619 1449 2644 ut
1473 2615 1628 2644 Troianis
1650 2624 1701 2645 me
1732 2615 1848 2644 adiun-

1054 2666 1137 2695 gam.
1160 2675 1196 2679 —
1220 2656 1344 2688 ultima
1366 2657 1531 2689 Teucrum
1560 2658 1664 2690 iussa.
1700 2658 1848 2688 Ultimus

1054 2709 1100 2733 est
1132 2705 1260 2733 infimus
1290 2705 1327 2734 cf.
1357 2707 1468 2740 Pomp.
1497 2708 1587 2735 Sab.:
1625 2707 1730 2742 „Puta
1765 2706 1848 2738 quod

1053 2751 1204 2785 loquatur
1229 2751 1268 2778 ad
1293 2751 1549 2787 miserationem,
1590 2751 1685 2786 quasi
1708 2751 1789 2785 quod
1816 2749 1845 2778 si

1052 2797 1187 2832 navigat
1209 2803 1280 2824 cum
1305 2797 1473 2831 Troianis,
1505 2797 1546 2825 sit
1571 2796 1679 2825 futura
1712 2792 1843 2824 serva.“

1052 2843 1101 2870 Ita
1124 2841 1269 2870 Ariadne
1290 2841 1413 2871 famula
1436 2843 1551 2870 saltem
1575 2843 1647 2870 vult
1670 2848 1743 2870 esse
1761 2841 1845 2869 The-

1052 2887 1099 2915 sei
1125 2887 1192 2915 Cat.
1213 2883 1266 2923 64,
1292 2884 1363 2915 161.
1413 2889 1561 2922 Idemque
1591 2887 1628 2915 de
1653 2894 1690 2915 30
1714 2886 1844 2921 promit-

1052 2932 1088 2960 tit
1113 2932 1194 2960 Dido
1218 2933 1276 2960 Ov.
1303 2934 1377 2962 Her.
1401 2930 1432 2969 7,
1457 2929 1532 2960 167.

1098 2975 1174 3005 538.
1205 2973 1359 3014 Quiane,
1387 2985 1428 3006 an
1451 2977 1545 3013 quia,
1566 2976 1660 3011 quasi
1683 2984 1761 3005 vero
1784 2979 1844 3006 hoc

1053 3022 1157 3059 iuvet;
1194 3022 1288 3058 quasi
1317 3031 1394 3053 vero
1427 3022 1506 3052 mihi
1536 3021 1659 3057 aliquid
1691 3023 1843 3057 prodesse
