2023 3350
711 94 951 128 AENEIDOS
986 96 1069 128 LlB.
1096 96 1157 131 VI-

107 208 326 259 Quantum
357 209 449 250 acie
493 214 670 263 possent
706 208 821 250 oculi
860 223 1035 251 servare
1073 213 1338 263 sequentum.

1676 97 1759 137 275

1679 212 1763 252 200

105 265 212 308 Inde
246 266 320 307 ubi
354 280 508 309 venere
545 266 601 309 ad
641 266 789 308 fauces
828 268 1117 320 graveolentis
1154 268 1324 318 Averni,

107 323 283 365 Tollunt
325 337 369 365 se
406 325 586 375 celeres,
630 324 929 378 liquidumque
968 339 1046 379 per
1080 338 1183 366 aera
1222 325 1373 379 lapsae

108 380 292 423 Sedibus
330 383 492 435 optatis
529 382 699 436 gemina
738 396 867 436 super
905 382 1061 425 arbore
1102 382 1262 434 sidunt,

106 439 310 480 Discolor
342 440 453 481 unde
485 440 582 481 auri
614 454 691 493 per
724 454 870 481 ramos
909 454 1016 482 aura
1055 440 1238 482 refulsit.

108 496 244 546 Quale
281 497 391 538 solet
423 498 539 539 silvis
578 497 767 539 brumali
803 497 963 551 frigore
1002 499 1166 540 viscum

1679 501 1702 538 10

1708 500 1733 538 Ο

1740 501 1762 537 C(

107 552 280 595 Fronde
310 555 449 596 virere
490 570 621 607 nova,
663 555 779 610 quod
817 569 903 597 non
942 570 1021 597 sua
1057 555 1241 597 seminat
1276 553 1420 604 arbos,

107 611 165 653 Et
203 625 353 654 croceo
388 612 479 654 fetu
511 616 671 655 teretes
710 613 978 655 circumdare
1012 617 1214 655 truncos:

108 668 225 711 Talis
267 674 361 711 erat
395 671 559 724 species
598 671 695 712 auri
733 670 977 713 frondent-is
1013 684 1152 725 opaca

107 726 229 778 llice,
274 727 335 769 sic
372 728 458 769 leni
499 729 744 782 crepitabat
784 728 964 770 bractea
1001 733 1139 770 vento.

110 784 302 838 Corripit
336 786 502 827 Aeneas
539 787 773 841 extemplo,
814 785 1052 840 avidusque
1088 786 1289 839 refringit

1681 789 1764 827 210

111 842 415 894 Cunctantem,
461 848 504 885 et
543 845 655 886 vatis
692 848 842 898 portat
880 844 959 886 sub
996 848 1113 886 tecta
1151 843 1352 897 Sibyllae.

224 901 314 942 Nec
350 901 490 943 minus
532 902 697 943 interea
734 902 946 944 Misenum
986 902 1030 943 in
1067 902 1197 943 litore
1231 901 1385 942 Teucri

108 955 293 1000 Flebant.
331 963 373 1000 et
412 959 545 1000 cineri
583 960 756 1013 ingrato
791 973 992 1013 suprema
1021 959 1231 1001 ferebant.

109 1015 327 1069 Principio
361 1017 565 1070 pinguem
606 1017 746 1059 taedis
785 1021 828 1058 et
861 1017 1016 1058 robore
1046 1020 1164 1058 secto

109 1073 334 1126 Ingentem
372 1078 568 1116 struxere
601 1089 776 1129 pyram,
817 1075 887 1115 cui
925 1073 1151 1115 frondibus
1187 1071 1294 1113 atris

1682 1073 1705 1110 [0

1713 1073 1731 1111 ...Δ

1742 1085 1764 1110 O
1744 1072 1760 1080 ἱ

110 1131 320 1172 Intexunt
357 1131 517 1183 latera,
560 1136 602 1173 et
634 1132 790 1174 ferales
826 1135 927 1172 ante
967 1143 1194 1184 cupressos

112 1188 392 1231 Constituunt
426 1189 721 1243 decorantque
751 1202 882 1242 super
913 1187 1178 1242 fulgentibus
1211 1184 1356 1227 armis.

112 1330 302 1367 procedunt,
338 1338 435 1365 quam
459 1335 491 1360 ut
522 1334 562 1360 ab
587 1332 630 1359 ils
654 1331 709 1366 qui
735 1333 915 1364 sequuntur

113 1376 241 1411 possint
265 1377 421 1411 conspici.

160 1418 236 1449 202.
264 1422 373 1457 „Dicit
407 1431 464 1450 eos
490 1423 556 1450 alte
580 1423 714 1450 volasse
739 1421 780 1449 ad
809 1420 917 1449 vitan-

113 1468 189 1495 dum
206 1467 335 1496 Averni
358 1468 520 1496 odore111.“
543 1469 575 1495 S.
598 1467 638 1496 cf.
665 1464 741 1495 24¹.

161 1510 237 1541 203.
263 1521 367 1552 super
397 1512 518 1541 arbore
557 1510 678 1541 sidunt
718 1513 918 1547 ..secundum

113 1559 282 1593 antiquam
307 1556 495 1588 licentiam·⁶
521 1560 553 1587 S.
587 1568 632 1587 sc.
665 1567 736 1588 cum
769 1558 918 1587 ablativo

112 1605 176 1633 loci
201 1605 345 1633 iunctum
369 1609 417 1633 est
444 1612 558 1643 super,
582 1609 615 1633 ut
637 1606 672 1633 E.
700 1603 727 1639 1,
752 1602 816 1638 &12
842 1612 915 1633 cum

114 1650 261 1679 ablativo
286 1651 440 1685 temporis
463 1651 504 1678 A.
525 1648 555 1682 9.
581 1647 642 1685 613
667 1659 740 1679 cum
765 1652 829 1678 ahl.
858 1650 915 1685 rei,

112 1697 152 1725 de
183 1703 248 1731 qua
272 1696 380 1732 agitur
413 1695 440 1732 l,
460 1694 537 1724 750.
581 1697 627 1725 Cf.
651 1698 702 1725 Gr.
728 1698 749 1730 ὃ
767 1693 844 1724 357.
874 1711 912 1714 -

115 1742 238 1771 Deinde
269 1743 405 1771 adverte
428 1742 581 1777 Latinos,
621 1742 676 1770 uhi
703 1744 741 1771 de
763 1744 835 1771 loco
863 1743 916 1770 vel

115 1788 230 1817 altiore
271 1790 324 1817 vel
363 1788 479 1817 latiore
513 1790 566 1817 vel
602 1788 774 1817 humiliore
812 1788 915 1816 disse-

116 1838 208 1870 rant,
233 1841 332 1868 saepe
356 1842 421 1862 non
443 1834 649 1869 simplicibus
675 1834 721 1863 uti
749 1833 917 1868 praeposi-

116 1879 260 1908 tionibus
288 1878 323 1907 in
351 1881 403 1908 vel
433 1876 499 1914 ad,
532 1881 588 1908 sed
620 1880 681 1916 iis,
714 1887 797 1914 quae
819 1880 918 1908 simul

116 1926 233 1960 qualia
256 1926 329 1954 loca
353 1926 418 1953 sint
448 1925 634 1954 involvunt.
684 1926 738 1954 Sic
763 1933 867 1965 super
892 1934 919 1954 c.

117 1978 185 2000 acc.
221 1968 258 2007 1,
281 1968 357 1998 680.
398 1968 437 2007 7,
463 1968 541 1998 557.
579 1972 652 1999 Liv.
679 1969 738 2007 21,
763 1970 781 1999 5
818 1977 922 2010 super

117 2015 232 2057 ripam
258 2014 385 2045 castris
411 2013 554 2055 positis,
587 2021 616 2045 et
642 2016 690 2045 sic
716 2016 923 2051 saepissime,

119 2060 203 2092 oben
229 2061 300 2099 auf
325 2077 369 2081 ——
395 2059 456 2090 sub
490 2059 527 2095 4,
551 2059 626 2090 387.
671 2063 754 2090 ante
782 2059 820 2095 2,
845 2059 922 2089 469.

119 2108 167 2138 Cf.
194 2105 229 2136 in
256 2115 392 2137 summa
419 2104 559 2144 arbore,
591 2108 674 2142 quod
697 2111 746 2136 est
773 2107 806 2135 in
828 2109 924 2135 arbo-

118 2154 167 2183 ris
191 2158 281 2189 parte
306 2160 446 2183 summa.
484 2169 522 2172 —
567 2150 738 2182 Geminae
768 2154 849 2180 Mss.
883 2153 925 2180 ad

120 2202 290 2230 columbas
311 2200 458 2235 pertinet,
479 2207 562 2234 quas
580 2200 695 2227 iterum
719 2202 789 2233 post
808 2207 840 2227 v.
859 2195 924 2225 190

121 2246 269 2283 geminas
293 2246 400 2275 dicere
420 2245 503 2274 nihil
523 2245 689 2274 attinebat.
718 2259 756 2263 -
778 2240 924 2284 gemina

120 2292 187 2321 MR
212 2294 256 2321 al.
305 2292 442 2321 Gemina
474 2294 588 2320 arbore
619 2290 843 2327 significantur
869 2293 925 2317 aut

123 2339 206 2367 duae
238 2340 372 2367 arbores
403 2337 536 2366 vicinae
569 2337 608 2366 cf.
643 2338 702 2365 ov.
728 2338 772 2364 Μ.
798 2333 837 2371 8,
858 2332 926 2362 720

127 2380 288 2413 Ostendit
331 2380 447 2412 adhuc
478 2405 510 2412 ..
550 2379 669 2411 incola
705 2379 747 2410 de
780 2378 926 2422 gemina

121 2427 257 2458 vicinos
288 2426 413 2457 arbore
447 2430 609 2463 truncos3
650 2431 706 2456 aut
747 2431 795 2456 est
833 2428 928 2455 arbor

123 2475 264 2509 duplicis
296 2474 402 2503 trunci
431 2474 465 2502 in
496 2482 665 2503 commune
697 2472 842 2503 coeuntis
874 2472 924 2501 fa-

122 2520 274 2556 stigium;
313 2524 367 2548 aut
402 2526 486 2554 quae
513 2520 636 2548 diversi
667 2519 796 2555 generis
830 2520 925 2547 hahet

123 2574 233 2595 ramos
260 2569 290 2593 et
316 2572 394 2593 suos
418 2569 449 2593 et
473 2572 624 2601 aureum,
657 2572 741 2600 quae
770 2568 817 2593 est
848 2564 926 2597 Vgli

124 2611 296 2641 sententia.
346 2611 401 2639 Sic
439 2611 569 2639 Charon
607 2612 667 2639 Ov.
706 2612 749 2638 M.
789 2608 824 2646 2,
859 2607 926 2637 6:30

124 2658 274 2694 geminus
312 2656 446 2691 dicitur,
494 2656 651 2684 biformis.
699 2671 737 2675 —
786 2652 927 2683 sedibus

125 2701 278 2742 optatis,
322 2703 441 2737 quibus
480 2706 514 2731 ut
551 2702 753 2731 considerent
794 2701 928 2729 Aeneas

125 2752 305 2784 optaverat.
389 2744 441 2777 Pl.
485 2747 567 2776 coni.
616 2743 765 2775 Eminus
804 2747 928 2786 optata

129 2794 267 2824 Aeneae
297 2801 403 2834 super
426 2790 550 2822 arbore
575 2789 707 2821 sidunt.

173 2838 250 2869 20⁴.
279 2836 386 2877 „auri
419 2845 532 2871 aura;
570 2839 723 2873 splendor
753 2834 861 2866 auri.‘'·
898 2838 929 2864 S.

129 2887 191 2915 Sed
223 2893 316 2915 aura
343 2892 506 2920 nusquam
535 2888 704 2919 praeterea
728 2883 775 2912 ita
801 2882 932 2919 legitur,

128 2939 232 2967 neque
268 2931 352 2961 locis
389 2931 446 2966 qui
482 2930 659 2959 afferuntur
696 2930 932 2963 comprobatur.

129 2978 212 3007 Nam
241 2977 272 3006 si
301 2985 353 3012 ap.
378 2977 589 3006 Priscianum
613 2975 739 3011 Perieg.
768 2971 856 3002 1020
886 2977 936 3002 est

132 3021 246 3062 Atque
276 3031 367 3052 aura
402 3019 512 3052 viridi
540 3018 675 3063 legitur
699 3027 790 3060 quae
822 3016 939 3060 splen-

964 1325 1021 1357 det
1066 1325 1196 1367 iaspis,
1235 1327 1400 1362 quaeritur
1431 1325 1641 1360 scripseritne
1667 1332 1767 1353 auro.

964 1376 1013 1403 lta
1046 1375 1143 1402 etiam
1179 1376 1208 1402 h.
1241 1375 1262 1401 l.
1301 1375 1375 1401 dant
1408 1373 1489 1400 Mss.
1526 1375 1555 1399 et
1585 1371 1623 1399 R.
1658 1378 1769 1405 auro;

964 1421 1048 1455 quod
1075 1421 1194 1448 vellem
1225 1419 1288 1455 legi
1315 1419 1349 1447 in
1379 1417 1539 1446 omnibus.
1604 1413 1653 1444 Pl.
1685 1416 1767 1445 coni.

966 1474 1054 1495 auro
1076 1474 1139 1505 pet·
1162 1473 1277 1494 ramos
1296 1462 1424 1504 virga,·
1449 1467 1481 1491 at
1511 1470 1552 1491 ex
1582 1459 1689 1501 virga
1719 1470 1769 1490 or-

966 1517 1032 1541 tum
1059 1519 1150 1540 aura
1177 1520 1239 1539 11011
1264 1515 1361 1540 esset.
1410 1509 1530 1538 Melius
1556 1508 1655 1544 igitur
1681 1516 1769 1536 auro

965 1567 999 1599 p.
1026 1566 1051 1585 r.
1080 1566 1184 1585 aura.

1011 1601 1087 1631 205.
1116 1604 1226 1637 ..Bene
1251 1601 1391 1630 brumali
1413 1600 1545 1629 addidit.
1577 1600 1667 1629 Tunc
1684 1600 1771 1628 euim

963 1654 1123 1679 maturum
1150 1654 1199 1677 est
1224 1653 1253 1677 et
1277 1648 1351 1677 auri
1378 1647 1522 1675 imitatur
1545 1647 1718 1675 colorem?
1737 1648 1769 1673 S.

1012 1693 1088 1723 207.
1122 1692 1280 1723 Truncus
1306 1699 1355 1722 est
1381 1700 1493 1721 ramus·
1519 1696 1554 1720 ut
1581 1693 1616 1720 G.
1645 1689 1674 1725 2,
1699 1689 1752 1719 63.

1012 1739 1087 1768 209.
1114 1737 1255 1769 bractea
1283 1747 1312 1778 γ,
1339 1736 1475 1767 brattea
1492 1738 1597 1766 nnnc
1622 1745 1684 1766 rec.
1707 1733 1771 1765 Bb.

964 1783 1096 1815 bruttia
1126 1787 1162 1814 P.
1214 1782 1413 1819 „Brattea,
1450 1780 1588 1819 bratea,
1619 1780 1770 1812 brattea.

965 1828 1155 1861 brac-lethea
1195 1831 1339 1859 scribunt
1376 1829 1513 1858 librarii.
1569 1829 1601 1857 A
1627 1832 1692 1857 tam
1722 1828 1771 1856 in-

967 1878 1070 1907 doctis
1109 1877 1294 1906 hontinibus
1334 1875 1446 1910 quidni
1484 1879 1670 1909 exspectes,
1715 1882 1772 1908 pru

969 1923 1091 1960 plurali
1123 1923 1178 1957 (iu
1203 1922 1316 1951 multis
1340 1922 1427 1950 enim
1453 1925 1499 1949 est
1530 1917 1771 1960 crepitabant)

968 1973 1028 1999 hoc
1055 1970 1200 1998 habitum
1222 1969 1372 1997 fuisse?
1400 1963 1468 1995 Hn.

1016 2014 1094 2044 210.
1120 2011 1357 2054 ,,Ε.ῑίεηιρίο;
1387 2015 1466 2042 hene
1496 2013 1593 2040 verbo
1619 2019 1701 2040 usus
1725 2015 1773 2039 est

972 2066 1167 2096 augurums·
1189 2062 1222 2090 S.

1018 2104 1095 2134 211.
1129 2103 1357 2134 Cunctantem
1382 2103 1441 2138 (cf.
1460 2103 1491 2139 5,
1509 2101 1608 2138 856).
1651 2102 1773 2138 „Aliud

973 2153 1087 2186 pendet
1124 2159 1166 2179 ex
1202 2150 1278 2178 alio.
1329 2150 1559 2182 Cunctantem;
1594 2148 1671 2182 quia
1701 2148 1775 2175 avi-

972 2198 1048 2230 dus,
1080 2200 1113 2224 ut
1143 2196 1304 2230 ostendat,
1331 2198 1453 2222 tantam
1477 2193 1585 2222 fuisse
1608 2193 1775 2221 avellendi

974 2242 1193 2278 cupiditatem,
1221 2245 1253 2269 ut
1280 2241 1373 2268 nulla
1399 2240 1428 2268 ei
1455 2239 1647 2267 satisfacere
1666 2243 1774 2273 posset

972 2288 1156 2318 celeritas.“
1185 2288 1216 2314 S.

1054 2364 1119 2395 212
1139 2363 1275 2394 -235,
1325 2361 1486 2393 Misenus
1519 2358 1698 2401 sepelitur.

1021 2426 1110 2459 Quae
1139 2422 1220 2451 ratio
1247 2421 1344 2450 fuerit
1370 2419 1548 2455 sepeliendi
1574 2419 1649 2447 vide
1676 2419 1716 2447 ad
1745 2416 1775 2447 3.

976 2469 1029 2499 62.
1066 2469 1132 2499 Cic.
1159 2470 1257 2504 Legg.
1287 2465 1317 2502 2,
1342 2463 1503 2494 22-27.

1020 2513 1097 2543 213.
1128 2511 1299 2554 Ingratus
1322 2515 1371 2541 est
1393 2511 1487 2547 cinis,
1508 2511 1590 2545 quod
1612 2518 1677 2538 non
1702 2517 1777 2537 sen-

973 2563 1024 2590 tit.
1066 2561 1120 2595 qui
1147 2560 1210 2587 sibi
1236 2559 1311 2587 fiant
1337 2561 1484 2586 honores.
1534 2557 1583 2584 Ita
1613 2556 1702 2589 Copa
1735 2553 1775 2582 35

974 2604 1067 2648 quod
1093 2603 1203 2635 cineri
1224 2602 1370 2644 ingrato
1392 2610 1512 2631 seruas
1537 2599 1620 2630 bene
1646 2597 1779 2629 olentia

975 2656 1081 2682 serta.
1132 2652 1250 2679 Eodem
1275 2650 1367 2678 modo
1393 2650 1459 2677 Ecl.
1491 2644 1519 2683 1,
1544 2645 1585 2675 35
1620 2643 1700 2675 urbs
1726 2643 1780 2674 in-

976 2700 1087 2739 grata
1113 2697 1248 2733 dicitur,
1283 2703 1325 2723 ex
1349 2702 1413 2729 qua
1438 2694 1572 2728 'Pity-rus
1597 2700 1652 2727 pro
1677 2691 1779 2728 frugi-

975 2747 1036 2773 bus
1062 2752 1126 2772 11011
1143 2742 1239 2771 refert
1258 2740 1441 2776 pecuniam,
1463 2743 1493 2768 et
1518 2739 1612 2773 Prop.
1636 2735 1664 2770 l,
1684 2736 1715 2774 3,
1736 2736 1778 2765 25

975 2787 1163 2828 omniaque
1217 2784 1365 2826 ingrato
1417 2781 1582 2825 largibar
1633 2791 1780 2812 munera

977 2843 1117 2870 somno,
1144 2834 1227 2868 quod
1254 2831 1417 2861 dormIens
1443 2831 1554 2865 puella
1579 2830 1682 2858 nescit
1710 2837 1781 2857 mu-

977 2888 1057 2910 nera
1080 2879 1210 2915 apponi.

1026 2924 1103 2954 215.
1130 2925 1213 2960 Rogi
1239 2923 1425 2958 magnitudo
1450 2921 1484 2950 in
1512 2923 1666 2950 honorem
1695 2919 1782 2949 acci-

981 2972 1128 3008 piebatur
1149 2969 1302 2999 defuncti.

1027 3015 1104 3046 216.
1136 3012 1277 3046 Ferales
1302 3020 1482 3053 cupressos
1505 3013 1545 3041 cf.
1571 3010 1602 3049 3,
1629 3008 1683 3040 64.
