2023 3350
796 88 1037 122 AENEmos
1072 91 1158 123 Lm.
1186 91 1244 124 vl.
1763 90 1846 131 329

189 207 247 248 (R.
274 206 311 238 P.
343 207 372 246 1,
399 205 484 246 57),
510 204 625 246 quinti
653 204 783 237 saeculi
808 205 969 247 scriptor.
1019 206 1094 239 Hac
1120 206 1254 239 ratione
1279 206 1365 239 inita
1393 206 1561 249 Virgilius
1586 204 1753 238 facillime
1780 204 1849 238 sibi

190 253 323 296 paravit
345 251 434 284 viam
461 250 504 283 ad
528 251 711 283 Romanos
736 252 1007 284 enumerandos.

283 298 331 330 At
353 307 433 331 vero
461 297 663 339 interpretis
699 302 754 329 est
784 307 854 329 non
887 297 988 330 silere
1021 308 1108 341 quas
1139 309 1209 331 nou
1244 303 1360 342 potest
1394 308 1570 331 removere
1601 297 1847 336 difficultates;

191 354 296 387 quarn
324 343 369 376 ob
396 353 468 376 rem
506 342 569 374 hoc
601 342 678 375 loco
714 353 783 375 non
818 346 1109 386 praetermittam,
1139 355 1227 387 quae
1258 344 1344 378 mihi
1377 350 1468 377 certe.
1495 345 1660 377 videntur
1683 354 1759 377 esse
1787 343 1849 377 ob·

191 401 316 429 scura,
342 399 546 423 memorare.
604 390 764 421 Primum
797 399 868 421 non
893 395 1028 423 constat
1063 392 1157 434 apud
1190 391 1396 434 Virgilium,
1430 401 1500 433 quo
1532 391 1567 423 in
1602 391 1679 423 loco
1713 390 1848 423 animae

190 441 406 480 purgentur3
443 435 572 468 deinde
596 446 666 468 non
695 442 854 478 apparet,
885 447 974 478 quae
1007 438 1143 470 animae
1171 443 1381 480 purgentur,
1409 442 1527 470 utrum
1561 442 1698 469 tantum
1725 446 1848 470 eorum

191 483 250 525 qui
285 483 404 526 Elysio
439 482 537 524 digni
569 487 672 517 sunt,
701 492 743 514 an
778 481 828 514 illi
855 484 977 521 etiam,
1017 484 1077 525 qui
1112 484 1146 516 in
1177 486 1322 516 Tartaro
1358 484 1573 526 puniuntur;
1611 493 1701 525 quos
1736 493 1847 526 quum

192 534 351 562 aeternas
375 538 506 571 poenas
532 528 685 571 pendere
713 538 819 570 supra
844 530 1031 568 monuerit,
1057 535 1162 562 restat
1183 535 1219 562 ut
1250 540 1312 562 eos
1338 530 1557 572 significasse
1582 530 1741 562 dicamus
1766 539 1849 573 poe-

192 581 280 615 tam,
312 575 373 617 qui
400 579 460 607 aut
484 575 520 606 in
545 575 665 617 Elysio
700 579 799 613 sunt,
830 580 887 607 aut
916 576 951 607 in
983 576 1073 608 Orco
1100 582 1178 609 ante
1213 578 1395 608 Tartarum
1423 576 1526 619 positi
1552 578 1595 616 (v.
1623 576 1848 618 426—475).

192 622 290 662 Quae
316 621 345 653 si
373 620 440 653 fuit
464 626 588 664 poetae
616 621 801 659 sententia,
829 627 931 659 recte„
959 628 996 654 ut
1024 623 1160 665 opinor,
1181 623 1250 655 iam
1279 623 1319 655 ad
1345 633 1374 655 v.
1397 624 1460 654 747
1482 623 1656 654 monitum
1681 627 1743 661 est,
1769 631 1849 655 sen-

189 668 257 700 sim
285 676 409 700 omnes
436 667 471 699 in
499 669 685 699 Tartarum
713 672 952 710 perventuros.
1002 668 1116 701 Aliter
1141 669 1251 704 Plato.
1279 670 1339 711 qui
1367 670 1469 701 etiam
1495 668 1677 701 sceleratis
1694 668 1847 702 reditum

191 713 251 746 dat
277 723 494 756 quamquam
523 723 593 745 non
623 713 802 746 omnibus.
860 714 993 747 Deinde
1018 715 1181 747 videntur
1204 715 1283 748 illae
1311 716 1540 758 purgationes
1567 714 1640 747 fieri
1668 714 1735 747 alio
1762 725 1849 757 quo-

192 760 272 793 dam
300 760 396 799 loco,
431 764 554 802 postea
590 765 755 802 purgatae
781 761 917 792 animae
942 762 975 793 in
1008 761 1168 804 Elysium
1196 762 1352 800 admitti,
1384 761 1444 794 ubi
1478 761 1618 794 tandem
1648 761 1744 793 omni
1771 761 1849 794 labe

190 806 347 838 luuntur.
398 807 503 838 Pauci
528 811 643 839 tamen
667 806 709 838 ad
734 816 813 838 eum
838 806 954 839 locum
980 808 1198 849 perveniunt,
1217 807 1253 840 hi
1273 808 1375 850 pauci
1396 809 1430 840 in
1454 812 1581 840 terram
1603 808 1848 845 remittuntur;

191 862 230 885 ex
254 851 309 884 his
336 852 512 885 versimile
538 857 589 885 est
634 861 764 894 paucos
797 858 933 885 tantum
972 854 1007 885 in
1037 853 1188 886 Elisium
1224 854 1414 887 redituros.
1465 854 1540 886 Erit
1565 854 1670 895 igitur
1695 859 1847 896 tempus,

190 899 313 940 quoin
340 898 460 940 Elysio
496 899 613 931 nullae
644 900 780 931 animae
811 904 960 938 restent,
994 900 1028 932 in
1063 901 1205 932 Tartaro
1246 909 1369 932 omnes
1407 905 1675 942 congregentur.
1724 901 1847 942 Neque

189 944 332 977 sublato
371 955 474 977 versu
507 945 572 977 744
607 944 745 977 tollitur
784 945 985 979 dillicultas.
1020 946 1082 978 sed
1124 951 1261 978 tantuin
1305 946 1528 979 ohscuratur.
1586 948 1708 987 Itaque
1740 948 1845 979 etiam

190 990 283 1023 hune
306 991 422 1023 locum
450 991 609 1023 nondum
641 990 785 1032 perfecit
814 996 934 1033 poeta.
971 996 1008 1023 ut
1036 1002 1064 1024 v.
1093 993 1175 1031 5:36,
1207 997 1244 1024 ut
1272 993 1436 1024 extremis
1467 993 1555 1024 iitae
1586 993 1689 1025 annis
1724 1001 1848 1025 versus

189 1038 324 1078 aliquot
350 1037 482 1078 intulit,
511 1036 550 1070 cf.
580 1047 610 1068 v.
639 1038 717 1069 795.
771 1038 870 1070 Hanc
899 1043 1012 1069 tamen
1043 1048 1114 1071 rem
1141 1038 1321 1079 quomodo
1341 1038 1408 1070 sihi
1437 1043 1538 1080 pocta
1566 1037 1849 1077 conformaverit,

190 1093 300 1126 quum
328 1093 389 1115 nec
417 1088 510 1115 certo
537 1082 769 1116 demonstrari
796 1093 901 1125 posse
927 1084 1095 1122 rideatur,
1120 1094 1182 1116 nee
1209 1085 1238 1116 si
1267 1085 1435 1122 nescitur,
1462 1085 1594 1119 minus.
1620 1084 1716 1126 quod
1744 1084 1850 1117 suerit

191 1134 315 1172 poetae
343 1139 450 1171 quum
477 1129 571 1162 hunc
596 1130 711 1162 locuni
733 1129 899 1162 scriberet
928 1130 1128 1164 consilium.
1155 1135 1403 1172 cognoscatur:
1427 1131 1611 1162 mittamus
1639 1135 1673 1162 et
1698 1135 1850 1163 transea-

190 1185 269 1208 mus
296 1176 439 1207 tandem
466 1175 508 1208 ad
537 1180 726 1207 extremam
759 1176 836 1207 litu-i
864 1181 1010 1215 partem:

284 1221 391 1261 Ordo,
418 1231 487 1263 quo
515 1223 691 1253 Romanos
718 1226 917 1260 enumerat,
944 1233 1014 1254 non
1050 1226 1101 1254 est
1129 1226 1258 1253 temere
1285 1221 1418 1256 factus.
1455 1221 1516 1253 sed
1542 1222 1586 1253 ita
1615 1223 1849 1264 compositus,

190 1272 229 1300 ut
254 1278 389 1305 omnes,
415 1268 475 1309 qni
501 1267 702 1306 laudantur,
735 1269 768 1300 in
794 1267 963 1300 honorem
991 1268 1114 1301 adesse
1133 1268 1317 1300 iidcantur
1346 1268 1510 1307 Augusti.
1564 1269 1744 1300 Proximos
1776 1269 1850 1302 sore

191 1314 252 1356 qui
285 1314 514 1346 nominentur
543 1313 719 1346 Anchisae
762 1319 926 1356 nepotes,
960 1315 1038 1356 quis
1074 1325 1143 1346 non
1177 1312 1376 1357 exspectat?
1425 1314 1592 1347 Attamen
1626 1314 1691 1347 hoc
1727 1315 1850 1348 ordine

190 1360 362 1399 naturali,
396 1370 465 1402 quo
494 1365 655 1402 posteros
680 1365 758 1391 ante
785 1361 872 1392 alios
898 1370 1029 1402 cosque
1062 1361 1158 1402 ipsos
1190 1360 1386 1392 secundum
1416 1365 1555 1402 tempus
1595 1371 1663 1402 quo
1690 1363 1850 1394 iixerunt

189 1406 340 1449 profert,
381 1407 440 1448 qui
466 1416 536 1438 uon
563 1416 581 1439 a
610 1412 711 1449 poeta
735 1406 883 1445 electus,
916 1407 978 1438 sed
1010 1417 1047 1438 ex
1074 1417 1189 1438 rerum
1219 1412 1340 1438 natura
1370 1407 1608 1448 praescriptus
1631 1408 1788 1447 xidctur,
1814 1408 1848 1440 id

190 1457 375 1485 assecutus
402 1457 455 1485 est
479 1457 592 1494 pocta,
620 1457 659 1484 ut
685 1452 888 1492 Augustum
915 1463 1036 1485 eorum
1065 1458 1258 1485 extremum
1287 1454 1320 1484 in
1351 1453 1640 1495 splendidissimo
1669 1454 1849 1495 dignitatis

190 1499 299 1539 gradu
334 1502 452 1541 posset
491 1498 671 1531 collocare.
749 1500 889 1531 Primus
924 1505 976 1532 cst
1011 1499 1140 1531 silxins
1168 1500 1280 1535 titium
1320 1505 1522 1541 sequuntur
1550 1501 1692 1539 l‘rocas,
1728 1503 1850 1544 Capys,

189 1545 368 1581 Numitor,
401 1544 531 1577 Siliius
565 1545 715 1578 Aeneas.
790 1548 922 1577 (⁷)mncs
957 1546 1109 1578 condent
1146 1555 1253 1578 noxas
1287 1546 1393 1578 urbes
1422 1551 1453 1577 et
1492 1551 1630 1585 gentem
1658 1547 1848 1586 augebunt.

191 1591 236 1623 lis
269 1590 557 1623 annumerandus
578 1596 641 1629 est,
670 1591 762 1633 quod
792 1592 884 1623 idem
911 1592 1022 1629 saciet,
1051 1593 1237 1624 Romulus.
1287 1593 1332 1624 At
1354 1602 1458 1634 quam
1485 1592 1539 1624 hic
1563 1593 1688 1626 condet
1709 1591 1848 1626 urhem!

189 1636 318 1677 Quales
352 1636 411 1669 illa
448 1638 540 1669 viros
572 1636 743 1680 proferet!
796 1640 895 1677 Quos
931 1643 963 1670 et
1001 1640 1149 1670 Romam
1187 1643 1289 1681 caput
1334 1643 1442 1670 terrae
1474 1644 1506 1670 et
1549 1640 1737 1672 maximum
1775 1641 1849 1672 fore

187 1684 424 1716 Romanorum
452 1683 645 1716 illustrium
674 1693 861 1716 numerum
891 1685 1009 1716 auimo
1031 1685 1088 1726 qui
1116 1684 1496 1726 praevidetAnchises.
1526 1686 1593 1717 iam
1623 1687 1698 1729 ipse
1719 1686 1849 1730 abripi-

189 1739 244 1762 tur
268 1734 301 1763 et
328 1729 480 1762 exsultat
509 1730 584 1762 eius
612 1731 734 1766 oratio,
764 1735 793 1762 et
830 1731 863 1763 in
893 1730 976 1763 haec
1009 1731 1150 1763 tandem
1178 1731 1279 1763 i‘erlia
1309 1731 1480 1773 erumpit:

463 1777 542 1807 Huc
569 1777 728 1817 geminas
755 1786 850 1809 nunc
882 1777 979 1809 {lecte
1007 1777 1111 1815 acies,
1143 1777 1228 1808 hanc
1256 1777 1398 1818 adspice
1426 1782 1566 1819 gentem

466 1823 716 1863 Romanosque
742 1827 832 1855 tuos.
883 1824 948 1855 Hic
982 1824 1110 1855 Cacsar
1136 1828 1166 1854 et
1197 1824 1313 1855 omnis
1344 1823 1409 1855 lnli

467 1868 668 1909 Progenies,
697 1878 861 1909 magnum
890 1868 974 1901 caeli
1006 1875 1150 1901 ventura
1175 1869 1242 1901 suh
1271 1879 1379 1901 axem.

466 1914 530 1946 Hic
558 1915 620 1953 vir,
647 1914 700 1946 hic
734 1920 798 1948 est.
826 1914 886 1947 tibi
911 1926 1013 1957 quem
1044 1916 1202 1958 promitti
1230 1916 1372 1958 saepius
1399 1915 1511 1954 audis,

466 1959 654 2001 Augustus
679 1961 815 1993 Cacsar.
844 1962 918 1993 Dixi
945 1971 1057 2000 genus
1083 1967 1147 1993 etc.

468 2006 509 2037 Et
538 2005 741 2038 dubitamus
769 2007 882 2040 adhuc
905 2009 1068 2039 iirtutcm
1097 2007 1283 2040 extendere
1311 2007 1423 2040 factis.

466 2052 539 2084 Aut
562 2057 681 2084 metus
709 2052 868 2085 Ausonia
895 2053 1059 2096 prohihet
1088 2055 1282 2086 consistere
1314 2052 1429 2086 terra'?

286 2100 356 2129 lam
383 2098 612 2131 conliteamur
643 2108 787 2131 necesse
818 2104 887 2138 est,
931 2110 993 2131 nec
1024 2102 1204 2132 Romanos
1241 2111 1396 2141 unquam
1428 2109 1490 2132 nec
1526 2100 1731 2141 Augustum
1766 2112 1850 2144 pau-

190 2144 347 2177 cioribus
380 2144 495 2177 ierhis
528 2150 558 2177 et
589 2144 808 2186 grauioribus
845 2155 921 2177 csse
959 2146 1151 2177 laudatum.
1228 2146 1330 2186 Quod
1366 2150 1482 2177 autem
1518 2146 1558 2177 ad
1594 2146 1799 2185 Augustum
1832 2158 1850 2179 a

192 2190 345 2223 Romulo
375 2190 552 2223 delabitur
576 2191 763 2230 Anchises,
793 2192 919 2223 mirum
950 2202 1018 2224 non
1048 2196 1119 2229 est,
1144 2201 1223 2223 nam
1249 2202 1357 2233 quum
1386 2193 1419 2223 in
1448 2191 1535 2223 urhe
1559 2194 1667 2224 Roma
1696 2199 1848 2226 mentem

191 2237 321 2273 lixerit,
357 2242 489 2279 quanta
524 2237 584 2269 illa
621 2237 736 2269 sutura
766 2238 811 2269 sit
845 2239 1016 2278 cogitans.
1055 2248 1124 2270 non
1160 2243 1273 2280 potest
1304 2238 1456 2279 Augusti
1493 2242 1648 2280 tempora
1675 2245 1707 2271 et
1733 2240 1848 2282 ipsum

191 2283 397 2324 Augustum
433 2294 504 2315 non
531 2283 697 2326 cogitare.
765 2285 885 2325 Neque
917 2290 1010 2316 erant
1044 2285 1131 2316 satis
1159 2284 1238 2316 clari
1266 2284 1375 2316 Iuliae
1404 2283 1517 2323 gentis
1545 2283 1726 2325 homines,
1759 2296 1849 2326 ques

190 2329 282 2361 inter
309 2329 500 2362 Romulum
529 2335 561 2362 et
586 2331 788 2372 Augustum
820 2330 979 2363 inferret.
1011 2331 1127 2370 Quare
1155 2335 1185 2362 et
1212 2330 1514 2372 simplicissimam
1541 2331 1736 2372 reperimus
1762 2331 1851 2364 hanc

189 2385 266 2407 esse
293 2377 593 2409 enumerationem
608 2382 639 2408 et
666 2376 707 2409 ad
726 2377 759 2409 id
787 2378 881 2419 quod
909 2378 1117 2419 spectaverit
1135 2377 1368 2418 aptissimam.
1399 2376 1502 2416 Quod
1520 2376 1548 2407 si
1575 2376 1686 2409 claros
1707 2377 1850 2410 laudare

192 2423 370 2453 Romanos
398 2421 576 2454 decretum
604 2423 632 2455 ei
660 2427 749 2461 erat,
786 2434 855 2455 nou
883 2428 1018 2466 poterat
1053 2424 1242 2466 praeterire
1272 2432 1382 2464 reges.
1445 2424 1496 2454 Ita
1524 2421 1572 2462 fit,
1599 2427 1639 2455 ut
1665 2422 1851 2464 Augustus

188 2467 280 2499 inter
307 2467 499 2500 Romulum
521 2468 638 2501 locum
662 2468 785 2501 habeat
813 2474 846 2501 et
872 2471 1035 2502 Numam.
1086 2469 1187 2502 lllius
1206 2480 1334 2502 nomen
1354 2468 1567 2500 Octaxianus
1597 2469 1664 2501 silJi
1692 2468 1848 2502 oblatum

188 2513 413 2546 vehementer
440 2514 624 2553 adamavit,
652 2515 714 2547 sed
742 2525 783 2547 ne
808 2517 1027 2559 tyrannidem
1056 2525 1223 2557 quaerere
1252 2516 1429 2547 videretur
1453 2514 1588 2546 abnuit.
1662 2516 1728 2548 Hie
1755 2516 1850 2558 quod

191 2559 330 2601 legibus
368 2559 492 2592 urbem
522 2560 744 2599 fundaverat,
782 2567 814 2594 ct
850 2563 943 2604 quod
974 2562 1119 2594 deorum
1149 2561 1281 2594 cultum
1310 2562 1529 2600 instituerat,
1571 2561 1850 2602 praedicabatur.

190 2606 390 2638 Libidinem
414 2606 552 2647 legibus
575 2617 745 2645 coercere,
772 2607 917 2640 deorum
939 2608 1073 2641 cultum
1099 2618 1260 2641 revocare
1288 2613 1319 2640 et
1339 2606 1496 2639 imbuere
1511 2608 1649 2639 animos
1668 2608 1851 2649 religione,

190 2652 226 2684 id
253 2651 419 2685 studebat
444 2652 630 2695 Augustus
655 2658 761 2695 atque
790 2653 834 2686 ob
870 2655 904 2687 id
935 2655 1094 2687 studium
1123 2664 1226 2696 saepe
1260 2653 1425 2686 laudatus
1458 2658 1521 2686 est.
1554 2673 1599 2677 —
1623 2654 1710 2686 Cum
1735 2657 1851 2688 Numa

188 2699 257 2730 iam
285 2698 391 2730 altera
419 2700 581 2740 sequitur
608 2699 716 2732 series
742 2701 993 2734 Romanorum.
1045 2701 1185 2740 Tullus,
1203 2701 1335 2739 Ancus,
1361 2700 1554 2741 Tarquinii,
1574 2701 1717 2739 Brutus,
1738 2702 1851 2741 Decii,

190 2745 309 2785 Drusi,
338 2741 550 2787 Torquatus,
578 2745 766 2785 Camillus,
793 2747 1000 2790 Pompeius,
1029 2748 1164 2780 Caesar.
1214 2748 1292 2779 Non
1321 2746 1463 2785 ordine,
1489 2756 1560 2788 quo
1588 2747 1754 2787 vixerint,
1789 2757 1849 2781 eos

190 2791 364 2823 nominari
396 2802 467 2824 non
493 2796 545 2824 est
579 2791 674 2833 quod
700 2802 880 2831 moneam;
917 2803 1031 2835 neque
1060 2792 1203 2826 decebat
1229 2803 1288 2825 eos
1314 2792 1523 2835 procedere,
1550 2797 1589 2824 ut
1618 2793 1750 2826 milites
1777 2795 1851 2827 acie

190 2837 419 2879 compositos.
470 2838 659 2870 Desinitin
690 2838 846 2876 Caesare,
872 2845 971 2881 patre
989 2840 1158 2882 Augusti.
1207 2839 1324 2881 Atque
1349 2839 1443 2871 hune
1468 2838 1586 2871 locum
1603 2840 1849 2883 imperfectum

192 2883 344 2925 reliquit.
365 2902 410 2907 —
428 2886 467 2916 In
495 2885 595 2916 tertia
623 2885 711 2916 serie
738 2889 822 2917 sunt
846 2882 1055 2925 Mummius,
1084 2886 1144 2928 qui
1169 2885 1320 2918 Graecos
1343 2885 1479 2923 devicit,
1506 2885 1590 2918 Cato
1609 2886 1735 2925 Maior,
1763 2886 1850 2920 Cos-

191 2938 272 2969 sus,
311 2930 476 2969 Gracehi,
507 2930 711 2972 Scipiones,
744 2930 946 2971 Fabricius,
982 2933 1170 2971 Serranus,
1204 2931 1334 2964 Fabius
1365 2932 1564 2965 Cunctator.
1614 2933 1755 2975 Magnis
1778 2933 1850 2966 illis

189 2975 272 3008 viris
298 2977 522 3015 memoratis,
553 2977 590 3009 in
625 2976 756 3018 quibus
783 2981 881 3010 erant
909 2978 1220 3021 splendidissimae
1252 2977 1330 3010 illae
1355 2979 1534 3010 Romanae
1562 2978 1727 3018 virtutes,
1754 2988 1852 3012 amor

191 3022 334 3064 patriae,
363 3023 546 3065 fortitudo,
570 3022 670 3063 fides,
697 3023 933 3066 continentia,
969 3030 1073 3068 poeta
1108 3024 1295 3058 deducitur
1320 3023 1363 3057 ad
1390 3024 1442 3066 id,
1473 3028 1512 3057 ut
1534 3026 1698 3068 proprias
1722 3026 1851 3059 Roma-
