2023 3350
273 119 355 159 378

840 115 875 146 P.
905 114 1095 147 leGlLu
1133 114 1346 148 MARONJS

270 232 468 283 Quosque
505 241 654 269 secans
693 226 929 268 infaustum
967 227 1163 268 interluit
1201 228 1298 269 Alia
1333 241 1510 269 nomen:

269 291 407 338 Quam
444 286 568 326 inulti
607 284 767 339 Libyco
809 284 1040 325 volvuntur
1078 299 1292 326 marmore
1332 286 1500 337 fluctus,

269 346 428 387 Saevus
461 342 535 383 ubi
571 342 705 384 Orion
743 340 934 383 hibernis
970 341 1171 384 conditur
1205 343 1352 394 undis3

269 402 348 443 vel
382 414 515 454 quum
555 399 645 441 sole
682 413 791 441 novo
825 399 984 440 densae
1016 402 1240 440 torrentur
1274 401 1444 451 aristae,

1834 399 1917 438 720

268 459 355 500 Aut
390 457 539 498 Hermi
579 471 753 510 campO,
794 460 870 498 aut
905 457 1062 511 Lyciae
1101 456 1357 499 flaventibus
1396 457 1521 499 arvis.

268 517 401 559 Scuta
439 518 613 566 sonant,
654 515 868 568 pulsuque
903 515 1060 568 pedum
1099 515 1334 556 conterrita
1371 515 1513 557 tellus.

383 573 495 614 Hinc
531 573 916 625 Agamemnonius,
956 572 1133 613 Troiani
1171 573 1355 614 nominis
1390 573 1537 623 hostis,

269 631 409 673 Curru
449 630 591 683 iungit
627 630 839 672 Halaesus
880 643 1028 683 equos,
1070 630 1301 683 Turnoque
1337 630 1503 672 feroces

268 689 387 730 Mille
424 688 540 742 rapit
578 688 786 742 populos3
827 691 1002 729 vertunt
1037 687 1181 729 felicia
1216 687 1378 728 Bacchi

1836 690 1918 728 725

269 746 456 787 Massica
492 745 567 799 qui
603 746 775 797 rastris,
815 749 857 787 et
897 759 1005 799 quos
1043 745 1095 786 de
1134 745 1317 787 collibus
1351 746 1451 787 altis

270 804 459 845 Aurunci
498 804 654 844 misere
691 807 858 857 patres,
902 803 1178 856 Sidicinaque
1212 803 1335 844 iuxta

268 863 487 915 Aequora,
532 861 692 915 quique
731 861 854 903 Cales
887 861 1107 914 linquunt,
1147 861 1371 915 amnisque
1406 859 1555 902 vadosi

313 1001 391 1032 717.
420 1000 517 1032 Allia
542 1003 591 1038 .,fl.
618 1004 705 1032 baud
731 1004 826 1040 longe
849 1005 888 1032 ab
914 1005 991 1032 urbe
1011 1006 1069 1039 est,

269 1050 363 1078 iuxta
399 1057 493 1084 quem
535 1050 622 1077 Galli
657 1050 784 1077 Brenno
822 1051 919 1086 duce,
959 1049 1069 1083 quinto

267 1096 389 1124 decimo
419 1096 643 1123 Kalendarum
674 1096 899 1131 Augustarum
933 1095 984 1123 die
1016 1096 1069 1123 de-

267 1143 329 1169 leto
355 1141 499 1169 exercitu
519 1145 588 1175 post
608 1141 746 1169 triduum
766 1142 955 1169 deleverunt
973 1141 1070 1169 etiam

268 1190 379 1216 urbem
403 1190 536 1221 excepto
558 1186 729 1220 Capitolio.
780 1188 866 1214 Sane
884 1187 987 1217 Allia.
1013 1187 1071 1214 ad-

269 1234 355 1261 ditur
378 1241 478 1261 unum
499 1230 508 1260 l
534 1237 660 1267 propter
682 1231 848 1260 metrum.“
869 1234 900 1260 S.
948 1234 995 1260 Ex
1019 1232 1070 1259 liis

274 1276 353 1307 Atia
379 1279 506 1307 videtur
530 1287 603 1306 esse
626 1278 748 1306 usitata
773 1279 933 1312 scriptura
957 1278 997 1307 cf.
1017 1280 1069 1306 Gr.

268 1327 289 1358 ᾗ
318 1321 394 1353 224.
444 1324 595 1352 Aliorum
620 1324 813 1358 scriptorum
837 1324 911 1352 libri
935 1328 1071 1352 servant

273 1367 363 1398 Atia.
417 1367 478 1398 Rb.
505 1370 617 1398 scribit
647 1367 745 1405 Atia,
776 1367 938 1405 Ortinae,
974 1367 1069 1398 Attia

268 1417 338 1444 ΜΡ.
378 1413 460 1444 Atia
486 1416 524 1443 R.
561 1412 734 1443 Hortinae
759 1416 832 1443 MR.
865 1413 1010 1443 Ortinae
1034 1416 1070 1443 P.

315 1459 391 1489 718.
419 1462 476 1489 Tot
502 1465 591 1490 erant
617 1461 750 1497 armati,
785 1462 866 1495 quod
893 1461 1007 1490 fluctus
1037 1461 1070 1489 in

271 1507 353 1535 mari
379 1507 524 1535 bibernis
545 1507 790 1541 tempestatibus
815 1507 963 1541 excitati,
996 1511 1073 1541 quot

270 1554 393 1581 aristae
426 1553 458 1580 in
495 1553 696 1581 fertilissimo
729 1560 861 1587 campo:
895 1558 923 1581 et
954 1553 1000 1580 ita
1035 1561 1070 1581 se

271 1601 423 1633 urgebant
450 1599 490 1626 ad
514 1603 676 1627 certamen
704 1607 739 1627 se
767 1600 1004 1635 protrudentes,
1036 1603 1070 1626 ut

268 1646 369 1672 solent
397 1645 511 1673 fluctus
541 1648 570 1672 et
603 1645 723 1672 densae
749 1645 881 1672 aristae.

269 1695 373 1718 ratum
400 1692 495 1725 plane
520 1690 676 1718 omittitur
701 1694 732 1717 ut
758 1688 793 1725 2,
820 1688 897 1718 303.

316 1733 392 1763 719.
425 1733 529 1763 Orion
557 1735 595 1763 cf.
627 1732 661 1771 1,
688 1735 764 1763 535.

316 1779 392 1809 720.
421 1778 492 1809 sole
523 1789 612 1809 novo
637 1782 764 1815 „prima
791 1781 930 1809 aestatis
960 1777 1073 1815 parte“

931 1645 1069 1679 Compa-

270 1830 301 1854 S.
353 1827 400 1855 Cf.
428 1828 487 1855 ΟΥ.
523 1828 609 1855 Fast.
643 1824 676 1863 1,
721 1825 782 1854 163
819 1824 951 1854 Bruma
990 1823 1072 1855 novi

266 1870 382 1911 prima
410 1875 460 1901 est
484 1869 678 1911 veterisque
699 1870 891 1900 novissima
916 1869 1009 1900 sotic.
1031 1887 1069 1891 --

278 1915 338 1945 l'vt
364 1926 465 1956 quum
492 1918 597 1951 magis
628 1918 767 1947 annectit
794 1919 834 1946 ad
867 1914 942 1946 nbi.
975 1925 1071 1951 quam

269 1965 307 1991 ad
333 1964 422 1997 prius
444 1972 548 2002 quam
572 1961 685 1992 multi.
731 1964 983 1998 simplicissima
1005 1967 1073 1991 erat

271 2010 353 2037 ratio
380 2009 512 2042 iungere
543 2017 645 2047 quom
678 2007 780 2038 multi
810 2024 848 2028 -—-
882 2006 936 2037 vel
968 2017 1070 2047 quam

272 2052 410 2082 demae.
454 2056 567 2089 Itaque
589 2055 752 2083 variatam
773 2055 917 2083 dicemus
932 2059 1071 2083 structu-

272 2109 339 2128 ram
366 2108 429 2128 non
452 2107 650 2135 perversam.
700 2102 805 2129 Etiam
838 2103 896 2129 boc
920 2103 989 2130 loeo
1016 2109 1072 2135 pro

270 2146 413 2180 simplici
445 2149 524 2175 sunt
559 2148 717 2174 habemus
747 2148 925 2176 torrentur
960 2147 998 2175 ef.
1033 2147 1073 2175 ad

271 2190 306 2221 3.
334 2189 409 2219 641.

317 2235 392 2265 721.
424 2233 572 2265 Hermus
594 2237 742 2272 „Lydiae
767 2237 903 2272 fluvius.
937 2238 992 2271 qui
1017 2246 1074 2266 su-

270 2283 423 2318 perfusus
448 2283 572 2316 campis
599 2283 699 2318 gignit
726 2282 946 2312 fertilitatem“
969 2286 999 2311 S.
1024 2284 1072 2311 in-

270 2329 335 2357 fluit
364 2329 397 2357 in
423 2329 531 2357 sinum
550 2331 775 2364 Smyrnaeum.
824 2329 931 2365 Lycia
954 2337 1072 2364 aspera

270 2380 297 2402 et
325 2382 451 2403 saxosa
481 2375 586 2409 regio:
624 2374 697 2402 inde
728 2383 862 2409 pronum
895 2379 963 2403 erat
989 2376 1071 2403 scri—

268 2423 342 2449 bere
379 2417 533 2458 Lydiae,⁸
566 2420 623 2447 sed
654 2422 693 2448 ad
727 2420 860 2449 fluvium
894 2422 1070 2455 Xanthum.

269 2467 324 2500 qui
350 2473 422 2494 eam
441 2465 576 2500 perfluit,
598 2472 733 2499 campus
751 2466 936 2494 extenditur
954 2467 1070 2495 Herod.

273 2509 300 2541 1.
335 2510 405 2539 176.
456 2511 502 2539 Cf.
523 2512 582 2539 Ov.
600 2513 674 2539 Met.
701 2510 730 2548 6,
757 2509 822 2539 317
852 2508 980 2549 Lyciae
997 2510 1071 2549 ser-

270 2554 344 2586 tilie
372 2554 476 2597 agris
502 2554 626 2585 coloni.

315 2600 391 2631 722.
423 2601 531 2630 Scuta
556 2603 681 2631 sonant
702 2606 760 2631 etc.
781 2602 995 2636 epiphonema
1011 2605 1070 2631 est.

272 2663 309 2667 —
345 2647 535 2676 ronterrita
565 2645 668 2676 tellus
701 2645 746 2676 M.
777 2645 819 2676 R.
855 2647 894 2676 cf.
931 2644 997 2675 Ηη.
1031 2663 1068 2667 -

268 2690 397 2731 pedum
435 2691 549 2722 tremit
588 2691 701 2722 excita
749 2694 838 2729 vulg.
889 2697 916 2721 et
961 2690 1071 2732 gemit

268 2743 430 2772 sumptum
455 2748 472 2766 e
498 2735 556 2773 12,
584 2736 660 2767 4⁴5.
711 2736 825 2768 excita
853 2740 876 2767 t.
905 2739 987 2767 coni.
1018 2735 1070 2767 Pl.

272 2800 309 2803 —
347 2785 485 2812 Attende
516 2789 712 2819 quantopere
742 2787 772 2813 h.
806 2786 826 2812 l.
859 2785 986 2818 priscos
1011 2786 1072 2813 Sa-

269 2830 362 2857 binos
388 2837 503 2858 ornare
529 2831 707 2868 studuerit,
746 2838 843 2866 quum
864 2835 974 2859 essent
1001 2838 1072 2859 ma-

269 2875 354 2904 iores
375 2877 604 2905 Romanorum.

441 2951 655 2983 723—732.
706 2951 892 2984 Halaesus.

316 3006 392 3037 723.
421 3007 599 3039 Halaesus
628 3012 730 3040 MPR.
767 3011 806 3041 cf.
842 3008 903 3040 Rb.
942 3012 982 3040 ad
1018 3007 1069 3048 10,

1118 998 1195 1030 417.
1220 1017 1257 1022 —-
1275 1003 1435 1031 Halesum
1449 1000 1709 1038 Agamemnonis
1727 1000 1803 1029 dicit
1820 1000 1918 1029 etiam

1117 1049 1209 1077 Ovid.
1227 1049 1301 1077 Am.
1326 1047 1356 1085 3,
1385 1046 1436 1083 13,
1463 1045 1503 1075 31
1534 1046 1798 1087 Agamemnone
1819 1054 1920 1074 caeso

1117 1096 1148 1122 et
1175 1091 1286 1122 scelus
1313 1098 1342 1123 et
1364 1090 1504 1131 patrias
1525 1091 1628 1131 fugit
1652 1088 1805 1121 Halesus
1828 1099 1919 1129 opes.

1117 1141 1179 1168 Sed
1211 1148 1283 1168 eum
1308 1141 1512 1169 Faliscorum
1545 1139 1697 1174 oppidum
1734 1137 1920 1167 condidisse

1116 1190 1269 1218 narrant:
1301 1194 1365 1214 non
1397 1186 1577 1220 imperasse
1601 1184 1779 1213 Auruncis,
1829 1184 1916 1212 Fast.

1117 1229 1152 1265 4,
1186 1228 1227 1257 73
1266 1228 1417 1259 Venerat
1449 1228 1597 1259 Atridae
1623 1227 1718 1268 fatis
1755 1225 1920 1267 agitatus

1119 1272 1291 1309 Halesus,-
1319 1285 1339 1304 a
1361 1285 1426 1315 qno
1450 1284 1484 1304 se
1508 1273 1637 1305 dictum
1661 1277 1756 1304 terra
1778 1271 1920 1303 Falisca

1114 1324 1229 1360 putat.
1274 1322 1415 1351 Faliscis
1440 1326 1548 1350 autem
1572 1329 1624 1357 ap.
1640 1321 1812 1357 Virgilium
1832 1322 1920 1348 Mes-

1116 1375 1217 1402 sapus
1241 1372 1368 1402 praeest
1394 1376 1425 1396 v.
1444 1365 1508 1395 692
1533 1375 1580 1402 sq.
1630 1367 1737 1401 Fingit
1754 1367 1828 1402 Vgl.
1851 1367 1919 1394 Ha-

1117 1414 1222 1441 lesum
1252 1414 1496 1446 Agamemnone
1529 1421 1623 1443 caeso
1654 1413 1689 1441 in
1714 1412 1847 1441 Italiam
1877 1413 1920 1440 ad

1117 1459 1293 1488 Auruncos
1321 1459 1528 1495 confugisse3
1566 1460 1674 1494 ibique
1704 1458 1838 1493 imperio
1864 1464 1922 1487 ac-

1118 1509 1217 1539 cepto.
1245 1509 1277 1533 ut.
1301 1506 1430 1534 videtur
1456 1508 1515 1533 sub
1539 1505 1639 1533 Turni
1662 1508 1836 1539 potestate·,
1863 1503 1919 1538 qui

1116 1551 1146 1578 ei
1171 1551 1284 1584 gentili
1318 1550 1377 1585 (cf.
1405 1559 1436 1579 v.
1465 1548 1551 1586 372)
1586 1551 1676 1587 regni
1709 1550 1762 1578 sui
1796 1554 1920 1585 partem

1117 1601 1260 1625 cesserat
1299 1596 1394 1631 [quod
1427 1597 1457 1624 si
1482 1597 1606 1631 accipis
1630 1596 1798 1631 probabile
1821 1596 1918 1624 etiam

1118 1642 1148 1670 fit
1182 1651 1256 1671 eum
1285 1648 1356 1677 post
1390 1643 1608 1677 paucissimos
1642 1649 1764 1677 annOS,
1801 1642 1919 1676 quibus

1118 1688 1337 1724 immigravit,
1377 1689 1443 1717 iam
1475 1696 1609 1724 regnum
1644 1687 1776 1722 habere]
1809 1687 1919 1716 statim

1119 1733 1183 1761 iam
1216 1734 1348 1762 Troiani
1383 1734 1525 1762 nominis
1561 1734 1632 1762 odio
1665 1737 1842 1763 commotus
1878 1733 1918 1761 ad

1118 1779 1263 1807 Turnum
1290 1788 1362 1808 cum
1388 1780 1530 1808 exercitu
1560 1783 1718 1814 properat.
1767 1779 1819 1808 Ab
1839 1779 1920 1808 Ovi-

1119 1825 1169 1853 dio
1201 1826 1370 1853 admodum
1402 1826 1567 1860 probabile
1593 1829 1643 1854 est
1672 1826 1828 1854 Halesum
1858 1827 1919 1853 ha-

1119 1871 1218 1899 bitum
1243 1879 1317 1899 esse
1333 1871 1590 1905 Agamemnonis
1613 1871 1729 1906 filiium
1755 1870 1920 1907 Virgilius

1118 1920 1225 1945 tamen
1250 1925 1330 1946 voce
1357 1914 1661 1956 Agamemnonius
1690 1917 1719 1944 id
1746 1925 1810 1945 non
1836 1917 1920 1944 indi-

1119 1963 1224 1997 cavi13
1253 1964 1308 1991 sed
1333 1965 1424 1991 modo
1449 1963 1595 1991 comitem
1619 1962 1779 1991 intellexit
1806 1962 1865 1997 (cf.
1889 1960 1920 1997 6,

1120 2006 1217 2043 489).
1275 2009 1378 2037 Silius
1414 2017 1487 2037 eum
1527 2009 1606 2037 dicit
1645 2005 1848 2047 Argolicum
1887 2006 1920 2045 8,

1121 2052 1196 2081 476.
1232 2069 1270 2073 ——
1311 2052 1469 2083 Aurunci
1503 2063 1544 2082 ex
1574 2058 1664 2089 parte
1698 2058 1781 2083 certe
1812 2054 1920 2088 ipsum

1120 2100 1264 2128 Turnum
1290 2105 1468 2134 sequuntur
1498 2100 1536 2128 cf.
1567 2108 1598 2128 v.
1626 2097 1689 2126 795
1719 2103 1748 2127 et
1779 2097 1833 2133 12,
1865 2097 1919 2135 9⁴,

1119 2154 1161 2174 ex
1186 2153 1247 2179 quo
1276 2147 1345 2175 loco
1379 2146 1592 2181 intelligimus
1616 2146 1759 2173 Turnum
1786 2145 1921 2173 Aurun-

1119 2199 1175 2220 cos
1203 2192 1388 2227 subegisse3
1416 2192 1524 2226 itaque
1546 2195 1630 2219 recte
1653 2191 1754 2225 potuit
1778 2190 1820 2218 iis
1841 2191 1919 2219 dare

1119 2237 1316 2271 praefectum
1345 2238 1547 2273 peregrinum
1580 2237 1742 2271 aliquem.
1774 2236 1838 2264 sibi
1865 2237 1920 2265 de-

1120 2283 1230 2311 ditum.
1266 2298 1304 2302 —
1347 2280 1465 2311 'I'nrno
1498 2286 1526 2310 et
1559 2283 1668 2311 dativo
1705 2282 1863 2311 commodi
1890 2286 1920 2311 et

1120 2336 1176 2363 per
1202 2325 1249 2356 ad
1274 2332 1364 2363 potes
1390 2329 1557 2362 explicare
1581 2329 1619 2357 cf.
1649 2327 1686 2364 5,
1714 2324 1792 2356 451.

1166 2371 1242 2401 725.
1270 2371 1365 2412 rapit
1392 2374 1531 2408 ..raptim
1557 2372 1709 2403 adducit“
1734 2375 1766 2401 S.
1796 2373 1836 2402 ef.
1868 2370 1920 2409 10,

1122 2415 1196 2446 178.
1232 2416 1308 2447 308.
1347 2417 1403 2449 12.
1429 2417 1505 2448 450.
1554 2420 1629 2448 Liv.
1659 2417 1695 2455 2,
1728 2416 1770 2446 20
1805 2415 1920 2447 mani-

1115 2461 1218 2503 pulos
1244 2472 1354 2492 set-nm
1382 2462 1487 2502 rapit.

1165 2506 1241 2537 726.
1270 2518 1366 2538 mons
1394 2507 1567 2539 „asciam
1603 2514 1675 2547 „est
1698 2510 1822 2539 vitibus
1851 2511 1921 2545 ple-

1119 2553 1203 2583 nus*
1239 2557 1270 2583 S.
1303 2555 1342 2584 cf.
1373 2557 1458 2585 Plin.
1496 2553 1556 2592 14,
1588 2554 1626 2591 6,
1659 2553 1690 2583 8.
1741 2556 1918 2592 ,.Massica‚

1119 2609 1160 2629 ex
1176 2606 1282 2630 monte
1298 2604 1405 2630 Gauro
1420 2603 1570 2631 Puteolos
1584 2602 1750 2636 Baiasque
1767 2605 1917 2636 spectan-

1120 2645 1198 2674 uaf-
1247 2649 1291 2675 Eo
1324 2649 1394 2676 loco
1419 2649 1504 2676 Plin.
1538 2649 1576 2676 de
1600 2648 1689 2676 vinis
1720 2647 1828 2676 scribit
1852 2647 1917 2673 Ita-

1118 2693 1194 2720 liae.
1244 2693 1336 2721 Adde
1364 2691 1394 2729 3,
1420 2694 1450 2729 5,
1479 2692 1509 2722 9.
1559 2690 1741 2730 „Massica
1765 2692 1858 2728 dixit,
1884 2696 1917 2720 ut

1123 2735 1327 2767 Mammlast‘
1354 2740 1385 2767 S.
1437 2739 1483 2768 Cf.
1511 2737 1548 2775 9,
1574 2737 1650 2767 618.

1165 2780 1242 2811 727.
1271 2781 1430 2813 Aurunci
1454 2787 1574 2824 potres
1603 2790 1738 2820 „graece
1763 2782 1917 2811 Ausones

1118 2828 1359 2858 110n1inantur.“
1383 2832 1414 2858 S.
1465 2831 1559 2860 Ultra
1584 2829 1685 2858 Lirim
1718 2827 1917 2866 habitabant,

1118 2882 1253 2909 quorum
1287 2877 1411 2904 Suessa
1440 2876 1599 2905 Aurunca
1626 2874 1704 2910 fuit,
1736 2874 1790 2902 sed
1817 2874 1915 2902 etiam

1118 2920 1151 2948 in
1172 2921 1266 2949 Latio
1291 2921 1330 2949 cf.
1356 2919 1421 2949 206
1447 2925 1478 2950 et
1503 2917 1556 2953 11,
1584 2916 1660 2947 316.
1687 2934 1725 2938 -
1754 2916 1916 2952 Sidicini,

1118 2974 1254 3000 quorum
1280 2970 1356 2995 urbs
1381 2968 1525 2995 'l'eanum
1549 2965 1727 2993 Sidicinum
1755 2965 1915 3001 (Teano).

1164 3009 1242 3040 728.
1270 3010 1432 3052 Aequora
1469 3015 1543 3041 sunt
1576 3018 1777 3049 camporum,
1811 3011 1850 3041 cf.
1885 3010 1917 3043 5,
