2023 3350
219 124 297 162 142

777 121 815 152 P.
845 120 1041 154 VIRGILII
1073 121 1284 156 MARONIS

328 233 504 286 Iamque
543 233 631 274 11165
671 232 865 286 alterque
903 233 994 275 dies
1031 237 1241 288 1110665511,
1277 239 1319 278 61
1359 251 1490 279 aurae

218 291 321 331 Vela
356 294 510 331 vocant
544 289 792 342 tumidoque
831 290 1007 332 inflatui

1044 293 1248 335 calbasus
1282 299 1402 336 austl
1407 309 1442 347 o,

213 348 290 388 His
328 351 469 387 vatem
505 346 738 399 adgredior
771 347 897 388 dictis
932 362 983 390 ac
1014 350 1121 390 talia
1162 365 1337 404 quaeso:

518 404 727 457 interpres
763 404 924 457 divom,

578 461 708 503 Clarii
741 462 906 514 laurus,

214 405 268 445 Tr
273 405 476 457 oiquena

214 462 294 512 Qui
329 461 539 514 tripodas,

968 407 1041 459 qui
1080 409 1254 450 numina
1284 408 1456 461 Phoebi,

953 464 1027 516 qui
1067 464 1211 507 sidera
1245 467 1375 507 sentis

1763 466 1845 506 360

212 520 267 560 Et
301 519 521 559 νο1116111111
554 519 723 572 linguas
760 523 802 561 et
835 521 1052 574 praepetis
1090 523 1231 564 omina
1263 537 1439 577 pennae,

210 577 320 617 Fare
362 590 441 629 age
479 601 531 606 —
567 590 750 630 namque
791 590 958 619 omnem
996 592 1167 621 6111511111
1207 581 1312 622 mihi
1352 594 1561 636 prospera
1595 579 1705 621 dixit

229 634 395 687 religio,

438 637 479 674 et
514 635 654 675 61111611
695 639 921 677 suaseiunt
952 637 1124 679 numine
1159 638 1245 679 divi

209 692 379 732 Italiam
419 695 564 744 peteie
601 695 643 732 et
678 695 816 734 terras
852 696 1020 735 tentare
1056 699 1272 749 leposta53

212 749 311 790 Sola
347 762 502 789 novum
537 749 739 803 dictuque
774 750 894 792 nefas
928 751 1122 806 Harpyia
1161 753 1340 795 Celaeno

672 810 714 848 et
752 808 899 849 tristes
937 808 1162 851 denuntiat
1194 811 1281 852 iras

209 806 456 860 Prodigium
496 807 631 857 canit,

210 863 531 918 Obscenamque
569 864 724 906 famem
759 890 814 894 —
851 866 966 917 Quae
1002 868 1144 921 prima
1174 866 1367 922 pericula
1398 866 1514 908 vito?

209 987 238 1012 et
259 983 406 1017 explica:
428 983 571 1011 libabant
596 986 725 1017 pateras
750 988 902 1013 tenentes.
952 985 999 1014 Cf.

209 1030 249 1057 ad
275 1027 306 1063 8,
335 1027 407 1056 125.
457 1029 517 1057 Ubi
549 1037 645 1063 (litum
676 1031 833 1064 exemplis
859 1039 1001 1065 compro-

210 1077 317 1103 batum
360 1075 498 1107 videris.
545 1082 642 1108 saepe
683 1082 704 1103 a
738 1081 831 1109 poeta
868 1077 1001 1113 adiungi

208 1121 407 1148 enuntiatum
433 1128 488 1154 per
515 1122 678 1155 copulam,
706 1121 753 1157 id,
779 1123 860 1156 quod
886 1131 1002 1151 secun-

208 1167 333 1194 darium
362 1170 429 1194 erat
456 1170 483 1193 et
510 1166 676 1194 dicendum
709 1167 893 1203 participi03
924 1170 1002 1196 hae-

207 1212 294 1240 rebis
319 1217 425 1240 tamen
450 1213 508 1240 1106
531 1213 609 1241 loco.
634 1213 716 1245 quod
734 1211 858 1249 pocula
882 1217 909 1241 et
934 1222 1000 1252 pa-

209 1259 302 1286 teras
329 1258 438 1286 iuncta
465 1257 571 1286 vides.
606 1265 688 1291 quae
718 1266 768 1286 res
795 1259 925 1294 signant
952 1259 1000 1287 tli-

207 1310 332 1332 versas.
382 1303 509 1331 Pateris
535 1304 630 1331 libari
665 1304 748 1331 satis
772 1308 880 1332 notum
905 1304 943 1333 cf.
971 1303 998 1337 1.

207 1346 271 1376 729
302 1349 399 1377 etiam
422 1349 539 1377 aureis.
590 1350 676 1382 Quae
702 1349 731 1377 si
757 1350 859 1378 nimia
884 1351 999 1379 viden-

207 1398 257 1422 tur
297 1402 351 1428 pro
388 1394 504 1423 Heleni
541 1395 709 1430 tenuitate,
757 1396 1001 1425 animadvertas

207 1439 313 1474 ipsum
345 1448 419 1469 esse
451 1441 569 1475 Pyrrhi
602 1442 765 1477 heredem,
806 1449 844 1471 ac
876 1446 1001 1476 poetam

207 1486 304 1514 etiam
318 1486 433 1514 Latino
450 1486 516 1519 regi
540 1487 571 1513 in
593 1486 673 1514 libro
696 1487 830 1520 septimo
855 1488 1000 1523 ingentes

208 1539 296 1566 opes,
324 1532 465 1567 ingentia
490 1531 614 1565 palatia
638 1532 782 1560 tribuere.
833 1534 873 1560 Hi
903 1533 1001 1569 igitur

206 1585 323 1605 versus
353 1584 545 1611 qttamquam
580 1579 752 1613 languent,
787 1586 885 1612 quum
917 1579 999 1606 satis

206 1623 397 1651 testimoniis
425 1623 602 1659 firmentur,
641 1623 800 1651 nonlicet
826 1627 866 1653 ab
894 1625 999 1653 alieno

205 1669 346 1697 adiectos
371 1671 496 1697 habere.
552 1666 603 1697 Pl.
629 1669 668 1696 ei.
696 1667 875 1698 352—56.

310 1745 374 1777 356
390 1763 433 1766 -—
449 1745 526 1776 462.
574 1744 701 1776 Heleni
726 1745 895 1778 vaticinia.

249 1802 325 1833 357.
354 1804 470 1833 Aurae
499 1802 574 1832 vela
603 1807 744 1839 vocant,
774 1809 807 1834 ut
831 1803 873 1833 70
900 1807 1001 1834 vocat

204 1848 384 1879 misteria
413 1848 542 1884 allum3
578 1851 598 1878 i.
633 1859 659 1878 6.
693 1856 808 1879 ventus
839 1852 1000 1880 secundus

204 1900 253 1924 est.
290 1901 319 1924 et
363 1896 480 1925 excitat
522 1900 639 1924 nautas
682 1898 722 1925 ad
765 1897 997 1932 navigandum.

205 1942 323 1970 Contra
347 1939 377 1977 4,
405 1938 469 1969 417
502 1944 602 1970 vocat
633 1939 702 1969 iam
737 1940 902 1971 carbasus
935 1951 999 1970 au-

204 1994 262 2014 ras
299 1988 319 2016 i.
345 1996 372 2016 6.
405 1987 513 2015 omnia
540 1989 580 2015 ad
610 1988 852 2023 navigationem
882 1992 998 2023 parata

204 2037 288 2060 sunt.
317 2048 354 2052 —-
389 2030 561 2062 Carbasus
584 2041 708 2069 „genus
729 2033 787 2060 lini
812 2038 859 2062 est
884 2035 922 2063 cf.
944 2032 996 2071 11,

204 2075 287 2113 775,
326 2080 409 2113 quod
440 2079 578 2106 abusive
613 2080 799 2113 plerumque
833 2088 887 2114 pro
924 2081 997 2108 velo

205 2124 330 2157 ponitur
367 2124 431 2159 [ap.
464 2124 599 2159 poetasl.
648 2126 686 2152 In
716 2133 847 2153 numero
884 2126 997 2162 singu-

202 2170 264 2197 lari
296 2166 381 2198 haec
409 2167 574 2197 carbasus
609 2170 761 2205 dicimus,
804 2171 838 2199 in
877 2172 999 2206 plurali

202 2211 286 2243 llaec
311 2212 497 2244 carbasaf·
526 2217 558 2243 S.
591 2216 637 2244 Cf.
664 2214 694 2253 9,
719 2213 795 2244 618.

250 2258 323 2288 358.
350 2257 547 2301 aggredior
570 2258 671 2290 dictis
697 2261 736 2290 cf.
759 2259 790 2297 4,
809 2259 861 2290 92.

249 2304 323 2334 359.
351 2304 520 2345 interpres
542 2304 656 2335 ‹livom
684 2307 721 2335 cf.
752 2306 802 2343 10,
825 2305 900 2336 175.

249 2350 323 2380 360.
354 2350 491 2380 -S'cntire
518 2356 566 2380 est
591 2356 620 2380 et
652 2353 802 2381 sensibus
835 2354 998 2388 percipere

202 2402 230 2425 et
255 2398 408 2426 sensibus
430 2402 578 2432 percepta
600 2398 707 2426 animo
733 2398 917 2436 concipere,
947 2403 996 2427 at-

202 2451 262 2477 que
293 2443 366 2472 inde
397 2451 588 2479 cognoscere
625 2447 653 2471 et
690 2444 880 2480 intelligere.
929 2446 997 2473 Ita-

203 2497 263 2523 que
288 2489 438 2524 intelligit
460 2486 607 2516 numina
632 2489 698 2525 dei,
738 2490 810 2517 sive
840 2497 922 2524 quae
952 2491 995 2518 sit

202 2534 251 2561 dei
278 2536 447 2571 voluntas,
471 2538 501 2562 et
525 2535 680 2568 quomodo
704 2534 826 2569 tripode
847 2540 877 2564 et
901 2537 993 2563 lauro

204 2579 376 2614 indicetur;
403 2581 462 2609 scit
487 2581 585 2608 etiam
607 2581 815 2616 astrologiam
840 2585 870 2609 et
893 2585 994 2609 artem

203 2626 432 2658 auspiciorum.
469 2641 506 2645 —
543 2626 588 2654 Cf.
616 2626 684 2653 Tib.
709 2623 739 2662 2,
766 2625 795 2661 5,
823 2623 860 2653 13
891 2623 997 2654 Prac-

202 2667 305 2698 sentil
328 2668 518 2710 haruspex,
549 2669 682 2699 lubrica
710 2669 868 2709 signavit
895 2680 996 2710 quum

203 2711 286 2742 (lens
312 2717 390 2744 erla
419 2715 521 2744 notis.
567 2717 623 2745 Sil.
647 2713 677 2747 4.
705 2713 766 2743 1⁶20
792 2713 871 2745 huic
898 2725 999 2755 snpe-

201 2766 257 2787 ros
285 2758 409 2789 sentire
432 2765 608 2790 monentes
633 2770 691 2790 ars
716 2759 798 2795 fuit.
823 2777 865 2781 —-
889 2760 997 2797 ..Tri-

201 2802 308 2843 podes
341 2814 472 2835 mensae
504 2808 632 2836 fuerunt
664 2808 697 2835 in
726 2808 843 2842 templo
865 2808 995 2842 Apolli-

201 2849 254 2876 nis
279 2850 435 2883 Delphici.
461 2853 577 2887 quibus
600 2853 868 2888 superimpositae
890 2854 994 2881 Phoe.

202 2895 299 2922 bades
325 2896 616 2927 x'aticiitaliaiitttr.“
643 2901 673 2927 S.
706 2914 749 2917 ——
778 2896 900 2927 laurus
926 2896 991 2928 Ml.

202 2941 244 2967 al.
275 2955 312 2959 -—
344 2937 462 2969 lauros
486 2942 551 2972 M2.
577 2946 619 2972 al.
664 2944 710 2972 Cf.
736 2946 787 2973 Gr.
813 2944 835 2977 ξ
858 2941 901 2971 88
926 2944 990 2972 Α11.

201 2999 246 3003 —
271 2982 459 3021 „Clarium
488 2989 636 3022 oppidum
657 2994 705 3018 est
730 2989 762 3017 in
790 2989 904 3019 finibus
928 2990 991 3018 Co-

202 3030 455 3063 loplioniorum.u
487 3035 517 3061 S.
557 3035 628 3063 sive
661 3036 775 3064 Claros
801 3037 859 3064 Ον.
887 3038 929 3064 Μ.
960 3034 988 3073 l,

1049 985 1124 1015 515.
1161 979 1306 1025 Κλάρος
1331 987 1428 1014 Paus.
1455 982 1486 1021 7,
1512 983 1541 1022 3,
1562 981 1590 1012 t.
1622 985 1720 1013 Thuc.
1744 982 1774 1021 3,
1791 981 1844 1012 33.

1048 1035 1243 1061 Memoratur
1275 1036 1398 1061 tantum
1439 1007 1549 1065 ἄλσος
1579 1026 1645 1058 τοῦ
1680 1025 1844 1069 Κλαρίου

1045 1070 1275 1116 Ἀπόλλωνος,
1291 1072 1329 1106 ἐν
1353 1072 1380 1118 ᾠ
1406 1071 1468 1104 καὶ
1490 1073 1664 1114 μαντεῖον
1688 1070 1735 1114 ἠν
1757 1080 1846 1102 ποτε

1048 1118 1207 1151 παλαιόν
1243 1131 1293 1158 ap.
1329 1125 1431 1151 Str-ab.
1462 1119 1572 1156 14,1.
1628 1121 1689 1150 Cui
1722 1119 1846 1150 auctori

1049 1169 1218 1203 opponitur
1249 1173 1359 1198 auctor
1386 1176 1449 1196 non
1481 1167 1588 1196 minus
1611 1167 1725 1202 gravis
1747 1166 1843 1194 Taci-

1048 1218 1110 1251 tus,
1136 1216 1219 1249 apud
1242 1223 1350 1249 quem:
1378 1213 1589 1242 Germanicus
1608 1209 1756 1251 appellit
1782 1209 1844 1240 Co-

1047 1257 1217 1299 lophona,
1260 1262 1298 1290 ut
1342 1257 1454 1289 Clarii
1493 1255 1669 1297 Apollinis
1706 1254 1847 1286 oraculo

1047 1307 1200 1333 uteretur
1232 1307 1273 1335 Α.
1303 1303 1338 1339 2,
1366 1302 1427 1340 54,
1467 1305 1551 1333 unde
1590 1303 1710 1332 Tiberii
1747 1303 1844 1331 etiam

1045 1354 1185 1385 tempore
1216 1354 1339 1381 clarum
1364 1350 1471 1379 fuisse
1495 1350 1576 1378 illud
1601 1350 1766 1378 oraculum
1790 1349 1844 1378 vi-

1048 1398 1169 1425 deatur.
1219 1397 1429 1434 „Quam-itur.
1470 1399 1577 1424 utrum
1610 1395 1713 1423 Clarii
1744 1395 1845 1431 gemi-

1047 1444 1189 1471 nandum
1214 1444 1255 1472 sit
1281 1441 1310 1476 ἰ,·
1338 1446 1365 1471 et
1390 1441 1556 1470 sciendum
1574 1441 1669 1469 aliter
1689 1449 1753 1469 11011
1771 1448 1844 1475 pro-

1047 1490 1190 1517 cederes*
1215 1490 1245 1517 S.
1302 1486 1424 1516 Claros
1451 1487 1536 1515 enim
1568 1487 1707 1521 primam
1738 1488 1846 1522 sylla-

1047 1536 1120 1562 bam
1152 1537 1245 1563 habet
1275 1537 1414 1563 brevem.
1464 1533 1517 1561 Sic
1543 1530 1573 1569 4,
1600 1530 1665 1560 640
1701 1529 1844 1561 Darda-

1045 1577 1164 1619 nilque
1202 1588 1329 1621 rogum
1369 1576 1514 1617 capitis,
1557 1578 1587 1615 ὁ,
1615 1576 1679 1605 620
1712 1574 1847 1605 Tmarii

1047 1623 1172 1655 conius
1204 1622 1356 1665 Dorycli.
1392 1626 1508 1653 Forma
1533 1621 1560 1652 ii
1584 1628 1632 1652 est
1652 1624 1687 1652 in
1711 1623 1847 1653 adiecti-

1046 1671 1102 1700 vis
1127 1671 1165 1700 cf.
1194 1669 1270 1700 702.
1319 1671 1366 1699 De
1392 1670 1570 1705 astrologia
1594 1669 1632 1698 cf.
1660 1667 1710 1706 ltt,
1740 1667 1815 1698 176.

1095 1725 1170 1756 361.
1197 1728 1266 1756 Duo
1289 1732 1377 1756 erant
1399 1728 1511 1756 avium
1531 1733 1659 1763 genera,
1685 1727 1770 1755 unde
1791 1725 1843 1755 fu-

1047 1777 1152 1802 turum
1179 1776 1444 1809 cognoscebatur,
1480 1770 1613 1801 oscines
1639 1776 1667 1800 et
1696 1779 1844 1811 praepe—

1046 1821 1104 1848 tes.
1142 1820 1297 1855 „oscines
1323 1828 1376 1847 ore
1397 1819 1505 1847 futura
1530 1818 1727 1855 praedicunt,
1751 1825 1845 1852 prae-

1046 1870 1135 1899 petes
1173 1867 1283 1893 volatu
1320 1865 1511 1901 significant.
1571 1865 1631 1892 Sed
1661 1867 1843 1902 praepetes

1046 1916 1100 1939 aut
1122 1911 1289 1945 superiora
1315 1915 1437 1947 tenent,
1469 1913 1497 1938 et
1526 1913 1692 1944 praepetes
1716 1916 1840 1938 vocan-

1046 1961 1105 1993 tur,
1132 1961 1185 1984 aut
1218 1957 1370 1985 inferiora
1397 1961 1424 1985 et
1449 1956 1598 1984 dicuntur
1617 1953 1772 1984 inferae.“
1807 1956 1838 1983 S.

1045 2003 1092 2031 Cf.
1124 2004 1203 2030 Gell.
1230 2001 1265 2039 6,
1291 2001 1320 2030 6.
1365 2018 1402 2021 -
1449 1999 1588 2029 Pennae
1619 2005 1694 2029 sunt
1727 2001 1841 2029 avium

1043 2049 1099 2076 Sil.
1129 2045 1159 2084 4,
1187 2045 1247 2075 121
1286 2047 1353 2077 Ars
1385 2044 1462 2085 suit
1496 2055 1612 2086 penna
1648 2049 1843 2075 monstrare

1037 2091 1167 2130 futura
1193 2091 1381 2132 magistra.
1430 2094 1523 2127 Prop.
1546 2090 1576 2128 3,
1601 2090 1631 2127 8,
1650 2089 1684 2119 ll
1722 2089 1841 2130 Tuque

1043 2147 1061 2168 0
1091 2147 1174 2167 cara
1203 2132 1288 2167 mihi
1307 2136 1473 2176 felicibus
1501 2135 1595 2167 edita
1624 2134 1760 2177 pennis
1809 2137 1841 2165 A

1045 2189 1135 2220 parte
1161 2189 1259 2213 totum
1289 2185 1328 2213 cf.
1356 2182 1430 2212 468.

1091 2239 1166 2270 362.
1193 2249 1323 2270 omnem
1364 2243 1406 2269 M.
1444 2242 1475 2268 S.
1515 2242 1601 2275 prob.
1641 2236 1708 2268 Hn.

1046 2284 1156 2315 omnis
1181 2288 1238 2326 Py.
1267 2296 1328 2315 rec.
1356 2284 1421 2314 Rb.

1091 2330 1165 2360 363.
1191 2331 1333 2360 numine
1360 2329 1545 2368 „oraculost‘
1569 2332 1600 2359 S.
1631 2330 1670 2360 cf.
1693 2328 1721 2367 1,
1746 2328 1777 2359 8.

1089 2385 1164 2416 364.
1191 2392 1359 2427 repostae,
1387 2393 1536 2425 remotas,
1561 2389 1608 2417 sic
1635 2386 1665 2425 6,
1693 2385 1745 2416 59.

1089 2443 1163 2473 367.
1197 2442 1350 2474 Obscena
1372 2444 1486 2481 fames
1507 2446 1630 2481 dicitur,
1657 2452 1760 2481 „quae
1780 2447 1839 2473 ho-

1041 2490 1146 2519 mines
1180 2492 1220 2519 ad
1255 2493 1393 2520 obscena
1429 2488 1625 2526 compellit.“
1660 2492 1691 2519 S.
1731 2490 1770 2519 cf.
1808 2487 1836 2526 1,

1041 2534 1117 2564 202.
1148 2552 1185 2556 —-
1218 2534 1314 2574 Quae
1339 2534 1454 2576 prima
1476 2534 1634 2576 pericula
1657 2533 1727 2564 vito
1747 2536 1839 2572 „Duo

1042 2582 1134 2619 petit,
1160 2584 1423 2616 quemadmodum
1455 2586 1508 2611 aut
1539 2582 1692 2617 periculis
1717 2585 1835 2618 careat,

1042 2632 1097 2655 aut
1133 2629 1249 2662 quibus
1288 2629 1436 2657 consiliis
1472 2635 1530 2662 par
1564 2635 1636 2656 esse
1671 2626 1836 2655 laboribus

1043 2672 1178 2707 possit.“
1200 2676 1231 2702 S.
1273 2689 1309 2693 —
1349 2675 1476 2702 Directe
1500 2678 1623 2708 autem,
1650 2676 1683 2700 ut
1710 2672 1836 2707 dicitur,

1042 2718 1231 2755 interrogat,
1269 2727 1370 2753 neque
1403 2717 1472 2747 vito
1505 2718 1700 2747 indicativus
1723 2718 1834 2751 pendet

1042 2771 1063 2792 a
1083 2764 1164 2800 fare
1192 2772 1262 2804 age
1284 2765 1381 2792 nimis
1406 2765 1471 2793 iam
1500 2768 1638 2800 remoto,
1674 2769 1769 2796 quam
1800 2766 1834 2790 ut

1041 2814 1133 2844 poeta
1155 2812 1232 2839 haec
1257 2818 1329 2838 cum
1350 2813 1448 2838 verbo
1471 2808 1539 2838 vito
1564 2809 1694 2843 iungere
1718 2809 1833 2836 volue-

1040 2855 1089 2883 rit.
1130 2871 1167 2874 ——
1206 2857 1365 2889 Recteque
1395 2855 1477 2884 dixit
1509 2861 1590 2889 quae
1618 2853 1723 2887 prima
1746 2853 1831 2888 peri-

1039 2900 1111 2928 cula
1135 2901 1213 2936 vito,
1238 2897 1362 2929 welche
1391 2896 1565 2937 Gefahreu
1582 2896 1755 2927 vermeide
1779 2895 1832 2926 ich

1039 2953 1100 2973 vor
1121 2941 1243 2974 allen?
1270 2947 1290 2974 i.
1309 2954 1334 2974 e.
1359 2952 1440 2980 quae
1462 2945 1563 2979 prima
1589 2944 1733 2978 pericula
1757 2946 1831 2972 sunt

1038 2998 1121 3024 quae
1152 2989 1241 3023 υἰτος
1283 2999 1357 3019 nam
1390 2997 1472 3026 quae
1505 2990 1653 3018 iubentur
1683 2989 1830 3018 facturus

1036 3041 1093 3064 est.
1144 3037 1190 3066 Cf.
1218 3035 1248 3073 6,
1279 3033 1354 3065 781.

1755 2237 1838 2280 Wg.
