2023 3350
721 60 957 95 AENEIDOS
983 63 1068 96 LIB.
1096 63 1156 95 XI.

120 180 286 221 Aureus
329 193 379 221 ex
417 175 603 218 humeris
643 178 769 217 sonat
806 189 948 226 arcus,
989 179 1032 216 et
1056 188 1188 216 aurea
1220 177 1309 217 vati

121 237 319 287 Cassida;
353 240 446 277 tum
485 246 679 274 croceam
718 233 1068 287 chlamydemque
1099 233 1302 287 sinusque
1334 236 1557 287 crepantes

120 294 355 336 Uarbaseos
394 291 508 333 fulvo
542 291 586 331 in
623 290 782 332 nodum
823 291 1060 344 collegerat
1090 304 1205 341 auro,

117 352 261 393 Pictus
295 364 374 391 acu
407 349 593 399 tunicas,
629 351 672 390 et
710 348 901 390 barbara
940 347 1130 402 tegmina
1165 361 1348 389 crurum.

117 408 243 450 Hunc
279 408 417 460 virgo,
453 406 539 447 sive
574 410 621 447 ut
653 407 823 460 templis
861 405 1116 460 praefigeret
1150 419 1272 448 arma

116 466 266 515 Troia,
297 463 466 517 captivo
502 463 589 505 sive
628 468 676 504 ut
714 478 758 505 se
793 464 924 505 ferret
960 463 1003 504 in
1039 475 1157 514 auro,

117 522 321 564 Venatrix
359 535 490 562 unum
529 535 580 562 ex
618 522 733 562 omni
772 521 1005 563 certamine
1044 533 1212 574 pugnae

1673 523 1754 561 750

115 580 251 621 Caeca
287 578 566 632 sequebatur,
601 583 826 632 totumque
861 580 1036 620 incauta
1070 591 1147 631 per
1186 590 1335 630 agmen

112 637 309 678 Femineo
348 636 536 690 praedae
568 641 610 678 et
649 637 883 690 spoliorum
920 635 1102 678 ardebat
1134 648 1300 676 amore:

111 694 259 736 Telum
295 708 345 735 ex
381 694 548 735 insidiis
590 709 721 748 quum
760 694 933 736 tandem
972 697 1164 746 tempore
1206 697 1334 745 capto

112 752 329 803 Concitat,
369 756 411 794 et
447 766 622 806 superos
661 755 826 794 Arruns
860 753 921 794 sic
957 765 1061 792 voce
1100 755 1322 805 precatur:

110 929 272 955 Incertum
299 932 350 956 est
375 927 405 963 7,
430 926 507 955 626.
535 926 585 964 12,
614 927 691 956 406.
743 929 901 956 Omnibus

108 979 218 1001 autem
240 974 271 1002 in
304 974 385 1002 locis
408 973 525 1007 legitur
550 974 700 1008 pluralis.
743 989 787 992 ——
834 976 901 1002 Hoc

108 1019 205 1047 etiam
230 1021 304 1047 loco
333 1028 374 1048 ex
399 1019 507 1047 addito
541 1028 642 1047 cornu
675 1024 705 1047 et
736 1027 813 1048 arcu
845 1026 902 1047 sa-

108 1066 206 1099 gittas
228 1065 363 1099 intelligi
386 1070 540 1099 apparet;
581 1065 610 1093 id
639 1066 732 1093 modo
759 1066 901 1100 offendit,

107 1111 192 1144 quod
207 1111 356 1138 dicuntur
373 1110 526 1144 torqueri,
546 1112 630 1144 quod
643 1116 693 1139 est
708 1111 901 1139 iaculorum.

106 1156 150 1184 At
173 1156 252 1184 dixit
277 1157 352 1184 item
375 1159 410 1184 E.
439 1156 487 1191 to,
508 1156 550 1184 59
567 1160 725 1195 torquere
747 1154 903 1195 Cydonia

107 1210 213 1230 cornu
243 1199 391 1241 spicula.
411 1217 455 1220 ——
479 1210 582 1230 contu
611 1201 651 1230 cf.
679 1203 710 1238 9,
734 1202 810 1230 606.

151 1245 228 1276 774.
255 1255 385 1276 aurens
417 1251 478 1276 etc.
509 1248 548 1275 de
582 1248 718 1282 repetita
753 1255 838 1275 voce
874 1246 902 1282 1,

105 1291 183 1321 449.
209 1309 253 1312 —
273 1295 349 1322 erat
371 1301 428 1328 pro
455 1296 555 1321 sonat
580 1295 642 1330 Mb,
676 1301 742 1322 rec.
772 1290 833 1321 Rb.
859 1308 901 1312 —

106 1340 169 1367 Sed
196 1339 227 1367 in
253 1348 291 1367 eo
318 1341 454 1373 haereo,
491 1340 575 1372 quod
616 1344 689 1373 post
721 1338 902 1377 torquebat

105 1393 230 1421 cornu,
267 1386 352 1419 quod
382 1384 541 1419 significat
575 1385 716 1418 aliquem
744 1385 775 1412 in
797 1384 902 1418 sagit-

104 1432 202 1459 tando
229 1435 435 1466 occupatum,
473 1430 582 1458 statim
609 1431 757 1464 pendens
782 1429 813 1457 in
840 1431 901 1457 hu-

103 1477 204 1505 meris
225 1482 423 1504 memoratur
449 1483 564 1509 arcus,
610 1483 718 1509 neque
748 1471 814 1503 Lrti
839 1481 900 1502 ex-

103 1522 202 1550 tricor
223 1523 396 1554 sententia,
420 1529 516 1555 quam
537 1518 596 1550 Fb.
621 1523 758 1556 probare
773 1521 903 1548 videtur

103 1575 215 1596 arcum
248 1569 369 1596 dictum
399 1575 476 1596 esse
509 1575 567 1602 pro
602 1569 764 1602 pharetra.
816 1567 899 1594 Illud

102 1613 200 1642 facile
224 1614 329 1648 patior
354 1621 467 1642 arcum
494 1614 527 1641 et
546 1620 700 1641 corneum
718 1618 749 1641 et
762 1620 899 1641 aureum

103 1659 180 1695 dici;
209 1665 259 1688 est
280 1660 363 1688 enim
379 1667 521 1688 corneus
540 1666 621 1687 auro
644 1659 782 1693 plurimo
802 1665 899 1686 orna-

101 1711 166 1741 tus,
196 1711 229 1734 ut
260 1707 432 1740 splendeat
467 1712 567 1733 auro:
614 1711 750 1732 aureum
787 1711 899 1732 arcum

102 1759 197 1780 nemo
229 1751 412 1780 intenderit.
461 1766 505 1769 —
553 1758 592 1779 cx
622 1747 763 1778 humero
789 1758 808 1788 γ
834 1757 898 1777 rec.

111 1794 195 1837 H'g.

148 1842 225 1870 775.
250 1837 390 1869 cassida
416 1848 494 1875 pro:
527 1837 654 1876 cassis,
679 1840 724 1869 ita
747 1841 843 1875 Prop.
867 1839 899 1876 3,

101 1888 133 1923 9,
168 1887 216 1917 15.
242 1902 287 1906 —
311 1894 431 1915 crocea
457 1883 626 1924 chlamys:
651 1886 698 1914 De
725 1887 899 1921 chlamyde

101 1933 142 1962 cf.
169 1933 200 1969 9,
226 1931 303 1961 582.
352 1933 479 1961 crocea
509 1932 617 1960 vestis
645 1932 798 1960 Troianis
840 1934 898 1960 ob-

100 1979 207 2008 iicitur
230 1978 261 2015 9,
283 1976 349 2006 614
375 1983 405 2006 ut
431 1980 595 2013 probrum.
629 1980 665 2006 Et
692 1979 778 2012 apud
795 1980 899 2007 Grae-

101 2033 161 2054 cos
184 2025 216 2053 in
243 2019 413 2053 comoedia
440 2024 588 2052 tribuitur
602 2023 744 2057 seminis,
764 2025 897 2052 Baccho

101 2076 132 2100 ut
160 2072 221 2099 deo
247 2070 434 2098 effeminato
455 2071 573 2098 Athen.
599 2070 631 2104 5,
660 2078 688 2104 p.
714 2068 788 2102 198,
828 2070 896 2104 Hy-

100 2123 239 2146 menaeo
262 2117 322 2145 Ov.
353 2118 395 2144 Μ.
425 2115 474 2152 10,
503 2115 530 2150 t,
559 2116 672 2144 Amori
707 2115 776 2144 Tib.
803 2114 836 2150 2,
861 2114 893 2149 2,

105 2162 157 2199 18,
184 2162 303 2192 Veneri
331 2163 401 2191 val.
426 2163 476 2190 1³¹1.
500 2160 532 2197 8,
555 2160 633 2189 234.
682 2161 784 2198 „Etis
804 2163 896 2189 color

100 2209 254 2238 convenit
291 2208 453 2241 laetitiae,
509 2207 635 2242 nuptiis
674 2207 706 2235 in
747 2207 895 2242 primis.··

102 2254 223 2289 Gierig.
269 2255 332 2288 Ap.
366 2254 481 2283 Claud.
514 2255 608 2288 Nupt.
638 2254 718 2281 Hon.
751 2258 780 2281 et
812 2255 893 2282 Mar.

100 2297 176 2328 21¹.
189 2305 219 2328 et
229 2301 310 2328 Aen.
328 2299 353 2335 1,
369 2298 434 2327 649
450 2300 597 2328 Helenae
607 2301 760 2327 velamen
778 2306 893 2327 croceo

100 2347 242 2374 acantho
271 2350 417 2374 ornatum
453 2350 517 2374 est.
563 2361 607 2364 —
656 2345 811 2374 Barbaris
844 2346 894 2373 hic

101 2393 192 2420 color
226 2393 281 2419 vel
320 2392 426 2426 magis
457 2391 586 2420 videtur
621 2391 801 2425 placuisse.
850 2406 894 2410 —

100 2435 198 2465 sinus
234 2439 414 2476 crepantes
446 2434 647 2465 carbaseos.-
697 2438 745 2465 De
773 2437 893 2471 duplici

101 2482 264 2522 adiect'njo
295 2481 336 2511 cf.
361 2482 392 2517 5,
429 2481 483 2510 24.
537 2480 645 2511 Sinus
674 2489 782 2511 autem
817 2488 892 2511 sunt

99 2529 208 2564 ipsius
229 2528 412 2562 chlamydis
430 2528 461 2556 in
488 2528 595 2557 sinum
609 2529 782 2565 collectae,
809 2537 892 2563 quos

100 2574 309 2603 memorando
336 2579 433 2607 poeta
458 2573 563 2609 efficit,
600 2578 632 2602 ut
665 2575 762 2603 etiam
788 2580 893 2602 mate-

100 2621 180 2649 riam
207 2620 239 2647 et
263 2621 406 2647 colorem
431 2620 617 2653 chlamydis
632 2621 751 2654 posset
769 2620 892 2656 dicere,

100 2673 200 2701 quare
224 2673 289 2693 non
315 2670 366 2693 est
391 2662 489 2693 sinus
516 2665 666 2694 otiosum.
689 2667 751 2700 Ap.
779 2667 891 2695 Claud.

100 2712 132 2740 in
153 2714 242 2740 Eutr.
253 2709 284 2748 ἓ,
300 2708 364 2738 183
380 2715 431 2739 est
448 2707 629 2739 carbaseos
642 2708 768 2740 induta
785 2709 892 2740 sinus.

98 2773 144 2777 —
169 2758 366 2796 crepantes,
398 2760 430 2785 ut
452 2761 587 2793 tenues,
624 2758 752 2790 qualem
776 2765 894 2786 sonum

100 2808 130 2832 et
156 2803 265 2832 serica
302 2803 367 2830 dat.
415 2804 474 2830 Est
504 2802 589 2830 enim
620 2808 727 2836 genus
756 2803 812 2832 lini
846 2808 895 2832 te-

99 2849 251 2878 nuissimi
292 2852 323 2876 et
364 2847 615 2882 pretiosissimi,
658 2847 826 2877 inventum
861 2849 893 2878 in

94 2888 260 2930 'Hispania
281 2894 544 2929 Tarraconensi,
586 2893 645 2922 sed
683 2893 780 2922 etiam
817 2894 893 2923 alibi

100 2940 139 2968 cf.
170 2941 258 2970 curt.
283 2939 316 2976 8,
342 2938 374 2977 9,
401 2937 456 2968 21.
494 2941 641 2969 carbaso
669 2938 768 2967 etiam
786 2940 897 2968 tvluvii

100 2986 182 3014 Aen.
208 2985 241 3020 8,
263 2983 307 3015 34
332 2990 364 3014 et
391 2986 513 3016 Naides
546 2990 577 3014 et
609 2985 762 3019 Dryades
788 2986 894 3014 vesti-

949 931 1046 954 untur
1074 928 1134 954 ΟΥ.
1174 928 1216 954 Μ.
1249 924 1306 959 11,
1342 923 1396 953 48.
1446 925 1517 954 Noli
1557 934 1749 961 comparare

949 981 1022 1000 cum
1045 974 1186 1001 carbaso
1214 972 1360 1000 navium.
1385 986 1429 989 —-
1452 972 1547 1000 Adde
1572 972 1604 1009 3,
1630 973 1707 1001 357.

995 1026 1071 1056 776.
1103 1026 1210 1056 sinus
1232 1025 1426 1068 collegerat
1439 1024 1475 1056 in
1495 1025 1623 1056 undum
1642 1038 1750 1058 auro:

950 1076 1064 1110 „Hanc
1090 1075 1309 1108 chlamydem,
1347 1081 1410 1107 quo
1435 1074 1621 1108 expeditior
1645 1081 1749 1110 esset,

950 1121 1059 1148 aureis
1075 1121 1217 1148 nexibus
1233 1121 1263 1147 in
1279 1120 1398 1147 notium
1414 1120 1523 1147 habuit
1541 1122 1749 1150 collectams‘

951 1167 1032 1194 Don.
1059 1181 1104 1186 -
1128 1163 1163 1193 in
1188 1164 1315 1193 nodum
1343 1171 1375 1193 ut
1400 1172 1430 1193 v.
1458 1165 1536 1193 ΠΟ.

996 1220 1071 1250 777.
1095 1220 1211 1261 pictus
1237 1230 1301 1249 acu
1331 1219 1485 1250 tum‘cas:
1520 1224 1557 1252 de
1584 1229 1747 1254 structura

950 1267 992 1296 cf.
1021 1268 1051 1301 9,
1076 1266 1152 1295 552.
1197 1268 1367 1302 „Habebat
1393 1275 1519 1296 vestem
1546 1270 1747 1305 Phrygionis

949 1318 1018 1341 arte
1044 1312 1256 1347 perfectam.“
1283 1315 1314 1339 s.
1351 1312 1392 1341 cf.
1419 1312 1450 1345 3,
1477 1312 1552 1342 464.
1577 1330 1621 1334 —
1652 1314 1746 1344 Bar-

949 1357 1036 1386 bara
1061 1356 1219 1398 tegmina
1242 1365 1379 1385 crurum
1399 1364 1481 1391 ⁴sunt
1501 1361 1650 1397 braccae,
1676 1365 1747 1396 qui-

949 1406 1009 1432 bus
1034 1403 1173 1431 Rotnani
1198 1403 1294 1430 etiam
1319 1403 1443 1437 Yirgilii
1479 1409 1626 1440 tempore
1663 1416 1746 1436 non—

949 1450 1025 1478 dum
1037 1451 1225 1484 utebantur3
1244 1449 1744 1489 nonnulliadhibebantfascias,

946 1502 1029 1529 quas
1047 1494 1218 1523 feminibus
1245 1500 1275 1522 et
1293 1496 1442 1524 cruribus
1463 1497 1746 1533 circumligabant,

946 1548 1031 1576 quae
1065 1541 1139 1569 inde
1185 1541 1336 1569 dicuntur
1368 1540 1554 1572 feminalia.
1591 1548 1745 1576 cruralia.

947 1588 1082 1615 tibialia.
1131 1588 1251 1616 Contra
1277 1587 1405 1615 braccis
1422 1590 1596 1623 etquidem
1615 1593 1744 1627 amplis,

947 1638 979 1661 ut
1005 1634 1102 1661 etiam
1127 1640 1224 1668 nunc,
1250 1635 1421 1661 utebantur
1445 1635 1531 1663 Medi
1557 1642 1586 1664 et
1609 1638 1744 1671 Persae,

947 1681 1076 1707 omnino
1124 1677 1243 1706 Asiani
1283 1679 1405 1712 aliique
1440 1682 1569 1709 barbari
1604 1683 1645 1711 cf.
1681 1685 1744 1713 Co-

945 1726 1089 1752 lumnam
1120 1725 1308 1752 Trai-anam.
1335 1727 1445 1762 „Sane
1461 1734 1623 1756 armorum
1645 1732 1743 1765 longa

946 1770 1125 1804 descriptio
1152 1770 1229 1798 illuc
1254 1774 1393 1806 spectat,
1430 1777 1461 1799 ut
1492 1773 1524 1800 in
1546 1781 1658 1803 eurum
1686 1783 1744 1804 cu-

947 1816 1110 1851 piditatem
1143 1816 1257 1843 merito
1293 1816 1441 1844 videatur
1479 1819 1618 1849 Camilla
1664 1830 1742 1850 esse

947 1861 1149 1890 succensa.‘·
1176 1863 1207 1889 S.

991 1916 1067 1947 779.
1095 1916 1235 1957 captiuo
1260 1918 1299 1946 cf.
1324 1917 1356 1954 2,
1378 1915 1454 1947 765.

990 1974 1066 2004 782.
1087 1972 1262 2013 femineo.-
1296 1976 1520 2013 „impatienti“
1539 1981 1574 2007 S.
1595 1980 1635 2008 cf.
1662 1978 1740 2010 875.

947 2038 985 2042 -
1010 2030 1072 2061 per
1104 2029 1233 2062 agmen
1261 2019 1408 2050 ardebat
1443 2031 1576 2052 amore:
1618 2027 1741 2056 Similis

945 2068 1089 2097 brevitas
1113 2073 1162 2095 est
1190 2069 1225 2096 G.
1251 2066 1282 2103 4,
1310 2065 1355 2095 82
1384 2065 1450 2096 Per
1478 2068 1613 2100 medias
1646 2071 1740 2102 acies

943 2111 1144 2153 insignibus
1164 2110 1232 2141 alis
1250 2111 1412 2153 ingentes
1430 2113 1568 2144 animos
1584 2122 1742 2158 angusto

943 2157 978 2188 in
1003 2161 1140 2198 pectore
1167 2163 1316 2187 versant.

987 2203 1065 2233 78⁴.
1096 2212 1238 2244 superos
1268 2208 1450 2242 precatur:
1495 2206 1618 2236 Omnes
1655 2210 1739 2238 deos

941 2256 1108 2287 precatum
1139 2257 1217 2278 esse
1241 2251 1415 2278 Arruntem
1442 2257 1537 2285 poeta
1568 2261 1737 2290 memorat,

942 2303 971 2325 et
1003 2302 1110 2325 tamen
1142 2296 1173 2324 in
1209 2296 1283 2331 ipsa
1316 2296 1505 2330 precatione
1536 2306 1610 2327 eum
1641 2301 1735 2329 deum

939 2343 1100 2378 nominat,
1140 2349 1160 2370 a
1191 2349 1254 2375 quo
1287 2342 1495 2377 potissimum
1519 2345 1581 2373 sibi
1608 2348 1737 2376 Arruns

939 2389 1099 2417 auxilium
1126 2387 1273 2422 petierat.
1322 2388 1370 2417 Cf.
1389 2388 1420 2425 8,
1441 2388 1513 2417 103.
1541 2406 1577 2409 -
1600 2390 1738 2420 Arruns

939 2437 1084 2464 Tuscum
1123 2438 1172 2462 est
1211 2442 1329 2462 nomen
1366 2435 1628 2465 usitatissimum.
1676 2439 1737 2467 Hic

937 2487 1047 2509 autem
1072 2481 1200 2508 Arruns
1236 2481 1274 2508 de
1307 2486 1415 2508 monte
1446 2483 1582 2510 Soracte
1609 2483 1736 2513 videtur

938 2534 1033 2563 esse,
1075 2526 1171 2554 cuius
1195 2526 1340 2561 regionis
1370 2526 1500 2555 incolae
1526 2529 1633 2556 secuti
1656 2537 1735 2559 sunt

938 2575 1094 2601 Turnum.
1145 2571 1192 2600 Cf.
1220 2569 1252 2607 7,
1279 2571 1356 2600 696.
1405 2574 1518 2606 ltaque
1538 2574 1611 2608 ipse
1637 2583 1680 2604 ex
1696 2584 1735 2605 ea

940 2619 1074 2653 regione
1097 2617 1261 2653 Etruriae,
1292 2624 1378 2651 quae
1402 2621 1559 2654 Messapo
1584 2622 1736 2650 subiecta

943 2669 1009 2699 est,
1043 2663 1076 2691 in
1100 2662 1237 2690 liberam
1262 2663 1424 2691 Etruriam
1447 2664 1574 2694 videtur
1601 2665 1736 2702 fugisse

940 2715 972 2738 et
995 2715 1156 2743 sperasse
1182 2708 1320 2737 victoria
1345 2715 1437 2743 parta
1472 2718 1510 2738 se
1535 2711 1567 2740 in
1596 2713 1736 2747 patriam

939 2763 1020 2784 esse
1041 2754 1228 2782 rediturum.
1260 2756 1329 2783 Hoc
1346 2760 1469 2784 tantum
1485 2758 1581 2785 modo
1595 2766 1733 2792 possum

939 2801 1128 2830 dissolvere
1155 2799 1379 2837 difficultates,
1422 2809 1506 2836 quae
1530 2810 1650 2832 revera
1681 2805 1733 2834 in-

941 2852 1018 2876 sunt
1043 2849 1074 2873 et
1102 2852 1185 2879 quae
1209 2850 1317 2875 tantae
1345 2852 1430 2877 sunt.
1461 2854 1493 2876 ut
1520 2849 1643 2879 inventi
1657 2852 1732 2887 sint,

940 2893 993 2927 qui
1019 2891 1194 2920 Arruntem
1220 2899 1262 2920 ex
1286 2893 1434 2922 exercitu
1450 2894 1557 2930 ipsius
1575 2896 1733 2926 camillae

940 2946 1018 2967 esse
1043 2937 1199 2965 dicerent.
1248 2953 1291 2956 -—
1340 2947 1422 2969 voce
1444 2943 1610 2980 precatur
1634 2942 1676 2972 cf.
1701 2943 1734 2977 6,

939 2982 1016 3013 247.
