2023 3350
715 63 948 97 AENEIDOS
982 65 1067 98 LIB.
1093 65 1153 96 XI.

1665 67 1744 107 561

108 183 190 224 Per
227 182 396 224 deserta
430 180 530 232 iugo
565 191 772 231 superans
810 177 1015 220 adventat
1052 177 1108 220 ad
1143 177 1310 220 urbem:

107 242 240 282 Furta
282 253 388 294 paro
423 236 526 277 belli
563 249 748 276 convexo
782 236 955 277 tramite
993 236 1134 287 silvae,

1662 239 1744 279 515

107 298 166 340 Ut
201 297 336 338 bivias
367 297 534 336 armato
576 291 772 334 obsidam
809 294 943 335 milite
979 293 1134 335 fauces.

106 356 170 396 Tu
204 354 467 408 Tyrrhenum
507 350 694 403 equitem
730 350 898 393 collatis
930 352 1076 404 excipe
1115 350 1268 404 signis3

106 413 261 454 Tecum
297 424 396 452 acer
429 408 651 461 Messapus
691 409 792 460 erit,
830 413 1083 462 turmaeque
1115 408 1309 459 Latinae,

107 468 357 521 Tiburtique
400 480 573 517 manus3
611 465 730 507 ducis
768 470 809 508 et
843 470 891 507 tu
930 466 1105 520 concipe
1146 479 1305 506 curam.

108 527 177 569 Sic
210 525 289 576 ait,
324 528 366 565 et
404 523 582 576 paribus
619 523 865 577 Messapum
900 524 944 564 in
984 523 1149 577 proelia
1183 522 1310 563 dictis

105 585 319 625 Hortatur
357 581 582 635 sociosque
621 581 771 633 duces,
812 585 854 623 et
891 582 1032 635 pergit
1071 581 1115 622 in
1152 580 1330 621 hostem.

105 642 183 683 Est
225 653 354 681 curvo
395 639 593 680 anfractu
633 639 786 690 valles,
825 639 1104 681 accommoda
1138 637 1281 679 fraudi

103 701 417 750 Armorumque
456 696 583 737 dolis:
619 710 747 749 quam
785 696 926 738 densis
962 696 1184 738 frondibus
1215 699 1357 735 atrum

104 755 269 809 Urguet
306 755 522 808 utrimque
558 754 692 806 latus,
731 755 870 796 tenuis
905 768 988 808 quo
1029 754 1181 795 semita
1218 752 1347 802 ducit,

102 815 406 867 Angustaeque
444 813 587 853 ferunt
618 812 762 853 fauces
797 812 1027 864 aditusque
1063 810 1252 863 maligni.
1664 811 1745 849 :325

103 871 226 912 Hanc
263 885 392 925 super
422 870 466 911 in
503 870 684 923 speculis
725 884 975 923 summoque
1011 870 1055 910 in
1087 869 1249 910 vertice
1288 866 1445 907 montis

103 929 306 970 Planities
346 928 495 982 ignota
534 928 664 977 iacet,
705 928 873 981 tutique
910 941 1112 978 recessus,

104 987 187 1029 Seu
221 986 373 1027 dextra
411 986 619 1039 laevaque
657 985 762 1026 velis
802 998 1024 1026 occurrere
1056 997 1235 1038 pugnae.

107 1044 203 1086 Sive
239 1045 400 1085 instare
440 1043 550 1096 iugis
587 1047 630 1084 et
667 1042 849 1096 grandia
881 1042 1051 1084 volvere
1091 1055 1206 1082 saxa.

102 1102 198 1143 Huc
234 1101 396 1143 iuvenis
433 1106 538 1142 nota
570 1100 706 1142 fertur
742 1101 915 1153 regione
948 1100 1123 1149 viarum,

1661 1098 1745 1136 530

103 1159 384 1213 Arripuitque
418 1158 561 1200 locum
596 1161 638 1199 et
674 1158 790 1199 silvis
820 1157 979 1199 insedit
1017 1157 1186 1210 iniquis.

220 1216 421 1258 Velocem
455 1216 620 1257 interea
659 1215 823 1270 superis
854 1215 898 1256 in
938 1215 1110 1256 sedibus
1147 1213 1286 1267 Opim,

147 1378 224 1410 ³1⁴.
250 1383 312 1410 Per
340 1389 484 1410 summos
521 1386 644 1410 montes
673 1385 702 1409 et
738 1382 896 1409 desertam

101 1432 132 1456 et
149 1435 299 1462 asperam
319 1428 482 1463 regionem
508 1427 568 1455 iter
590 1427 714 1455 faciens
748 1428 785 1454 de
809 1434 898 1454 sunt-

101 1481 152 1502 mo
178 1474 251 1509 iugo
278 1475 318 1502 ad
342 1475 451 1502 urbem
476 1473 647 1501 descendit.

148 1516 224 1548 515.
243 1519 348 1556 furta
375 1515 458 1547 belli
482 1519 653 1554 „insidias
702 1517 896 1546 Sallustius:

101 1573 190 1605 gens
216 1563 262 1593 ad
282 1563 387 1602 furta
413 1562 494 1592 belli
527 1561 756 1603 '’eddonem‘'
781 1566 813 1591 S.
859 1562 898 1592 cf.

103 1610 135 1643 6,
159 1608 236 1639 568.
263 1625 300 1629 -
327 1611 457 1639 Turnus
481 1610 552 1644 ipse
569 1611 702 1645 vallem,
726 1618 781 1644 per
800 1616 898 1643 quam

102 1657 235 1686 Aeneae
262 1657 401 1685 eundum
431 1661 515 1691 erat,
561 1656 723 1685 montibus
758 1656 900 1689 undique

102 1704 269 1739 clausam,
302 1709 369 1731 una
395 1707 520 1731 tantum
543 1702 601 1730 via
626 1702 784 1736 utrimque
806 1708 900 1735 aper-

103 1753 170 1777 tam
207 1748 304 1783 (Inde
335 1748 447 1777 fauces
475 1752 550 1775 sunt
581 1747 711 1782 biviae)
753 1747 900 1775 obsidere

105 1795 139 1822 in
163 1795 271 1823 animo
296 1797 400 1822 habet.
448 1795 560 1827 Itaque
586 1795 661 1821 dum
691 1797 781 1827 parat
806 1794 900 1827 pede—

104 1840 164 1869 stri
188 1840 345 1869 exercitui
369 1840 515 1868 furculas
535 1839 712 1874 CaudinaS,
728 1839 902 1867 Camillam

104 1887 189 1914 iubet
214 1886 370 1920 equitatui
395 1886 525 1914 obviam
552 1885 616 1921 ire,
657 1885 709 1913 cui
734 1884 767 1912 in
790 1884 900 1920 fugam

105 1940 202 1960 verso
229 1940 287 1961 nec
313 1932 455 1967 peditatu
477 1933 544 1959 ullo
563 1935 744 1959 sustentato
764 1939 902 1965 pereun-

105 1979 180 2007 dum
216 1982 295 2006 erat.
344 1979 406 2006 Sed
439 1978 582 2006 Camilla
611 1983 710 2005 caesa
739 1977 901 2011 Tyrrheni

105 2025 146 2053 ad
165 2026 274 2052 urbem
299 2024 483 2059 procedunt,
518 2030 615 2058 quam
639 2031 679 2051 ne
698 2022 828 2057 capiant
860 2023 901 2050 ti-

104 2078 196 2099 mens
220 2071 349 2098 Turnus
364 2070 540 2106 regreditur
562 2074 591 2097 et
608 2069 742 2097 Aeneae
764 2069 900 2103 eiusque

105 2116 263 2145 exercitui
282 2116 455 2152 angustias
481 2120 611 2149 apertas
636 2114 799 2149 relinquit.
826 2115 899 2151 Ygl.

105 2167 213 2191 autem
230 2164 334 2191 locum
358 2162 469 2190 habuit
490 2162 652 2190 Camillae
676 2165 706 2189 et
722 2161 902 2189 Tarchonis

107 2215 221 2236 ornare
253 2208 421 2242 virtutem,
465 2212 492 2235 et
523 2208 671 2236 Aeneam
705 2211 735 2235 et
759 2207 902 2235 Turnum

107 2261 164 2289 per
195 2258 320 2289 tempus
344 2254 485 2282 distinet.
535 2255 602 2282 Res
631 2257 740 2281 autem
769 2260 832 2281 non
856 2252 903 2281 fe-

107 2299 198 2328 rocia
221 2301 350 2335 stupida
373 2304 514 2336 aguntur
540 2301 596 2328 sed
619 2304 687 2328 arte
706 2299 834 2328 bellica.

154 2342 231 2373 516.
254 2343 415 2383 „Fauces
433 2346 582 2375 dicuntur
602 2345 722 2373 itinera
742 2345 825 2373 inter
844 2346 904 2373 duo

109 2395 232 2420 montes
251 2393 360 2420 locata
381 2396 520 2429 angusta
545 2396 576 2420 et
601 2391 733 2428 pervia,
775 2391 860 2419 dicta
886 2397 906 2418 a

109 2437 252 2466 saucium
284 2436 531 2467 similitudine.“
557 2440 588 2466 S.
629 2437 667 2466 cf.
696 2436 726 2471 6,
752 2434 829 2464 273.
861 2451 906 2456 —

111 2481 267 2512 obsidam
295 2483 334 2512 cf.
363 2482 415 2520 10,
443 2482 518 2513 301.
568 2484 614 2512 De
646 2483 809 2519 singulari
843 2481 907 2510 mi-

109 2526 170 2558 lite
195 2528 235 2557 cf.
261 2527 294 2567 8,
326 2527 401 2557 390.

157 2572 234 2603 517.
262 2572 400 2603 collatis
426 2572 552 2615 signist,
579 2574 664 2603 iusto
693 2574 828 2609 proeli03
874 2577 909 2602 ut.

111 2622 223 2657 pellat,
245 2628 309 2649 non
334 2622 397 2649 huc
422 2621 502 2649 illuc
526 2621 740 2654 obequitando
763 2624 793 2648 et
811 2620 908 2655 tergi-

112 2668 275 2696 versando
299 2667 444 2695 retineat.

158 2711 234 2741 518.
259 2714 368 2741 tecum
396 2709 477 2740 erit:
503 2711 537 2739 in
551 2717 640 2740 tuum
660 2711 824 2740 auxilium
849 2711 908 2738 ad-

113 2759 210 2788 ditus.
237 2774 275 2778 -
301 2765 382 2786 acer
407 2757 446 2786 cf.
474 2755 525 2793 10,
548 2755 625 2785 308.

158 2802 235 2834 519.
267 2800 402 2833 Tiburti
425 2802 465 2831 cf.
491 2800 522 2839 7,
547 2800 622 2831 671.
665 2818 702 2821 —
743 2804 775 2831 et
798 2804 834 2831 tu
860 2809 907 2830 sc.

114 2854 151 2878 ut
173 2859 241 2888 ego.

162 2895 237 2925 522.
271 2892 390 2923 Valles
423 2898 503 2924 teste
538 2894 652 2922 Servio
693 2894 733 2922 ad
764 2895 794 2921 h.
825 2894 846 2920 l.
878 2897 909 2921 et

117 2943 254 2971 aliorum
293 2941 575 2978 grammaticorum
603 2939 738 2973 antiqua
768 2942 797 2966 et
829 2945 909 2966 vera

117 2991 166 3015 est
191 2988 304 3025 forma,
328 2995 393 3016 non
409 2984 524 3019 vallis.
549 2991 580 3014 et
600 2982 720 3021 nattes,
739 2986 906 3018 probatum

944 1385 1058 1415 metro,
1110 1379 1194 1407 11.l.
1240 1382 1288 1405 est
1338 1375 1371 1404 in
1403 1376 1466 1404 MR
1509 1376 1565 1411 al.,
1605 1379 1638 1403 ut
1675 1371 1744 1402 Ila.

944 1431 1088 1454 testatur.

991 1470 1066 1499 523.
1094 1472 1220 1498 atrum.
1263 1469 1458 1497 Ohumbrata
1488 1466 1590 1495 vallis
1618 1469 1664 1493 est
1691 1471 1746 1493 ar-

945 1518 1077 1547 boribus
1102 1517 1135 1544 in
1160 1519 1264 1544 monte
1279 1514 1425 1543 consitis.
1454 1509 1517 1541 Rb.
1536 1513 1618 1540 delet.
1639 1518 1747 1551 quam

993 1562 1219 1637 5l‘dn5l.uarli1us
1236 1601 1402 1645 maligni,
1429 1603 1561 1640 angusti
1575 1602 1615 1632 cf.
1629 1600 1658 1638 6,
1669 1598 1746 1630 270.

947 1658 1024 1684 Stat.
1046 1655 1142 1682 Theb.
1162 1651 1192 1689 2,
1214 1649 1279 1680 498
1296 1650 1424 1688 fauces
1449 1647 1644 1689 malignae.
1667 1649 1745 1676 Luc.

946 1702 977 1730 5.
1006 1699 1068 1728 651
1095 1701 1219 1738 portus
1243 1693 1407 1736 maligni.

993 1744 1069 1774 526.
1100 1741 1272 1784 speculis,
1297 1749 1380 1777 quae
1403 1745 1451 1770 est
1475 1741 1507 1768 in
1528 1739 1648 1769 montis
1672 1747 1748 1767 ver-

949 1794 1020 1822 tice.

994 1835 1069 1865 527.
1096 1833 1241 1875 ignota,
1272 1833 1402 1866 multis,
1431 1832 1574 1861 maxime
1600 1831 1746 1859 Aeneae.

949 1886 1010 1913 Sed
1034 1886 1175 1919 praestat
1200 1881 1304 1916 ..quod
1320 1881 1360 1908 ab
1387 1879 1439 1909 iis.
1461 1878 1516 1912 qui
1533 1878 1612 1905 illas
1634 1876 1746 1905 fauces

947 1928 1285 1966 transgrediebantur,
1333 1924 1481 1959 conspici
1531 1922 1748 1959 cognoscique

946 1986 1010 2005 non
1035 1974 1178 2010 poterat‘·
1203 1970 1259 2002 ΙΙ).
1281 1987 1318 1991 -
1339 1973 1497 2009 receptus
1518 1968 1661 2007 Mlebc
1682 1975 1744 1996 rec.

951 2020 1012 2051 Rb.
1043 2027 1195 2049 recessus
1221 2016 1317 2047 M‘lR.
1367 2031 1410 2035 —
1460 2012 1626 2043 Rei-essm
1656 2015 1747 2042 locus

946 2073 1004 2101 est,
1030 2067 1085 2096 ubi
1106 2069 1185 2094 bene
1209 2066 1314 2093 lateas
1344 2062 1382 2091 cf.
1410 2059 1441 2097 8,
1472 2059 1546 2091 193,
1580 2061 1663 2089 unde
1688 2062 1747 2088 ho-

946 2119 1026 2143 stem
1047 2113 1225 2148 opprimere
1250 2109 1367 2145 possis.
1412 2122 1450 2126 —
1506 2104 1676 2144 Receptus
1699 2110 1749 2134 est

947 2163 1049 2190 locus.
1078 2167 1139 2193 quo
1168 2159 1285 2185 salvus
1316 2160 1346 2183 te
1372 2152 1522 2187 recipiaS.
1572 2153 1748 2185 Utrumque

948 2207 1014 2235 iam
1041 2206 1117 2241 legit
1143 2203 1289 2232 servius.

995 2249 1072 2279 529.
1101 2247 1234 2279 instare
1270 2244 1382 2287 iugis,
1417 2246 1569 2274 insistere
1605 2248 1634 2271 et
1674 2243 1748 2271 inde

952 2305 1037 2327 saxa
1062 2297 1238 2324 detrudere.

999 2342 1075 2371 530.
1108 2340 1251 2381 regione
1276 2335 1413 2367 vIarum
1437 2336 1477 2365 cf.
1504 2333 1534 2368 2,
1568 2331 1644 2362 737.

999 2387 1075 2417 531.
1104 2380 1235 2426 iniquis
1256 2393 1301 2414 sc.
1328 2385 1461 2412 Aeneae
1488 2381 1526 2409 cf.
1554 2380 1584 2416 5,
1609 2377 1686 2407 203.
1707 2394 1746 2398 ——-

952 2432 1096 2465 insedit:
1122 2435 1226 2470 „Nam
1242 2427 1393 2459 insidere
1412 2432 1461 2457 est
1481 2428 1591 2456 dolose
1604 2426 1748 2460 aliquem

953 2485 1161 2516 exspectare,
1201 2479 1285 2506 unde
1320 2480 1349 2504 et
1386 2470 1538 2502 insidiae
1564 2471 1750 2500 nominatae

953 2525 1061 2556 sunt.‘'·
1094 2527 1125 2554 S.
1174 2524 1222 2553 ef.
1256 2518 1434 2550 subsidere
1467 2527 1498 2547 v.
1535 2517 1599 2545 2622·
1627 2521 1657 2545 et
1697 2514 1748 2555 to,

954 2570 1030 2602 301.
1053 2587 1090 2591 —
1111 2566 1276 2610 arripnit.
1300 2567 1417 2601 raptim
1435 2564 1536 2598 cepi13
1562 2563 1607 2592 ita
1623 2559 1723 2601 9,13.

1157 2644 1348 2678 532-596.
1388 2639 1544 2674 Camilla.

998 2711 1036 2737 In
1077 2708 1130 2736 his
1164 2704 1317 2734 versibus
1351 2703 1455 2730 multa
1498 2703 1573 2729 sunt
1613 2702 1750 2727 tentata.

954 2754 1058 2793 „Mihi
1088 2756 1172 2781 totus
1202 2751 1260 2779 ille
1290 2750 1493 2777 interventus
1517 2747 1644 2775 Dianae
1677 2752 1750 2773 cum

954 2807 1016 2829 sua
1042 2800 1187 2834 nympha
1215 2803 1278 2824 non
1312 2796 1427 2829 placet.
1477 2792 1656 2821 Historiam
1686 2791 1750 2819 Ca-

953 2847 1066 2875 millae
1105 2848 1133 2873 et
1166 2841 1286 2871 Metabi
1316 2844 1430 2874 poetae
1468 2839 1585 2874 optime
1616 2843 1750 2865 narrare

953 2892 1102 2921 licuisset
1125 2891 1185 2918 suh
1209 2888 1304 2916 finem
1326 2886 1401 2914 libri
1416 2886 1491 2913 VII.
1519 2882 1750 2912 Heindrichius

954 2939 1087 2972 putabat
1109 2942 1228 2964 versus
1246 2929 1426 2960 537—556
1460 2928 1577 2969 ,Neque
1601 2926 1689 2957 enim
1706 2943 1751 2948 —

954 2991 1025 3012 una
1051 2988 1217 3011 mearum.
1241 2985 1261 3007 a
1276 2977 1417 3013 Virgilio
1442 2975 1578 3005 carmini
1599 2975 1663 3003 iam
1691 2976 1750 3003 ab—

1417 3022 1483 3065 36
