2023 3350
760 97 994 131 AENEIDOS
1019 99 1104 131 LIB.
1131 99 1157 132 Ι.

139 211 244 253 Tum
282 224 380 252 vero
415 211 629 265 ingentem
664 211 867 265 gemitum
904 212 979 253 dat
1013 214 1185 265 pectore
1220 210 1274 252 ab
1307 211 1404 262 imo,

1716 102 1767 140 41

1687 216 1769 254 485

138 269 197 311 Ut
233 268 391 321 spolia,
430 272 477 310 ut
512 283 679 320 currus,
714 273 844 323 utque
878 269 1017 323 ipsum
1054 283 1207 322 corpus
1242 269 1379 320 amici,

139 325 481 379 Tendentemque
515 340 664 368 manus
697 327 913 368 Priamum
945 328 1163 380 conspexit
1196 327 1389 368 inermes.

141 383 194 425 Se
227 397 395 436 quoque
429 383 689 437 principibus
720 385 978 438 permixtum
1015 384 1217 438 adgnovit
1250 384 1443 436 Achivis3

138 441 336 494 ansque
372 441 485 482 acies
521 445 563 483 et
599 442 709 496 nigri
743 442 979 484 Memnonis
1015 456 1145 483 arma.

136 499 266 540 Ducit
296 499 601 540 Amazonidum
632 500 791 541 lunatis
831 500 1001 553 agmina
1037 499 1165 553 peltis

1688 502 1772 541 490

139 556 408 597 Penthesilea
449 556 614 609 furens,
655 557 890 611 mediisque
925 558 969 598 in
1004 556 1190 598 millibus
1231 554 1365 607 ardet,

138 614 281 655 Aurea
314 613 568 656 subnectens
606 619 801 656 exsertae
837 615 1007 669 cingula
1043 627 1262 664 mammae,

139 671 369 723 Bellatrix,
409 671 620 725 audetque
656 673 757 714 viris
794 686 1045 714 concurrere
1080 672 1212 724 virgo.

254 728 371 770 Haec
405 729 506 770 dum
539 730 757 771 Dardanio
791 731 957 772 Aeneae
992 729 1187 771 miranda
1221 727 1430 779 videntur,

138 786 252 827 Dum
288 790 432 840 stupet
469 786 706 841 obtutuque
740 788 890 829 haeret
929 786 1089 829 defixus
1127 787 1170 827 in
1205 799 1301 836 uno,

1689 787 1771 826 495

138 844 301 897 Regina
341 844 397 886 ad
433 845 653 898 templum,
693 845 829 887 forma
868 845 1154 899 pulcherrima
1188 842 1313 894 Dido,

139 901 335 953 Incessit,
380 916 536 955 magna
568 903 763 944 iuvenum
799 904 985 956 stipante
1026 905 1207 942 caterva.

140 958 286 1009 Qualis
320 960 364 1000 in
394 960 583 1001 Eurotae
617 960 721 1013 ripis
759 963 834 1001 aut
870 974 946 1014 per
984 959 1085 1012 iuga
1125 955 1277 1012 Cynthi

139 1066 211 1101 qui,
245 1070 277 1094 ut
300 1066 448 1095 Hectoris
480 1066 535 1095 filii
568 1075 682 1101 corpus
715 1067 933 1101 sepeliendum

140 1112 307 1145 reciperet,
340 1116 432 1140 noctu
462 1113 542 1140 adiit
570 1112 747 1148 Achillem,
782 1117 811 1141 et
840 1113 932 1140 donis

138 1162 167 1185 et
194 1157 339 1191 supplice
365 1165 445 1186 voce
471 1165 550 1186 usus
574 1161 620 1185 est
642 1157 680 1186 cf.
704 1158 793 1186 Hom.
814 1159 851 1186 Il.
877 1155 931 1195 24,

140 1200 204 1231 486
231 1209 277 1236 sq.

185 1244 260 1275 485.
288 1245 349 1277 dat
371 1245 541 1286 gemitum
566 1249 604 1277 cf.
632 1247 667 1287 2,
699 1246 774 1278 698.

185 1290 259 1321 486.
291 1290 432 1332 Spolia,
481 1302 622 1330 currus,
664 1303 787 1334 corpus
827 1291 933 1323 amici

141 1339 297 1375 Hectoris.
325 1339 428 1373 posita
448 1340 555 1368 omnia
573 1341 606 1368 in
622 1341 763 1369 Achillis
788 1340 930 1369 tentorio.

185 1393 261 1424 488.
287 1393 502 1435 principibus
535 1395 745 1436 permixtum
781 1394 930 1426 Achivis.

138 1442 250 1476 Itaque
278 1441 358 1470 inter
382 1443 502 1471 medios
527 1445 635 1471 hostes
660 1447 816 1472 versatur.
866 1443 932 1471 Ae-

141 1495 220 1516 neas
255 1487 338 1515 enim
364 1489 448 1522 apud
473 1489 644 1517 Homerum
676 1489 856 1517 fortitudine
883 1488 931 1516 in-

138 1536 186 1561 ter
205 1533 357 1567 primores
373 1534 581 1563 Troianorum
604 1535 743 1566 excellit,
768 1535 805 1563 cf.
832 1534 930 1569 praef.

142 1594 181 1598 —
215 1575 387 1619 adgnovit
418 1581 459 1608 M.
495 1582 537 1608 al.
572 1596 609 1600 —
647 1577 833 1621 adgnoscit
866 1581 930 1608 FR.

138 1623 278 1653 fortasse
300 1632 318 1653 e
342 1633 373 1653 v.
398 1623 473 1654 470.

185 1679 260 1710 489.
290 1679 388 1710 ane
411 1680 504 1711 acies
527 1687 600 1711 sunt
625 1683 828 1720 Aethiopum7
855 1691 931 1717 quo-

139 1736 209 1757 rum
230 1736 288 1756 rex
309 1730 475 1765 Memnon,
503 1729 540 1757 de
562 1737 623 1763 quo
652 1725 727 1757 751.

188 1781 263 1813 490.
294 1781 530 1820 Penthesilea,
569 1786 773 1814 Amazonum
811 1785 932 1821 regina,

138 1830 254 1858 Troiae
275 1831 407 1859 venisse
429 1831 554 1859 auxilio
578 1835 689 1865 poetae
713 1836 853 1864 narrant.
879 1831 933 1866 qui

140 1876 338 1910 scripserunt
367 1880 437 1910 post
462 1877 642 1905 Homerum.
692 1877 738 1905 Cf.
763 1877 879 1905 lustin.
909 1879 930 1904 l.

141 1918 172 1948 2.
228 1922 325 1955 Apud
356 1922 526 1950 Homerum
557 1923 743 1951 Amazones
785 1927 932 1957 tempore.

139 1967 222 2001 quod
247 1966 307 1995 fuit
334 1971 407 1995 ante
432 1969 568 2003 bellum,
595 1972 810 1996 memorantur
836 1970 873 1996 Il.
903 1966 932 2003 3,

139 2009 217 2040 189.
274 2012 422 2041 Artifices
453 2021 530 2041 vero
565 2021 675 2042 earum
706 2013 792 2042 facta
825 2014 933 2048 expri-

139 2066 226 2086 mere
241 2058 385 2086 certatim
399 2063 569 2086 tentarunt.
592 2074 629 2078 —
651 2056 799 2087 Lunatis
811 2056 935 2097 peltis,-

139 2104 185 2132 ita
212 2100 270 2133 11.
300 2101 363 2130 663
398 2104 417 2131 i.
453 2112 479 2132 e.
510 2105 634 2138 ..scutis
665 2104 869 2133 brevissimis
902 2104 936 2132 in

140 2150 266 2178 modum
288 2150 385 2177 lunae
407 2149 472 2178 iam
498 2150 643 2178 mediae*
669 2151 699 2177 S.

186 2202 261 2234 492.
293 2203 502 2234 subnectens
534 2206 742 2235 Penthesilea
771 2206 881 2234 furens
914 2206 933 2234 i.

141 2260 167 2281 e.
204 2252 360 2287 excitata,
405 2252 546 2289 turbida7
588 2253 775 2280 Amazones
812 2256 935 2280 turmas

141 2305 220 2327 suas
245 2298 330 2326 ducit
360 2302 471 2326 contra
496 2298 603 2332 viros.
637 2299 710 2326 dum
743 2297 844 2332 tapfer
872 2298 937 2325 und

142 2343 322 2372 schamliaft
348 2343 493 2379 zugleich
518 2345 576 2371 das
599 2343 737 2380 zufallig
759 2343 937 2379 herabglei-

143 2390 233 2417 tende
267 2389 432 2425 cingulum
463 2389 523 2417 fest
554 2389 693 2418 aulieftet
733 2386 814 2417 Wd.
877 2390 937 2417 Sed

142 2435 282 2462 nondum
313 2442 428 2463 manus
458 2435 636 2471 conseruit,
670 2439 703 2463 ut
734 2435 817 2463 idem
855 2431 935 2462 Wd.

141 2480 299 2516 explicat,
340 2481 505 2515 medioque
544 2481 576 2509 in
607 2481 781 2510 certamine
813 2485 938 2515 tempus

142 2533 206 2553 non
221 2533 294 2553 esse
313 2530 395 2554 recte
413 2534 544 2554 monens
565 2523 639 2564 [ΑΙ.7
664 2527 734 2554 sine
751 2534 870 2555 caussa
890 2530 938 2554 to-

141 2575 209 2599 tum
234 2579 366 2599 versum
399 2572 580 2605 suspicatur
612 2580 685 2600 esse
711 2573 864 2606 spurium.
896 2587 933 2591 -—

143 2624 344 2646 concurrere
369 2625 395 2644 c.
422 2614 482 2644 dat
506 2614 556 2649 10.
583 2615 612 2645 S.
634 2633 671 2636 —
696 2615 866 2646 Exsertus
890 2622 938 2646 est

146 2663 286 2691 nudatus
313 2662 350 2690 cf.
379 2659 435 2690 ll.
461 2659 523 2689 649
549 2664 586 2691 de
610 2663 760 2691 Camilla.
815 2660 938 2691 Lerselz

148 2704 270 2736 Rhein.
306 2705 390 2735 Mus.
418 2704 501 2734 1851
528 2716 557 2742 p.
582 2705 622 2735 37
646 2713 713 2737 octo
736 2709 831 2736 sumit
857 2709 938 2737 ima—

144 2753 236 2790 gines
271 2753 352 2781 inter
380 2761 414 2781 se
447 2753 612 2787 oppositas
642 2754 674 2781 in
708 2753 811 2783 fronte
846 2754 938 2783 fasti-

144 2799 190 2835 gii
230 2795 301 2834 1a]
342 2799 487 2827 Victoria
528 2799 738 2827 Troianorum
781 2804 809 2828 et
855 2802 938 2829 Hec-

143 2844 240 2879 toris,
277 2844 314 2879 1))
342 2844 487 2873 Victoria
514 2846 705 2873 Graecorum
731 2849 759 2873 et
784 2846 936 2874 Achillis.

145 2887 216 2925 2a]
232 2892 320 2918 Mors
338 2890 447 2921 Troili,
471 2890 510 2924 1))
527 2892 612 2918 Mors
630 2890 740 2918 Rhesi.
787 2889 852 2927 3a]
867 2893 939 2920 Pri-

146 2936 212 2964 ami
241 2943 351 2971 preces
382 2937 421 2964 ad
446 2936 624 2968 Achillem.
664 2936 702 2970 b]
728 2937 938 2966 Troianarum

146 2982 188 3010 ad
201 2981 390 3010 Minervam.
428 2978 489 3017 43)
502 2983 588 3010 Mors
598 2982 786 3014 Memnonis.
804 2984 843 3019 b]
852 2985 940 3011 Mors

147 3027 382 3056 Penthesileae.
414 3028 500 3056 Idem
515 3023 580 3056 Ld.
595 3028 710 3056 Paullo
727 3028 820 3057 aliter
833 3029 941 3064 dispo-

978 1065 1024 1093 nit
1045 1062 1126 1092 lVd.
1169 1062 1236 1098 3a]
1255 1063 1375 1091 Iliades
1400 1066 1430 1091 et
1446 1063 1605 1101 Minerva,
1631 1064 1670 1099 1))
1689 1065 1772 1092 Pen-

978 1111 1113 1138 thesilea
1146 1114 1174 1138 et
1206 1111 1401 1137 Amazones.
1464 1106 1530 1145 42)
1560 1109 1709 1138 Achilles
1742 1113 1773 1137 et

979 1156 1143 1188 Priamus.
1176 1156 1214 1191 1))
1244 1155 1375 1183 Aeneas
1412 1158 1440 1182 et
1471 1158 1628 1185 Memnon.
1684 1156 1772 1189 Quae

978 1209 1172 1236 quamquam
1197 1201 1365 1235 disponere
1387 1200 1489 1239 iuvat,
1516 1210 1579 1230 non
1603 1202 1644 1230 ad
1662 1208 1773 1229 amus-

979 1248 1041 1276 sim
1075 1256 1126 1275 res
1159 1247 1325 1281 descripsit
1359 1251 1467 1280 poeta:
1504 1247 1550 1276 ita
1580 1256 1610 1275 v.
1644 1244 1708 1274 488
1739 1254 1774 1274 sc

980 1301 1113 1332 quoquc
1145 1300 1208 1327 qua
1234 1293 1268 1320 in
1300 1293 1410 1320 tabula
1438 1297 1493 1321 aut
1523 1294 1639 1328 quibus
1668 1293 1701 1321 in
1725 1297 1774 1321 ta-

978 1339 1063 1367 bulis
1106 1339 1221 1367 viderit
1266 1347 1329 1367 non
1371 1337 1467 1367 facile
1511 1339 1643 1368 dixeris.
1711 1335 1774 1367 Bb.

976 1392 1094 1413 versus
1127 1384 1267 1419 traiecit.
1301 1384 1347 1413 ita
1380 1388 1411 1412 ut
1442 1389 1511 1419 post
1546 1382 1708 1413 bibissent
1740 1392 1772 1413 v.

978 1428 1042 1458 473
1068 1434 1163 1465 ponat
1192 1428 1326 1458 Interea
1355 1427 1400 1457 ad
1430 1427 1592 1469 templum
1616 1446 1660 1450 —
1683 1433 1775 1458 tene-

977 1473 1035 1506 bat
1069 1473 1239 1503 479—82
1267 1479 1294 1504 et
1321 1475 1472 1512 adiungat
1504 1473 1608 1504 Parte
1631 1473 1704 1504 alia
1730 1492 1774 1496 —

978 1518 1082 1550 hasta
1104 1519 1167 1549 474
1181 1537 1217 1541 -—
1231 1519 1284 1550 78.
1324 1524 1374 1551 Sc.
1392 1526 1424 1550 ut
1438 1522 1602 1550 Diomedis
1620 1522 1704 1551 facta
1718 1530 1774 1556 op-

977 1572 1134 1602 ponantur
1148 1568 1377 1602 supplicationi
1394 1568 1573 1596 mulierum.
1616 1570 1677 1597 Sed
1691 1572 1775 1597 recte

979 1619 1082 1642 monet
1109 1610 1171 1641 Ld.
1196 1614 1243 1642 sic
1266 1614 1533 1648 supplicationem
1559 1614 1676 1642 factam
1701 1622 1775 1642 esse

979 1661 1113 1695 nocte,
1139 1668 1240 1694 neque
1264 1667 1335 1688 eam
1361 1659 1556 1694 pertinuisse
1579 1661 1619 1688 ad
1644 1664 1774 1688 mortem

978 1705 1090 1733 Rhesi.
1147 1706 1257 1734 Omnis
1298 1706 1330 1733 in
1361 1705 1482 1734 talibus
1515 1707 1610 1734 rebus
1641 1706 1774 1734 mutatio

979 1758 1067 1779 vana
1094 1755 1151 1779 est.

981 1827 1184 1860 494—519.
1232 1826 1322 1859 Dido
1348 1827 1501 1866 advenit,
1531 1837 1609 1859 mox
1635 1827 1774 1860 Aeneae

1331 1874 1425 1905 socii.

1027 1930 1102 1961 494.
1128 1934 1212 1962 Dum
1253 1938 1371 1968 stupet,
1413 1935 1496 1968 quod
1537 1942 1668 1963 suorum
1708 1934 1775 1964 fata

980 1983 1045 2007 tam
1069 1983 1144 2007 nota
1169 1983 1196 2007 et
1227 1981 1386 2008 celebrata
1415 1979 1478 2007 sint
1504 1980 1535 2007 in
1562 1984 1645 2009 terra
1670 1989 1775 2009 remo-

979 2025 1124 2057 tissima,
1151 2030 1178 2053 et
1206 2025 1239 2053 in
1265 2028 1324 2055 lioc
1350 2033 1411 2054 uno
1433 2028 1542 2054 obtutu
1569 2027 1690 2055 defixus
1715 2031 1775 2064 est,

980 2071 1109 2098 advenit
1136 2071 1226 2099 Dido.

1028 2114 1102 2143 495.
1136 2113 1296 2155 Defigere
1321 2117 1446 2145 lumina
1466 2117 1637 2153 cogitantis
1662 2122 1710 2146 est
1735 2118 1775 2147 cf.

982 2158 1056 2188 226.
1090 2158 1126 2190 7.
1153 2158 1228 2189 249.

1029 2203 1105 2233 496.
1133 2207 1256 2234 Versus
1272 2207 1466 2235 incedentem
1485 2208 1653 2237 maiestate
1668 2209 1776 2244 signat

982 2252 1133 2287 reginam.

1030 2295 1104 2325 497.
1132 2294 1284 2335 stt'pantc
1321 2299 1483 2326 caterva.-
1538 2299 1705 2333 Proprium
1743 2299 1776 2327 id

984 2346 1134 2375 verbum:
1167 2343 1210 2371 ita
1236 2343 1308 2371 Liv.
1337 2340 1394 2371 42.
1422 2340 1462 2369 39
1487 2340 1638 2381 stipante
1664 2341 1775 2382 turba,

982 2393 1010 2417 et
1035 2387 1203 2427 stipator,
1237 2385 1392 2416 Trabant
1419 2388 1486 2417 Cic.
1518 2389 1571 2417 Off.
1599 2387 1633 2423 2,
1660 2387 1689 2417 7.

1031 2432 1105 2463 498.
1136 2431 1253 2462 Diana
1291 2438 1319 2462 et
1359 2435 1597 2463 Lacedaemone
1636 2438 1665 2463 et

984 2481 1140 2515 imprimis
1171 2482 1349 2515 colebatur,
1403 2477 1553 2508 Eurotas
1587 2485 1681 2509 notus
1720 2481 1776 2510 ille

985 2527 1148 2555 Laconiae
1188 2525 1323 2558 fluvius:
1374 2522 1526 2563 Cynthus
1563 2534 1654 2555 mons
1693 2527 1775 2562 Deli.

982 2574 1065 2600 umle
1099 2568 1248 2610 Cynthia
1282 2571 1394 2600 dicitur
1425 2571 1540 2599 Diana.
1574 2587 1612 2591 —
1652 2569 1776 2610 Qualis

984 2622 1066 2647 recte
1093 2617 1234 2653 iungitur
1257 2625 1327 2645 cum
1351 2624 1430 2645 voce
1463 2613 1591 2653 Diana.
1616 2626 1679 2646 non
1705 2627 1776 2647 cum

982 2666 1090 2692 verbo.
1153 2664 1362 2696 comparatur
1398 2663 1483 2690 enim
1526 2663 1652 2692 omnino
1696 2665 1775 2693 Dido

983 2718 1055 2738 cum
1082 2709 1185 2737 Diana
1210 2709 1385 2741 maiestate„
1411 2716 1474 2735 non
1496 2709 1691 2740 actionibus:
1720 2718 1775 2738 ne-

983 2764 1044 2790 ‹1ue
1067 2762 1148 2789 quae
1169 2756 1209 2782 ad
1234 2757 1383 2782 honorem
1413 2754 1490 2781 deae
1514 2756 1694 2790 augendam
1719 2757 1777 2784 ad-

984 2802 1099 2829 duntur
1113 2801 1240 2833 singula
1260 2802 1427 2827 trahuntur
1442 2799 1473 2827 in
1488 2802 1775 2837 comparationem3

986 2848 1041 2875 sed
1074 2847 1104 2873 id
1134 2847 1223 2873 modo
1256 2845 1386 2880 (licitur,
1418 2845 1571 2874 Didonem
1600 2854 1639 2875 ea
1671 2846 1777 2875 fuisse

986 2892 1229 2927 pulchritudine.
1246 2898 1308 2925 qua
1323 2891 1428 2919 Diana
1445 2895 1503 2925 est.
1522 2900 1618 2925 quum
1635 2893 1777 2921 maxime

987 2939 1153 2966 maiestate
1183 2944 1243 2964 sua
1271 2938 1424 2971 splendet.
1472 2938 1626 2966 Valerius
1653 2939 1778 2966 Probus

987 2991 1036 3018 ap.
1064 2983 1200 3012 Gellium
1228 2979 1258 3019 9,
1284 2980 1302 3009 9
1328 2985 1412 3012 hunc
1436 2984 1540 3011 locum
1566 2991 1637 3012 cum
1660 2984 1778 3012 Home-

987 3029 1052 3058 rico
1082 3033 1244 3062 comparat
1275 3027 1350 3062 (Od.
1378 3027 1414 3066 6,
1448 3026 1533 3064 102)
1565 3037 1699 3063 eumque
1728 3029 1778 3057 illi

1702 2435 1777 2464 Deli
