2023 3350
312 85 392 125 516

876 85 911 116 Ρ.
940 84 1131 118 VtRG1L11
1158 85 1369 119 MAROMS

309 197 395 237 Aut
435 208 547 247 quae
586 195 750 248 sopitos
789 195 996 238 deludunt
1033 198 1199 239 somnia
1233 213 1393 241 sensus.

309 254 364 294 At
401 252 562 305 primas
601 251 717 293 laeta.
748 257 849 294 ante
887 254 1001 295 acies
1039 255 1229 298 exsultat
1262 257 1428 311 imago,

309 309 549 362 Inritatque
586 308 722 350 virum
761 309 858 351 telis
894 314 938 352 et
972 324 1074 353 voce
1105 311 1290 354 lacessit.

309 367 449 408 Instat
485 365 553 406 cui
586 365 770 419 Turnus,
807 367 1147 422 stridentemque
1185 370 1348 423 eminus
1385 371 1555 414 hastam

1861 372 1943 412 645

312 422 512 473 Coniicit;
547 422 624 464 illa
659 423 760 465 dato
798 425 927 466 vertit
963 426 1144 479 vestigia
1185 430 1320 481 tergo.

309 480 415 521 Tum
451 493 549 522 vero
585 482 756 523 Aenean
788 495 984 524 aversum
1025 486 1072 524 ut
1106 483 1255 526 cedere
1295 484 1460 528 Turnus

312 536 506 579 Credidit
541 541 672 592 atque
710 538 852 580 animo
900 553 1020 593 spem
1057 540 1255 582 turbidus
1297 541 1443 585 hausit
1479 543 1672 585 inanem:

311 594 404 644 Quo
444 593 577 647 fugis,
614 596 784 637 Aenea?
816 596 1032 639 thalamos
1067 611 1119 639 ne
1153 597 1300 640 desere
1339 604 1512 653 pactos3

310 651 404 693 Hac
440 651 614 694 dabitur
648 652 802 695 dextra
836 654 964 696 tellus
1003 655 1198 708 quaesita
1237 669 1313 709 per
1347 657 1495 699 undas.

1863 656 1947 696 650

312 709 433 750 Talia
467 709 709 752 vociferans
746 712 959 764 sequitur,
995 713 1279 766 strictumque
1318 718 1517 757 coruscat

311 766 574 819 Muci-onem,
610 781 688 809 nec
727 767 840 810 ferre
878 768 995 810 videt
1030 784 1107 811 sua
1148 769 1306 824 gaudia
1344 776 1504 814 ventos.

310 824 442 866 Forte
478 825 586 866 ratis
624 825 725 866 celsi
762 826 991 868 coniuncta
1024 827 1242 881 crepidine
1274 828 1367 869 saxi

310 881 531 934 Expositis
561 881 707 924 stabat
742 883 868 925 scalis
903 888 945 925 et
986 888 1118 939 ponte
1151 889 1328 938 parato,

312 938 405 989 Qua
439 953 514 980 rex
555 939 738 982 Clusinis
774 940 978 983 advectus
1014 942 1184 984 Osinius
1221 942 1319 984 oris.

1866 939 1948 978 655

311 995 406 1037 Huc
447 1010 538 1038 sese
581 997 751 1051 trepida
788 999 957 1041 Aeneae
993 998 1197 1053 fugientis
1234 1000 1375 1053 imago

314 1053 496 1095 Coniicit
530 1054 574 1095 in
608 1055 817 1108 latebras3
857 1070 934 1098 nec
967 1056 1135 1099 Turnus
1171 1057 1342 1111 segnior
1377 1057 1532 1106 instat,

311 1111 638 1166 Exsuperatque
672 1127 814 1155 moras
850 1119 892 1156 et
922 1118 1074 1168 pontes
1112 1115 1302 1156 transilit
1337 1114 1460 1156 altos.

311 1168 394 1209 Vix
423 1182 600 1222 proram
634 1171 859 1224 attigerat:
899 1172 1062 1225 rumpit
1100 1172 1305 1214 Saturnia
1343 1171 1508 1221 funem,

312 1225 599 1281 Avolsamque
635 1229 752 1282 rapit
791 1228 985 1272 revoluta
1024 1243 1101 1284 per
1135 1243 1324 1284 aequora
1356 1241 1521 1271 navem.

359 1373 435 1405 644.
462 1377 528 1407 Cic.
545 1378 614 1406 Mil.
643 1374 684 1405 :31
714 1379 751 1407 ut
775 1375 810 1407 υἱ
834 1376 977 1409 irritare
992 1379 1109 1418 serro—

313 1429 378 1461 que
394 1419 805 1460 lacesserefortissimum
822 1422 933 1454 virum
955 1424 1109 1456 auderet.

361 1466 437 1496 645.
464 1465 574 1497 instat
600 1465 655 1497 cui
680 1469 718 1498 cf.
744 1466 797 1505 12,
824 1469 876 1498 65.
987 1503 992 1507 ,

360 1510 435 1541 6⁴8.
468 1510 655 1550 Turbidus,
682 1516 821 1551 „elatus,
844 1517 1032 1549 arrogantia
1059 1521 1108 1545 tu-

314 1557 426 1587 mens*
455 1560 486 1587 S.
536 1560 617 1588 Nam
647 1561 766 1595 quavis
800 1562 974 1596 cupiditate
998 1564 1107 1591 turba-

314 1609 379 1632 tum
407 1608 502 1633 notat.
536 1605 582 1633 Cf.
611 1602 669 1642 12,
701 1605 751 1635 tu.
776 1621 812 1626 —-
842 1604 987 1636 haurire
1012 1607 1050 1637 ef.
1078 1606 1108 1646 4,

318 1649 395 1677 661.

360 1693 434 1723 619.
465 1691 657 1724 Thalamos
681 1703 723 1724 ne
749 1693 866 1726 desere
889 1697 972 1726 satis
997 1701 1110 1728 acerbe

314 1741 445 1769 dictum.
474 1755 512 1759 —
536 1743 658 1779 pactos
677 1741 716 1770 cf.
740 1739 793 1770 79.

362 1784 438 1813 650.
462 1787 532 1814 Iam
554 1790 654 1815 morte
685 1794 704 1815 a
734 1795 784 1816 me
810 1792 942 1823 accepta
972 1795 1111 1824 occupa-

315 1832 365 1859 bis
389 1836 526 1867 terram,
566 1839 662 1866 quam
691 1841 746 1867 per
781 1840 870 1862 mare
902 1833 1021 1869 petisti.
1070 1834 1108 1864 cf.

320 1875 369 1912 12,
397 1874 471 1905 359.

361 1920 437 1950 651.
468 1919 659 1951 coruscare
688 1923 734 1951 ita
769 1920 827 1960 12,
860 1921 935 1953 431.
969 1922 1044 1954 919.
1079 1925 1111 1963 5,

316 1966 392 1996 642.
415 1967 462 1997 Cf.
488 1968 563 1996 Val.
587 1969 634 1996 Fl.
657 1966 687 2005 2,
714 1966 778 1997 228
801 1968 935 2004 ferrum
961 1968 1110 2000 Bellona

316 2014 485 2042 corum-at.

361 2056 436 2086 652.
459 2057 582 2094 serunt
618 2056 712 2087 venti
743 2057 883 2098 gaudia
919 2061 939 2089 i.
967 2070 994 2090 e.
1020 2061 1111 2090 irrita

316 2105 447 2133 reddunt
484 2103 522 2133 cf.
550 2101 585 2139 9,
620 2101 695 2132 313.
753 2107 822 2133 Non
853 2107 947 2135 sentit
978 2108 1111 2141 nequid-

316 2158 412 2185 quam
436 2157 471 2177 se
495 2150 643 2185 gaudere.
671 2165 708 2169 —
738 2151 799 2179 Per
823 2153 883 2181 hoc
900 2152 1112 2182 simulacrum

317 2197 409 2224 nulla
434 2195 588 2230 ignaviae
611 2197 741 2225 macula
767 2198 858 2226 morti
881 2198 1009 2227 Turnus
1034 2201 1112 2227 sub-

317 2242 452 2270 ducitur.

363 2286 437 2314 653.
463 2283 640 2326 „Crepido
671 2291 720 2316 est
760 2288 885 2322 abrupti
923 2289 999 2317 saxi
1037 2290 1112 2338 alti:

316 2334 410 2360 tudo‘·
443 2336 473 2359 et
504 2332 707 2368 „Coniuncta
738 2331 915 2372 crepidine
956 2343 1010 2369 pro
1040 2343 1112 2363 cre-

313 2375 442 2417 pidini,
464 2377 549 2406 sicut
572 2375 679 2413 (361)
703 2374 820 2407 haeret
844 2376 934 2417 pede
955 2379 1052 2419 pes.'·‘
1078 2382 1109 2408 S.

316 2423 494 2452 Ablativus
537 2420 714 2462 crepidine
747 2424 926 2460 significat,
978 2433 1040 2460 qua
1077 2432 1110 2454 re

316 2473 421 2497 terrae
459 2468 631 2497 coniuncta
675 2470 772 2497 navis
811 2469 923 2506 fuerit,
968 2471 1008 2500 cf.
1041 2473 1108 2500 1.1.

317 2515 378 2543 sed
399 2511 611 2553 coniungere
633 2522 659 2542 c.
700 2515 843 2543 ablativo
872 2516 977 2545 iunxit
1011 2518 1109 2546 eliam

317 2560 439 2589 Cicero.
467 2573 511 2579 -—
539 2561 650 2588 Stabat
675 2561 789 2597 navis,
810 2565 843 2589 ut
867 2561 984 2599 fuerat,
1012 2570 1107 2597 quum

315 2606 542 2641 escenderem3
591 2605 742 2634 omnibus
764 2611 871 2635 autem
896 2607 928 2635 in
951 2609 1109 2642 proelium

316 2651 498 2687 progressis
521 2657 626 2679 naves
656 2656 746 2680 erant
775 2652 847 2680 sine
872 2653 1032 2687 praesidio
1059 2662 1109 2682 re-

315 2697 421 2725 lictae.
484 2696 585 2724 Vides
608 2700 714 2725 autem
739 2697 804 2725 iam
828 2699 956 2733 longius
978 2706 999 2727 a
1027 2701 1108 2737 loco,

315 2743 349 2770 in
373 2750 435 2776 quo
459 2749 569 2777 pugna
593 2746 663 2770 orta
686 2747 745 2777 est⁷
773 2744 919 2779 pugnari.

363 2786 437 2815 655.
468 2783 621 2822 Osinius,
647 2788 853 2817 Clusinorum
877 2798 935 2818 rex
953 2791 1004 2818 vel
1032 2791 1108 2827 dux,

316 2833 453 2861 fortasse
475 2835 534 2861 sub
556 2833 698 2862 Massico
723 2830 883 2862 militabat
907 2835 945 2864 cf.
972 2844 1003 2864 v.
1036 2834 1108 2864 166,

316 2879 451 2907 Servius
497 2878 657 2906 hominem
699 2879 817 2908 dictum
867 2879 972 2909 fuisse
1021 2885 1109 2915 putat

321 2920 476 2951 Osinium
520 2921 724 2957 ,uas-sicam,

318 2969 506 3002 Pompilius.

769 2931 799 2953 ιιι
841 2926 966 2955 dicatur
1006 2929 1109 2955 Numa

1866 1224 1950 1265 660

1201 1379 1276 1410 657.
1305 1377 1445 1411 coniicit
1470 1377 1504 1408 in
1532 1375 1710 1409 tenebras:
1751 1383 1787 1405 se
1812 1375 1847 1404 in
1870 1374 1951 1404 navi

1155 1427 1332 1456 abscondit.

1202 1471 1277 1501 658.
1303 1467 1480 1501 transsilit
1523 1466 1631 1498 altos,-
1675 1468 1767 1505 „Hoc
1804 1473 1951 1495 sermone

1155 1518 1338 1547 festinantis
1360 1517 1512 1547 celeritas
1533 1513 1728 1544 indicatur.“
1758 1515 1790 1542 S.

1202 1562 1277 1591 659.
1305 1561 1363 1592 vix
1400 1563 1434 1590 in
1476 1560 1615 1597 protasi,
1663 1560 1756 1588 nulla
1796 1561 1950 1593 sequente

1156 1609 1317 1644 particula
1343 1609 1377 1637 in
1402 1607 1535 1642 apouosi
1559 1605 1598 1635 cf.
1623 1605 1653 1643 5,
1677 1601 1754 1632 857.

1202 1653 1276 1682 660.
1302 1650 1461 1682 revoluta
1483 1659 1546 1691 per
1570 1657 1725 1691 aequora
1749 1649 1770 1677 i.
1801 1657 1829 1678 e.
1855 1657 1951 1678 revo-

1155 1701 1224 1728 luta
1251 1707 1270 1728 a
1294 1700 1402 1734 litore;
1443 1698 1543 1727 simul
1569 1704 1643 1727 cum
1666 1695 1762 1725 undis
1786 1694 1949 1725 abstrahi-

1157 1750 1207 1773 tur
1231 1745 1265 1773 in
1286 1745 1366 1773 navi
1391 1745 1538 1780 Turnus,
1579 1743 1625 1771 ita
1660 1746 1695 1771 ut.
1727 1745 1864 1777 nequeat
1889 1747 1950 1769 na-

1155 1798 1231 1819 vem
1262 1791 1302 1819 ad
1337 1794 1454 1819 terram
1486 1788 1655 1818 reflectere.
1702 1801 1741 1806 —
1790 1784 1951 1816 avolsam

1157 1832 1253 1875 rapit
1277 1836 1298 1864 i.
1319 1844 1345 1864 e.
1371 1834 1518 1864 celeriter
1537 1833 1675 1863 abducit.
1704 1846 1744 1851 —
1772 1832 1855 1861 Tum
1877 1836 1950 1861 tan-

1157 1882 1246 1919 dem,
1283 1889 1380 1916 quum
1422 1881 1528 1917 imago
1565 1880 1627 1908 illa
1648 1879 1682 1907 in
1702 1879 1806 1907 nubes
1828 1885 1951 1907 evane-

1157 1927 1235 1964 scit,
1265 1934 1357 1955 vana
1388 1935 1424 1955 se
1445 1934 1502 1961 spe
1527 1927 1663 1954 illusum
1688 1931 1762 1953 esse
1785 1924 1950 1960 intelligit.

1160 1988 1197 1992 -
1223 1974 1351 2002 Interea
1383 1973 1516 2001 Aeneas
1549 1970 1673 2000 iamdiu
1705 1969 1831 2004 quaerit
1867 1970 1951 1999 'l'ur-

1157 2026 1233 2047 num
1258 2017 1311 2053 [cf
1343 2015 1429 2054 514)
1456 2022 1487 2046 et.
1511 2018 1630 2046 multos
1659 2016 1814 2052 trucidat,
1852 2023 1951 2050 quum

1158 2064 1286 2093 Turnus
1317 2065 1355 2093 de
1399 2063 1519 2099 proelio
1547 2069 1684 2093 cessans
1714 2065 1886 2090 ventorum
1913 2061 1950 2090 vi

1157 2110 1364 2138 abstrahitur.

1203 2156 1293 2191 „Hoc
1323 2154 1433 2184 ordine
1463 2152 1575 2188 (Tum.
1597 2153 1668 2182 Sed.
1692 2152 1799 2180 [llum.
1822 2150 1948 2187 Obvia]

1159 2201 1304 2229 Parisini
1325 2199 1355 2229 2.
1384 2198 1412 2228 3.
1438 2207 1531 2234 quem
1550 2199 1734 2228 restituerat
1746 2197 1950 2226 Brunckius:

1157 2247 1213 2274 sed
1252 2244 1327 2274 661.
1361 2243 1436 2274 662.
1470 2243 1545 2272 663.
1584 2241 1650 2272 664
1681 2243 1809 2278 (Illum.
1834 2243 1950 2272 Obvia.

1158 2292 1247 2319 Τιιιιι.
1281 2291 1361 2326 Sed)
1392 2299 1428 2319 se
1457 2290 1623 2324 excipiunt
1661 2289 1694 2317 in
1724 2289 1877 2328 MPRybc
1905 2290 1950 2318 al.

1159 2338 1227 2365 Non
1259 2336 1513 2371 improbabiliter
1548 2335 1698 2370 Heynius
1721 2342 1753 2363 v.
1781 2333 1857 2363 661.
1883 2331 1949 2362 662

1157 2381 1283 2415 (Illum.
1318 2382 1440 2417 Obvia)
1477 2389 1498 2410 a
1533 2385 1627 2415 poeta
1650 2380 1684 2409 in
1715 2380 1862 2417 margine
1891 2381 1949 2409 ad-

1155 2428 1296 2462 scriptos
1330 2435 1404 2456 esse
1437 2424 1688 2462 suspicabatur“
1712 2422 1776 2455 Rb.
1813 2427 1952 2455 Eosdem

1155 2481 1273 2502 versus
1307 2473 1394 2502 eiieit
1426 2470 1487 2509 Pl„
1521 2476 1634 2502 contra
1660 2468 1723 2500 Ld.
1747 2480 1780 2501 v.
1804 2469 1880 2500 663.
1906 2468 1950 2500 64

1156 2518 1267 2553 (Tum.
1306 2519 1386 2554 Seu]
1428 2519 1614 2553 suspicatur
1669 2519 1710 2546 ab
1763 2517 1830 2547 alio
1877 2525 1951 2546 esse

1154 2564 1276 2593 illatos.
1325 2566 1395 2593 Iam
1431 2570 1504 2592 ante
1538 2563 1691 2593 Servium
1716 2563 1751 2592 in
1787 2565 1848 2592 hoc
1878 2564 1948 2592 loco

1154 2612 1328 2639 haeserunt
1359 2611 1556 2647 interpretes,
1589 2616 1665 2638 nam
1696 2608 1742 2637 is:
1776 2609 1950 2646 „Urbanus

1155 2655 1203 2684 sic
1235 2656 1328 2691 legit;
1370 2653 1430 2684 ille
1463 2657 1578 2684 autem
1616 2656 1757 2683 Aenean
1784 2652 1951 2689 (Aenean

1154 2705 1202 2729 est
1225 2701 1258 2729 in
1280 2701 1355 2736 PR]
1376 2705 1409 2729 ut
1433 2698 1534 2733 obvia
1550 2722 1557 2729 .
1577 2721 1584 2728 .
1605 2696 1709 2728 morti
1731 2701 1770 2729 de
1792 2699 1901 2728 nautis
1914 2699 1951 2728 in

1154 2747 1234 2775 navi
1278 2747 1421 2775 inventis
1465 2746 1708 2782 intelligamus,
1755 2745 1839 2780 quod
1885 2751 1964 2774 non.—

1154 2791 1328 2826 pr‹›eedit.“
1374 2792 1505 2821 Retinui
1527 2792 1705 2820 oruInema
1729 2787 1824 2830 ufgo
1863 2786 1951 2820 Rho.

1155 2842 1331 2874 receptum,
1361 2846 1400 2866 ne
1424 2838 1539 2866 iterum
1561 2841 1737 2872 mutarem,
1765 2835 1812 2863 ita
1830 2838 1947 2873 tamen,

1154 2887 1189 2911 ut
1213 2885 1375 2911 Mssorum
1403 2883 1468 2911 fere
1503 2883 1645 2911 omnium
1676 2880 1853 2909 orationem
1885 2887 1949 2909 non

1153 2930 1257 2962 magis
1280 2929 1440 2957 horridam
1468 2928 1652 2957 iudicarem.
1701 2927 1808 2960 Neque
1831 2931 1948 2955 versus

1154 2975 1266 3010 eiicio.
1300 2982 1380 3009 quos
1406 2982 1425 3003 a
1448 2978 1539 3008 poeta
1563 2973 1664 3001 factos
1693 2972 1749 3000 sed
1771 2972 1949 3006 sententiae
