2023 3350
678 127 914 161 AENEIDOS
944 129 1029 161 LlB.
1056 128 1117 161 XI.

80 247 142 288 Tu
172 258 341 300 quoque
375 256 486 285 nunc
527 244 666 283 stares
705 241 903 283 immanis
939 245 1116 283 truncus
1155 242 1199 284 in
1232 242 1375 294 armis,

78 305 204 346 Esset

78 362 232 403 Turne.

238 317 319 357 par
354 305 473 343 aetas
509 303 553 341 et
587 299 703 341 idem
739 300 775 341 si
811 300 946 341 robur
981 300 1036 341 ab
1075 301 1209 351 annis,

291 359 376 402 Sed
409 357 558 399 infelix
594 358 780 400 Teucros
817 358 923 411 quid
954 357 1155 399 demoror
1187 357 1349 399 armis?

80 418 254 469 Vadite,
293 421 335 458 et
368 416 475 457 haec
508 429 719 457 memores
757 416 849 469 regi
880 416 1087 457 mandata
1122 415 1301 457 referte:

80 475 203 527 Quod
234 475 368 516 vitam
401 487 547 514 moror
590 474 770 515 invisam
802 473 998 515 Pallante
1036 477 1270 528 perempto,

79 535 267 575 Dextera
306 545 458 573 caussa
489 534 567 572 tua
603 535 687 583 est,
727 531 917 572 Turnum
952 536 1169 585 gnatoque
1206 530 1416 584 patriquev

79 592 215 641 Quam
250 589 406 631 debere
442 588 573 630 vides.

77 649 379 701 Fortunaeque
413 646 546 688 locus.

604 647 700 689 Non
737 647 852 689 vitae
891 647 1048 701 gaudia
1085 660 1256 701 quaero.

77 706 166 748 Nec
198 705 291 757 fas3
330 705 404 746 sed
441 708 572 758 gnato
608 705 755 746 Manes
788 705 978 759 perferre
1016 705 1094 746 sub
1138 705 1261 746 imos.

191 764 360 804 Aurora
392 763 558 804 interea
594 763 761 804 miseris
793 763 1052 804 mortalibus
1084 763 1243 804 almam

77 820 307 863 Extulerat
343 821 482 862 lucem
518 820 706 862 referens
742 834 873 874 opera

76 879 170 927 Iam
211 882 335 933 pater
366 880 554 930 Aeneas,
588 879 675 920 iam
712 892 840 920 curvo
878 879 922 919 in
964 879 1091 921 litore
1123 878 1319 920 Tarchon

78 937 350 979 Constituere
384 951 525 990 pyras.

585 936 680 978 Huc
719 950 904 989 corpora
942 937 1123 991 quisque
1157 949 1333 977 suorum

1634 129 1712 167 541

1639 361 1718 399 175

633 589 799 631 Meritis
833 594 960 631 vacat
996 589 1066 630 hic
1101 589 1181 630 tibi
1217 588 1335 630 solus
1642 650 1723 687 1ss)

914 825 1045 874 atque
1079 821 1273 862 labores:

1644 936 1721 974 185

79 994 200 1036 More
240 995 379 1035 tulere
415 998 606 1048 patrum;
648 994 937 1048 subiectisque
970 995 1140 1048 ignibus
1177 994 1285 1035 atris

81 1052 289 1095 Conditur
318 1052 362 1093 in
395 1052 595 1094 tenebras
631 1053 768 1094 altum
802 1052 985 1106 caligine
1025 1052 1200 1094 caeluni.

78 1206 203 1235 minum
241 1213 322 1240 opus
360 1210 485 1243 essent,
524 1205 580 1240 qui
618 1209 791 1240 portarent.
838 1221 875 1225 —

78 1254 226 1292 tropaea
256 1251 405 1286 (eorum)
431 1259 515 1291 quos
539 1251 578 1280 cf.
605 1259 637 1279 v.
667 1249 721 1280 81.
748 1267 786 1271 -
817 1249 878 1280 dat

79 1305 235 1333 praesens
262 1297 301 1327 cf.
328 1296 359 1335 4,
386 1295 462 1326 228.
505 1312 543 1316 -
584 1298 697 1331 Itaque
719 1301 748 1325 et
770 1304 877 1334 gram-

80 1344 202 1373 matica
226 1347 256 1372 et
279 1343 439 1372 sententia
461 1351 581 1372 versus
605 1343 758 1371 firmatur.
807 1345 877 1372 Iam

78 1398 158 1418 vero
180 1398 216 1418 eo
242 1398 341 1418 versu
365 1397 447 1424 opus
468 1394 527 1423 est,
553 1393 583 1417 ut
599 1394 683 1417 stent
697 1394 878 1423 sequentes.

80 1438 163 1464 Nam
185 1443 285 1470 quum
310 1443 350 1464 ea
373 1435 480 1471 spolia
503 1439 665 1471 memoret,
689 1435 722 1462 in
742 1440 879 1464 mentem

80 1482 144 1511 sibi
169 1486 300 1511 revocat
314 1483 469 1518 Turnum,
495 1489 588 1515 quem
603 1481 747 1515 spoliare
764 1482 879 1509 Pallas

80 1536 145 1556 non
169 1529 280 1563 potuit.
329 1528 452 1556 Deinde
475 1535 572 1561 quum
594 1527 739 1555 Turnum
763 1527 880 1556 vivere

79 1574 298 1608 meminisset,
331 1582 366 1602 se
403 1574 509 1608 ipsum
538 1573 755 1607 reprehendit,
797 1574 880 1608 quod

83 1621 233 1649 retineret
257 1620 416 1648 Troianos
436 1626 456 1647 a
490 1620 573 1647 bello
605 1620 826 1654 persequendo
851 1624 881 1648 et

80 1667 201 1695 Turno.
233 1668 345 1700 Itaque
363 1666 437 1694 ordo
451 1665 685 1693 sententiarum
702 1670 785 1694 recte
807 1673 881 1700 pro—

80 1712 172 1742 cedit.
196 1713 233 1740 Et
250 1716 334 1741 recte
355 1708 404 1740 Pl.
419 1719 518 1746 quum
537 1711 667 1740 eliceret
678 1720 708 1740 v.
729 1709 802 1747 172,
818 1720 881 1739 non

81 1762 150 1787 erat
161 1766 198 1787 eo
213 1762 393 1792 contentuS,
413 1758 470 1785 sed
483 1758 582 1785 simul
597 1754 749 1785 173-75
765 1759 881 1786 abesse

81 1804 201 1840 voluit;
225 1808 434 1839 perspexerat
450 1803 535 1832 enim
554 1811 618 1831 uno
639 1807 762 1831 tantum
781 1811 883 1831 versu

82 1850 183 1879 eiecto
203 1850 327 1878 turbari
351 1849 470 1878 omnia.
520 1850 585 1876 Nos
604 1849 750 1877 vidimus
774 1849 881 1877 salvis

82 1895 235 1924 versibus
271 1895 420 1924 omnibus
471 1896 602 1923 salvam
636 1902 710 1923 esse
753 1899 883 1923 senten-

82 1942 171 1970 tiam.

132 1984 207 2015 173.
232 1987 350 2022 Turne,
387 1993 451 2014 non
490 1989 599 2014 tuate
636 1986 762 2019 virtuS.
800 1992 884 2020 quae

82 2033 231 2068 superior
253 2036 319 2061 erat
346 2032 380 2060 in
404 2033 573 2067 Pallante,
617 2033 674 2060 sed
697 2032 789 2060 vires
814 2040 885 2060 ser-

83 2082 213 2116 varunt,
240 2085 323 2113 quas
345 2079 397 2106 dat
423 2078 527 2106 series
556 2085 726 2107 annorum.

133 2123 208 2154 175.
236 2123 395 2152 demoror
433 2122 542 2152 armis
578 2124 599 2152 i.
638 2132 665 2152 e.
697 2126 737 2152 ab
770 2123 882 2153 armis.

84 2171 138 2200 Sic
159 2173 238 2200 Stat.
253 2171 350 2198 Theb.
369 2167 400 2207 4,
413 2166 479 2197 774
499 2166 559 2198 sed
581 2167 664 2209 quid
682 2177 748 2210 ego
774 2167 884 2199 haec?

77 2215 264 2256 fessosque
289 2214 420 2256 optatis
448 2212 606 2245 demoror
630 2211 762 2244 undis?

136 2260 208 2291 179.
234 2262 349 2299 „Nihil
374 2265 422 2290 est
449 2262 555 2298 aliud,
595 2263 678 2296 quod
703 2262 804 2296 possit
831 2263 884 2290 vel

87 2309 192 2338 virtus
221 2313 296 2344 tua,
333 2309 387 2337 vel
424 2307 551 2337 fortuna
579 2312 764 2343 praestare;
809 2315 885 2336 nam

84 2355 138 2383 his
160 2357 257 2383 rebus
281 2354 420 2383 victoria
453 2354 624 2390 contingi13
674 2354 740 2382 nisi
772 2358 807 2382 ut
831 2362 885 2383 oc-

85 2401 154 2430 ciso
177 2402 284 2429 Turno
319 2404 350 2429 et
379 2400 529 2430 vindices
564 2400 666 2428 filium
700 2404 730 2428 et
762 2404 886 2435 patrem

86 2447 265 2476 consoleris
297 2448 453 2474 orbatum.
506 2443 576 2474 Sed
618 2448 702 2475 nato
727 2450 804 2475 εἴας
847 2453 887 2476 ac

87 2493 119 2521 si
139 2493 266 2529 diceret,
290 2494 375 2521 hanc
398 2494 504 2521 solam
525 2500 598 2520 esse
613 2499 776 2527 caussam,
803 2500 887 2527 quae

87 2546 161 2567 eum
185 2541 280 2574 cogat
304 2539 345 2566 ad
368 2538 457 2566 vitae
490 2539 699 2575 patientiam,
738 2542 772 2567 ut
820 2539 886 2567 filio

87 2584 190 2612 Turni
211 2584 375 2612 nuntietur
403 2581 586 2612 interitus.“
613 2587 646 2613 S.

137 2626 212 2658 180.
242 2631 350 2664 Neque
373 2629 463 2658 vitae
483 2629 588 2665 (dat.)
612 2637 732 2665 quaero
754 2629 886 2666 gaudia,

87 2677 146 2704 sed
170 2682 209 2705 ea
238 2676 280 2704 ad
305 2676 420 2703 Manes
451 2675 544 2710 cupio
578 2675 710 2705 deferre.
763 2676 889 2704 Moriar

87 2722 159 2757 ipse
176 2722 283 2750 Turno
308 2721 416 2750 occiso
440 2725 472 2749 et
499 2721 645 2750 Pallanti
665 2721 787 2758 gaudia
810 2721 888 2750 affe-

88 2775 169 2805 ram,
200 2774 284 2802 quae
311 2775 352 2795 ex
376 2768 436 2795 hoc
461 2766 572 2795 nuntio
596 2767 742 2802 accipiet.
781 2767 829 2796 Cf.
856 2765 887 2803 2,

88 2811 166 2842 587.
213 2814 326 2847 Itaque
351 2820 449 2847 quum
478 2812 639 2848 sanguine
666 2813 803 2850 sanguis
829 2821 889 2841 ex-

88 2860 250 2897 piaretur,
281 2862 440 2895 cognatus
468 2858 606 2892 quisque
629 2859 797 2893 proximus
833 2859 890 2887 de-

88 2907 182 2935 bebat
218 2912 341 2940 poenas
375 2904 476 2934 occisi
505 2905 545 2932 ab
579 2911 615 2932 eo
640 2904 695 2938 qui
728 2905 889 2934 occiderat

89 2955 242 2987 repetere.
290 2952 337 2980 Ea
360 2951 440 2979 ultio
462 2948 525 2987 fas
550 2954 637 2986 erat,
674 2953 704 2978 et
726 2947 888 2987 nefarius

89 2999 202 3033 homo,
235 2997 291 3032 qui
319 3004 399 3026 suos
428 3004 494 3025 non
526 2995 747 3024 ulcisceretur.
800 2996 890 3024 Haec

90 3047 139 3071 est
158 3043 290 3078 antiqua
311 3040 441 3084 pietaS,
472 3049 538 3077 qua
558 3048 669 3070 amare
702 3045 733 3069 et
755 3040 891 3077 diligere

926 1214 961 1234 se
995 1209 1149 1242 cognatos
1182 1204 1418 1241 significabant.
1480 1204 1597 1231 Postea
1628 1210 1726 1237 quum

927 1252 1078 1281 civitates
1104 1251 1345 1284 ordinarentur,
1387 1250 1427 1277 ad
1451 1249 1663 1285 magistratus
1685 1256 1724 1277 ea

926 1305 1003 1326 cura
1036 1299 1197 1326 translata
1235 1301 1300 1330 θεῖς
1343 1295 1499 1324 remansit
1534 1300 1641 1323 tamen
1682 1303 1724 1322 ex

926 1344 1058 1378 antiquo
1092 1352 1179 1371 more
1211 1343 1297 1377 apud
1330 1342 1515 1373 Romanos.
1541 1342 1622 1375 quod
1655 1348 1725 1368 ma-

926 1390 1082 1426 gistratus
1108 1389 1236 1417 facinus
1268 1396 1331 1416 non
1364 1388 1637 1421 persequebantur
1660 1387 1725 1414 nisi

927 1440 1103 1464 accusante
1127 1435 1248 1469 aliquo,
1275 1433 1330 1468 qui
1345 1435 1468 1461 solebat
1492 1440 1565 1460 esse
1579 1433 1726 1467 proxime

925 1487 1082 1517 cognatus
1107 1481 1179 1509 eius
1205 1480 1259 1509 cui
1284 1479 1407 1507 iniuria
1432 1479 1527 1506 illata
1559 1482 1637 1507 erat.
1684 1493 1722 1497 —-

931 1525 1069 1565 Quaero
1090 1526 1210 1561 duplici
1235 1529 1399 1554 structura
1418 1524 1458 1554 cf.
1482 1523 1511 1560 3,
1538 1522 1612 1553 180.

975 1570 1050 1601 181.
1082 1570 1152 1601 Nec
1177 1571 1241 1610 sas
1272 1572 1355 1606 patri
1389 1575 1459 1606 post
1491 1571 1549 1599 filii
1583 1574 1727 1599 mortem.

930 1635 968 1639 —
996 1621 1112 1648 Manes
1137 1616 1199 1647 sub
1223 1619 1306 1646 imos
1333 1618 1372 1647 cf.
1400 1617 1436 1653 4,
1464 1614 1541 1645 387.
1572 1631 1615 1636 -
1647 1613 1728 1645 Per-

920 1664 1020 1703 fcrre
1050 1669 1079 1693 et
1108 1666 1177 1694 alla
1209 1664 1300 1693 verbi
1333 1663 1427 1700 ferre
1461 1664 1639 1698 composita
1673 1671 1726 1691 se·-

927 1716 1042 1746 quente
1073 1718 1142 1740 acc.
1181 1714 1209 1738 et
1255 1710 1313 1738 inf.
1348 1709 1531 1745 significare
1578 1708 1729 1737 nuntium

927 1757 1021 1790 ferre,
1046 1757 1207 1790 nuntiare,
1234 1760 1355 1784 certum
1379 1760 1437 1784 est.
1464 1755 1504 1783 cf.
1532 1753 1562 1791 2,
1585 1752 1645 1789 75;
1670 1756 1727 1783 sed

927 1804 1001 1831 addi
1025 1804 1114 1831 debet
1140 1802 1217 1836 quid
1237 1802 1420 1832 nuntietur:
1445 1803 1475 1829 ll.
1500 1802 1522 1828 l.
1545 1809 1645 1829 unum
1659 1805 1730 1835 pot—

928 1853 977 1877 est
1018 1849 1176 1877 obiectum
1211 1856 1285 1875 esse
1333 1844 1473 1886 gaudia
1531 1855 1575 1875 sc.
1626 1846 1728 1874 Turni

929 1895 1039 1924 occisi.
1072 1894 1242 1922 Horridam
1266 1901 1340 1921 esse
1371 1893 1552 1920 orationem
1577 1900 1641 1921 non
1670 1900 1728 1920 ne-

929 1948 1055 1977 gamus.
1083 1940 1143 1969 alii
1160 1940 1319 1969 eiecerunt
1337 1946 1358 1967 a
1375 1947 1444 1967 non
1465 1936 1561 1966 vitae
1581 1953 1625 1957 —
1644 1934 1731 1967 imos

930 1986 1000 2021 (sic
1031 1983 1113 2021 PL).
1138 1986 1198 2014 alii
1222 1986 1329 2014 variis
1348 1988 1510 2013 tentarunt
1526 1984 1730 2013 coniecturis.

930 2034 992 2062 Sed
1028 2040 1127 2067 quum
1161 2032 1237 2060 libri
1275 2030 1493 2065 consentiant,
1542 2031 1647 2059 satius
1681 2034 1732 2058 est

930 2079 1099 2114 explicare
1128 2080 1230 2106 verba
1253 2084 1351 2112 quam
1376 2080 1512 2105 mutare.

958 2155 1173 2187 182—202.
1221 2154 1363 2186 Troiani
1396 2162 1480 2185 suos
1520 2151 1705 2195 sepeliunt.

976 2212 1054 2243 182.
1082 2211 1218 2243 miseris
1243 2210 1449 2242 mortalibus
1471 2219 1597 2252 operae
1622 2213 1654 2241 et
1677 2209 1732 2240 la-

931 2258 1038 2289 bores.
1087 2260 1251 2295 „Asinius
1277 2259 1381 2287 Pollio
1408 2259 1494 2293 dicit,
1518 2258 1636 2292 ubique
1653 2259 1732 2287 Vit-

930 2307 1047 2343 gilium
1073 2307 1108 2335 ln
1132 2307 1195 2335 diei
1223 2305 1438 2340 descriptione
1463 2311 1645 2333 sermonem
1669 2304 1736 2332 ali-

931 2361 1026 2387 quem
1052 2361 1171 2388 ponere
1196 2357 1306 2386 aptum
1341 2350 1568 2386 praesentibus
1599 2347 1732 2378 rebus*

933 2401 965 2427 S.
1012 2400 1127 2436 Locos,
1152 2398 1271 2433 quibus
1294 2402 1420 2432 tempus
1441 2396 1636 2425 matutinum
1656 2396 1732 2431 Vgl.

933 2445 1105 2482 describit,
1136 2453 1200 2473 non
1224 2444 1295 2472 sine
1317 2443 1421 2472 fructu
1441 2441 1666 2477 comparabis,
1698 2445 1732 2469 ut

932 2492 1100 2528 intelligas
1131 2495 1271 2525 quantus
1305 2490 1347 2518 sit
1376 2488 1528 2518 variandi
1556 2487 1675 2516 artifex
1704 2491 1736 2515 et

933 2545 1030 2572 quam
1076 2545 1154 2565 vere
1200 2536 1395 2564 iudicaverit
1434 2534 1585 2563 Asinius.
1653 2535 1734 2561 Sunt

933 2587 1042 2612 autem
1066 2583 1117 2611 hi:
1150 2580 1180 2619 3,
1203 2579 1280 2609 521.
1307 2579 1384 2609 588.
1436 2578 1466 2614 4,
1493 2578 1524 2608 7.
1555 2577 1628 2607 118.
1658 2576 1731 2606 129.

933 2627 1009 2657 584.
1061 2628 1097 2665 5,
1126 2625 1179 2656 42.
1202 2626 1255 2656 65.
1285 2624 1359 2655 105.
1385 2624 1461 2654 739.
1512 2623 1548 2661 6,
1574 2623 1651 2653 535.
1700 2622 1732 2657 7,

933 2673 988 2704 25,
1016 2671 1091 2702 148.
1134 2672 1166 2707 8,
1196 2670 1270 2701 170.
1298 2670 1373 2700 454.
1415 2670 1445 2707 9,
1466 2668 1542 2700 458.
1588 2668 1640 2707 10,
1655 2668 1730 2698 256.

935 2718 995 2754 11,
1037 2718 1065 2748 1.
1093 2717 1169 2747 210.
1223 2716 1277 2752 12,
1318 2715 1370 2746 77.
1400 2715 1475 2746 113.
1528 2732 1567 2736 —
1615 2713 1734 2745 miseri

934 2763 1101 2795 mortales
1125 2765 1165 2794 cf.
1191 2762 1221 2799 2,
1245 2761 1321 2792 268.

982 2809 1057 2839 185.
1087 2807 1210 2849 „Pyra
1257 2813 1304 2838 est
1346 2809 1510 2845 lignorum
1555 2809 1734 2845 congeries.

941 2853 1081 2897 RoguS,
1122 2864 1222 2890 quum
1257 2856 1323 2884 iam
1353 2856 1466 2884 ardere
1490 2855 1629 2890 coeperit
1653 2854 1736 2883 dici-

935 2906 994 2931 tur.
1046 2898 1194 2930 Bustum
1220 2910 1298 2930 vero
1323 2901 1390 2930 iam
1414 2906 1567 2930 exustum
1586 2903 1735 2930 vocatur.

936 2949 1035 2982 Quem
1069 2948 1213 2976 ordinem
1243 2951 1355 2976 servat
1386 2945 1513 2982 poeta.“
1539 2949 1571 2976 S.
1620 2946 1668 2975 Cf.
1701 2954 1734 2975 v.

936 2992 1012 3022 189.
1039 2991 1117 3021 201.

983 3037 1058 3068 186.
1088 3036 1234 3080 ignibus
1258 3035 1348 3068 atris
1371 3038 1411 3068 cs.
1436 3037 1469 3075 4,
1498 3034 1576 3067 384.
