2023 3350
232 133 285 172 94
791 131 829 163 P.
862 130 1056 164 VIRGILII
1088 131 1297 165 MARONIS

231 244 336 286 Cum
373 243 515 285 sonitu
552 242 687 284 trahit
722 247 764 284 et
800 244 997 284 Danaum
1033 258 1160 299 super
1196 246 1368 300 agmina
1403 246 1491 289 late

230 300 405 342 Incidit:
444 304 511 342 ast
546 300 618 341 alii
655 300 857 352 subeunt,
894 315 971 342 nec
1009 315 1113 343 saxa
1147 317 1225 345 nec
1263 304 1398 346 ullum

229 359 427 400 Telorum
462 358 625 399 interea
665 362 803 399 cessat
839 371 980 411 genus.

342 414 608 455 Vestibulum
643 418 742 457 ante
777 415 916 469 ipsum
953 415 1176 469 primoque
1210 416 1254 458 in
1289 418 1433 461 limine
1464 418 1654 474 Pyrrhus

229 472 446 523 Exsultat,
485 472 580 513 telis
619 475 660 512 et
694 472 788 514 luce
822 486 1022 514 coruscus
1058 486 1187 525 aena,

1781 480 1864 519 470

229 529 374 579 Qualis
410 528 483 569 ubi
516 530 559 569 in
593 529 729 570 lucem
767 529 964 582 coluber,
1003 531 1119 572 mala
1155 531 1349 584 gramina
1382 536 1543 586 pastus,

227 586 402 640 Frigida
439 586 514 627 sub
550 590 667 626 terra
703 587 916 628 tumidum
951 601 1077 641 quem
1114 588 1268 630 bruma
1303 590 1488 643 tegebat,

226 645 348 685 Nunc
381 643 530 696 positis
566 657 700 686 novus
735 645 895 687 exuviis
931 646 1178 699 nitidusque
1219 647 1391 689 iuventa

226 701 411 743 Lubrica
446 701 660 742 convolvit
695 703 864 744 sublato
903 707 1079 756 pectore
1113 707 1248 757 terga,

225 758 394 800 Arduus
429 758 484 799 ad
520 759 671 810 solem,
715 763 757 801 et
791 761 948 815 linguis
984 761 1116 802 micat
1157 775 1230 802 ore
1265 761 1464 804 trisulcis.

1782 766 1863 805 475

225 817 320 858 Una
354 816 503 869 ingens
538 817 743 870 Periphas
779 822 821 860 et
859 832 1064 872 equorum
1098 819 1289 871 agitator
1318 819 1508 872 Achillis,

224 873 421 926 Armiger
456 874 741 927 Automedon,
783 889 870 917 una
907 876 1042 918 omnis
1082 875 1229 929 Scyria
1263 875 1397 930 pubes

226 931 472 973 Succedunt
506 936 642 983 tecto,
682 937 724 974 et
760 933 954 976 flammas
991 934 1047 975 ad
1083 934 1268 975 culmina
1299 934 1474 976 iactant.

223 990 321 1043 Ipse
355 989 466 1030 inter
502 990 663 1044 primos
700 996 899 1046 correpta
936 992 1044 1034 dura
1080 990 1254 1045 bipenni

224 1047 392 1089 Limina
430 1048 686 1101 perrumpit,
725 1053 955 1104 postesque
996 1064 1022 1091 a
1056 1049 1230 1090 cardine
1266 1048 1385 1090 vellit

1779 1051 1863 1090 480

224 1106 429 1156 Aeratos3
468 1105 638 1159 iamque
671 1107 815 1148 excisa
847 1107 970 1149 trabe
1007 1107 1130 1148 firma
1166 1107 1332 1148 cavavit

224 1162 400 1204 Robora
434 1166 476 1204 et
511 1163 725 1217 ingentem
762 1165 852 1207 lato
892 1165 1010 1207 dedit
1045 1178 1119 1206 ore
1153 1164 1397 1206 fenestram.

269 1315 346 1345 466.
375 1313 531 1345 Ruinam
568 1313 706 1345 trahere
746 1318 824 1345 dixit
866 1319 937 1353 Vgl.
980 1319 1018 1346 de

224 1365 322 1392 rebus
355 1371 398 1390 ex
431 1364 495 1390 alto
528 1363 768 1393 decidentibus,
799 1364 916 1397 quibus
949 1366 1019 1392 col-

223 1409 330 1444 lapsis
356 1408 450 1437 simul
477 1408 542 1436 alia
567 1416 639 1436 cum
659 1409 698 1437 iis
718 1410 928 1438 cohaerentia
946 1417 1019 1437 cor-

223 1459 337 1490 ruunt,
361 1454 405 1482 ita
426 1452 501 1482 631.
539 1453 576 1491 8,
607 1453 678 1482 192.
715 1455 750 1482 9.
775 1454 849 1483 712.
900 1455 1019 1483 Simili-

224 1502 366 1529 tudinem
400 1499 496 1527 traxit
531 1500 569 1527 de
603 1502 692 1528 trabe
729 1501 898 1535 primaria,
934 1508 1018 1535 quae

224 1547 253 1577 si
289 1546 443 1577 concidit.
484 1546 607 1573 ruinam
645 1546 737 1574 trahit
777 1546 932 1581 aedificii;
974 1547 1017 1574 ita

224 1589 361 1622 trahere
390 1588 528 1619 ruinam
562 1592 675 1620 Claud.
708 1593 744 1620 R.
780 1593 830 1620 Pr.
866 1591 901 1629 3,
941 1591 1016 1620 379.

224 1635 346 1666 ducere
371 1639 447 1665 Hor.
474 1637 506 1665 C.
538 1635 574 1673 2,
603 1636 659 1673 17,
687 1636 717 1665 9.
766 1639 846 1666 Inde
880 1634 1019 1667 trahere

224 1689 274 1712 est
299 1683 427 1711 omnino
453 1682 593 1717 efficere,
619 1691 731 1711 secum
755 1685 875 1712 ducere
894 1683 934 1712 cf.
956 1684 1015 1712 Ov.

222 1732 263 1759 M.
302 1728 356 1766 13,
389 1729 429 1756 84
466 1730 598 1756 tantum
641 1726 749 1757 trahit
780 1726 838 1758 ille
871 1726 1015 1758 timoris.

221 1778 262 1804 M.
294 1774 330 1812 1,
357 1773 423 1802 219
456 1770 630 1803 traherent
668 1782 742 1803 cum
775 1783 852 1803 sera
878 1783 1016 1814 crepus-

221 1818 302 1850 cula
322 1822 462 1849 noctem.
512 1821 588 1848 Hor.
607 1821 641 1848 C.
659 1818 691 1856 3,
707 1819 738 1857 5,
762 1820 800 1849 15
824 1818 1015 1860 exemplum

221 1863 364 1896 trahens
384 1863 569 1905 perniciem
593 1863 734 1894 veniens
757 1863 792 1894 in
817 1874 951 1894 aevum.
972 1881 1016 1885 —

227 1909 350 1941 Trahit
371 1919 544 1946 praesens,
569 1911 620 1939 cui
643 1912 802 1940 antecedit
825 1911 1014 1948 perfectum,

221 1966 286 1986 non
303 1958 444 1993 offendit,
463 1957 623 1990 siquidem
643 1965 804 1992 praesens
824 1957 1014 1985 historicum

223 2012 289 2032 rem
320 2003 441 2031 factam
471 2002 643 2037 describit;
684 2004 801 2037 pendet
831 2003 927 2035 igitur
960 2010 1014 2031 res

221 2057 264 2077 ex
289 2049 461 2077 scribentis
489 2050 658 2076 voluntate
685 2048 725 2076 cf.
753 2051 804 2077 Gr.
833 2048 854 2081 S
881 2047 957 2084 455,
982 2048 1013 2076 2.

222 2094 269 2123 cf.
286 2093 362 2123 480.
403 2093 451 2129 12,
469 2092 530 2120 381
557 2090 782 2133 Praecipitem
808 2091 947 2134 impulit
964 2092 1015 2131 ef-

214 2137 408 2179 funditque
432 2136 514 2176 solo,
541 2138 571 2175 6,
597 2137 671 2167 746.
710 2139 741 2176 8,
765 2139 841 2168 506.
880 2139 910 2176 9,
937 2137 1013 2168 ⁴32.

222 2188 258 2215 G.
285 2184 322 2221 3,
347 2185 424 2213 377.

266 2230 342 2258 469.
374 2228 584 2259 Vestibulum
608 2231 681 2264 quid
701 2231 754 2266 sit,
782 2231 854 2258 vide
879 2230 910 2267 6,
935 2229 1013 2258 273.

220 2293 264 2296 —
292 2275 382 2305 Ante
408 2274 520 2316 ipsum
547 2281 597 2305 est
624 2284 705 2304 vorn
730 2277 771 2304 im
798 2276 1013 2313 Vestibulum,

219 2322 260 2351 cf.
286 2322 325 2359 6,
350 2320 434 2359 203,
466 2323 613 2357 sequitur
643 2323 726 2350 enim
756 2320 870 2362 primo
903 2319 937 2350 in
970 2319 1013 2350 li-

220 2365 322 2396 mine.
371 2369 417 2395 De
452 2375 536 2396 voce
570 2366 681 2407 ipsum
715 2367 755 2396 cf.
789 2367 828 2403 6,
865 2366 938 2395 191.
968 2383 1012 2387 *—

224 2410 376 2452 Pyrrhus
417 2422 477 2442 seu
510 2415 744 2448 Neoptolemus
784 2413 923 2442 Achillis
968 2421 1011 2441 ex

219 2459 388 2487 Deidamia
413 2459 508 2487 filius.

263 2503 339 2533 470.
368 2501 536 2533 Exsultat
574 2504 641 2539 ira,
677 2505 761 2538 quod
798 2504 918 2532 tamdiu
958 2511 1011 2531 re-

219 2550 338 2578 sistunt
371 2551 513 2578 Troiani.
546 2565 590 2568 —
621 2547 695 2578 luce
729 2557 819 2577 aena
848 2549 889 2577 cf.
917 2550 1009 2578 Hom.

220 2596 257 2622 11.
290 2594 346 2632 13,
379 2594 448 2624 340
477 2588 572 2634 αὐγὴ
600 2590 755 2633 χαλκείη.
783 2609 828 2614 -
863 2591 938 2623 luce
966 2610 1010 2614 -—

220 2637 325 2668 lucem
352 2641 391 2668 de
417 2649 500 2669 voce
525 2640 662 2675 repetita
692 2639 732 2668 cf.
758 2639 797 2675 6,
828 2637 905 2668 901.
957 2637 1009 2668 Pl.

220 2685 303 2712 coni.
329 2683 407 2714 telis
426 2684 603 2727 galeaque
629 2691 657 2714 et
690 2684 752 2713 471
787 2683 821 2714 in
851 2682 926 2714 luco
952 2694 1007 2719 pro

220 2727 256 2758 in
290 2728 409 2759 lucem.
471 2734 571 2766 lunge
614 2732 645 2760 in
683 2733 788 2759 lucem
829 2731 1008 2768 convolvit,

221 2775 296 2809 petit
319 2777 424 2804 lucem
449 2782 480 2805 ut
506 2778 562 2806 Sil.
592 2776 647 2812 12,
680 2776 699 2805 9
730 2784 868 2814 serpens·
894 2773 1009 2814 splen-

221 2818 321 2849 dente
351 2818 405 2849 die
428 2830 535 2850 nouus
561 2820 696 2851 emicat.
744 2824 795 2850 Ex
817 2822 898 2851 solis
923 2823 1007 2850 enim

220 2867 336 2894 ardore
359 2867 443 2900 capit
467 2873 496 2895 et
520 2869 608 2897 vires
631 2873 660 2896 et
687 2868 790 2897 virus.

265 2912 315 2940 Ad
344 2919 375 2939 v.
408 2910 573 2940 ulti—75
610 2913 650 2942 cs.
684 2916 719 2943 G.
751 2912 787 2950 3,
815 2911 1006 2941 425—39.

221 2957 281 2984 ov.
315 2959 356 2985 M.
390 2955 427 2992 2,
466 2957 536 2985 173.
585 2960 643 2987 Sil.
676 2958 732 2993 12,
764 2959 795 2987 6.
849 2957 903 2994 17,
930 2956 1007 2986 443.

220 3003 312 3030 Hom.
339 3004 376 3030 Il.
402 3001 463 3039 22,
491 3002 534 3030 93
556 3012 605 3038 sq.
653 3006 764 3040 Legas
790 3004 884 3032 etiam
911 3005 1007 3032 uber-

219 3047 333 3076 rimam
364 3047 452 3076 illius
484 3050 645 3084 serpentis
675 3050 942 3087 descriptionem,
976 3049 1009 3078 in

1067 1325 1161 1352 quem
1188 1318 1227 1346 ad
1256 1318 1439 1352 Bagradam
1467 1316 1584 1345 flumen
1608 1316 1719 1345 indicit
1743 1317 1862 1352 Reguli

1066 1364 1249 1398 exercitus,
1277 1370 1329 1398 ap.
1354 1363 1411 1391 Sil.
1438 1362 1474 1400 6,
1505 1361 1569 1391 146
1596 1370 1645 1397 sq.

1111 1407 1187 1437 477.
1216 1407 1381 1449 Armiger
1399 1408 1459 1443 (cf.
1479 1407 1530 1444 11,
1544 1406 1607 1443 32)
1624 1411 1693 1436 erat
1707 1408 1859 1445 „Py-frui,

1066 1462 1138 1482 nam
1167 1455 1308 1483 Achillis
1340 1454 1454 1488 auriga
1486 1451 1566 1482 11111ιι
1592 1456 1625 1481 S.
1654 1469 1699 1473 —
1736 1450 1861 1492 Scyria

1063 1498 1170 1539 pubes
1195 1505 1244 1527 est
1270 1500 1437 1528 exercitus
1463 1499 1684 1535 Neoptolemi;
1723 1507 1815 1533 quem
1840 1506 1861 1528 a

1065 1549 1169 1580 Scyro
1204 1545 1265 1581 [cf.
1301 1547 1393 1574 Hom.
1424 1546 1461 1573 Il.
1497 1544 1555 1581 19,
1590 1543 1667 1573 325.
1717 1546 1775 1573 011.
1807 1543 1859 1582 11,

1062 1590 1166 1626 505),
1205 1600 1222 1618 e
1247 1593 1341 1619 domo
1374 1591 1429 1620 avi
1454 1590 1654 1625 Lycomedis
1681 1591 1861 1620 arcessivit

1064 1638 1104 1665 ad
1128 1637 1269 1665 Troiam.
1319 1636 1366 1666 Cf.
1392 1637 1423 1665 7.

1107 1681 1183 1711 478.
1214 1680 1412 1711 Succedunt
1444 1683 1530 1710 tecto
1563 1680 1603 1709 cf.
1641 1683 1692 1710 Gr.
1725 1680 1746 1716 S
1780 1680 1859 1711 293.

1062 1743 1106 1746 ——
1128 1729 1178 1756 Ad
1203 1727 1293 1757 fores
1317 1729 1488 1762 accedunt,
1513 1727 1656 1755 nondum
1674 1728 1758 1755 enim
1778 1735 1858 1762 pos-

1063 1778 1137 1802 sunt
1165 1774 1285 1802 intrare
1311 1778 1339 1802 et
1365 1774 1459 1802 faces
1484 1773 1607 1801 iactant
1633 1773 1653 1801 i.
1680 1777 1709 1801 e'.
1735 1775 1858 1803 multas

1062 1819 1201 1856 iaciunt,
1237 1824 1269 1848 ut
1302 1821 1469 1848 deturbent
1504 1826 1581 1854 eos,
1621 1818 1676 1853 qui
1706 1823 1794 1848 stant
1825 1819 1857 1848 in

1062 1865 1213 1893 culmine.

1106 1909 1183 1939 479.
1210 1912 1245 1938 ln
1264 1910 1374 1938 limine
1391 1917 1512 1945 supero
1534 1914 1562 1938 et
1581 1909 1685 1938 infero
1702 1910 1856 1940 cardines

1062 1956 1180 1984 ianuae
1204 1956 1341 1984 immissi
1366 1960 1441 1984 sunt
1459 1956 1544 1990 apud
1563 1957 1742 1984 Romanos.
1789 1957 1857 1985 Ita-

1062 2010 1124 2036 que
1151 2002 1205 2036 qui
1231 2009 1441 2036 perrumpere
1465 2001 1567 2036 cupit,
1593 2001 1622 2029 is
1644 2001 1757 2030 limina
1780 2009 1857 2037 per-

1061 2048 1195 2083 rumpit,
1235 2052 1268 2075 111
1303 2048 1455 2075 cardines
1495 2048 1698 2084 evellantur,
1739 2048 1855 2076 deinde

1061 2098 1177 2128 postes
1210 2092 1250 2121 cf.
1273 2090 1351 2121 493.
1389 2092 1429 2128 8,
1455 2091 1522 2120 227
1547 2093 1702 2129 percutit,
1730 2095 1854 2122 trahem

1059 2140 1079 2167 1.
1120 2147 1148 2167 0.
1188 2144 1311 2173 partem
1348 2139 1466 2167 ianuae
1504 2138 1626 2167 excidit
1665 2143 1696 2167 et
1734 2140 1855 2168 robora

1059 2185 1167 2220 firma,
1200 2185 1317 2218 quibus
1343 2188 1515 2219 compacta
1539 2189 1588 2212 est
1613 2185 1729 2219 ianua,
1755 2190 1853 2212 cavat

1059 2234 1092 2258 ut
1117 2230 1263 2258 fenestra
1283 2230 1405 2258 oriatur
1421 2230 1551 2258 ianuae.
1601 2230 1665 2258 Sed
1686 2231 1852 2258 retardant

1059 2276 1154 2304 etiam
1180 2284 1266 2305 1111110
1292 2273 1458 2304 claustra.

1104 2320 1181 2349 480.
1206 2318 1400 2360 perrumpit
1431 2336 1476 2339 —
1509 2317 1606 2349 vellit
1636 2335 1681 2339 —-
1710 2318 1852 2350 cavavit

1057 2382 1102 2385 -—
1127 2364 1232 2395 dedit.
1282 2365 1329 2394 Cf.
1352 2364 1427 2394 466.
1473 2367 1586 2400 ltaque
1602 2367 1850 2403 Neoptolemus,

1058 2412 1112 2446 qui
1134 2412 1246 2440 limina
1270 2412 1419 2440 studebat
1444 2419 1652 2446 perrumpere
1678 2415 1709 2440 et
1735 2417 1849 2446 postes

1057 2458 1214 2492 evellere,
1239 2457 1302 2485 iam
1321 2456 1466 2492 perfecit,
1491 2462 1523 2485 111
1542 2458 1708 2486 excideret
1726 2459 1849 2486 trabem

1057 2507 1152 2537 atque
1168 2503 1213 2530 ita
1228 2502 1368 2531 efficeret
1389 2508 1599 2538 prospectum
1615 2504 1647 2532 in
1665 2503 1850 2532 interiorem

1056 2548 1185 2577 aedium
1210 2553 1351 2582 partem;
1385 2550 1443 2577 sed
1467 2550 1610 2578 nondum
1633 2553 1740 2584 potest
1765 2549 1850 2578 irru-

1057 2601 1128 2629 ere,
1164 2594 1319 2623 claustr1s
1345 2600 1509 2629 portarum
1535 2600 1698 2630 retentus,
1731 2595 1848 2629 quihus

1056 2640 1200 2668 effractis
1224 2641 1352 2668 tandem
1387 2645 1415 2668 et
1445 2641 1590 2677 armatis,
1615 2641 1668 2675 qui
1693 2641 1734 2669 ad
1759 2640 1847 2669 fores

1059 2686 1201 2719 oppositi
1239 2691 1347 2723 erant,
1390 2686 1429 2714 cf.
1467 2684 1549 2723 491,
1593 2686 1700 2714 versis
1731 2686 1849 2714 Graeci

1056 2732 1183 2759 domum
1215 2736 1388 2766 occupant.
1422 2748 1466 2751 —-
1500 2733 1583 2760 Plin.
1613 2731 1707 2760 tradit
1738 2733 1776 2760 N.
1807 2732 1846 2760 Η.

1055 2774 1115 2813 34,
1141 2777 1160 2805 7
1191 2778 1317 2813 „Prisci
1341 2778 1450 2806 limina
1476 2778 1570 2806 etiam
1596 2785 1636 2806 ac
1658 2778 1779 2806 valvas
1803 2784 1847 2805 ex

1055 2829 1130 2850 aere
1157 2822 1189 2850 in
1214 2823 1344 2858 templis
1369 2820 1592 2852 factitavere“.
1615 2838 1659 2841 —
1683 2823 1761 2851 Post
1787 2823 1846 2851 ad-

1055 2867 1114 2895 dit:
1163 2869 1292 2900 .,Etiam
1325 2869 1455 2904 privata
1488 2868 1655 2904 opulentia
1686 2875 1725 2896 eo
1749 2868 1845 2896 modo

1054 2918 1214 2947 usurpata
1238 2918 1299 2942 est.
1348 2915 1485 2944 Camillo
1514 2914 1598 2942 inter
1627 2913 1763 2942 crimina
1788 2915 1846 2942 ob-

1053 2958 1128 2986 iecit
1151 2962 1205 2993 Sp.
1233 2960 1397 2989 Carvilius
1423 2962 1596 2996 Quaestor,
1622 2960 1708 2994 quod
1730 2963 1846 2988 aerata

1053 3004 1138 3032 ostia
1164 3006 1297 3033 haberet
1321 3006 1353 3034 in
1379 3003 1510 3034 domo.“

1098 3048 1174 3078 482.
1197 3049 1385 3085 fenestram
1400 3051 1418 3080 i.
1430 3059 1458 3080 e.
1469 3051 1717 3088 aperturam,ita
1727 3048 1757 3087 3,
1773 3048 1843 3078 152.
