2023 3350
599 625 659 681 P.
709 623 999 682 VIRGILII
1044 622 1355 680 MARONIS

433 744 1528 838 AENEIDOS

704 904 884 962 LIBER
940 900 1237 960 SEPTIMUS.

148 1119 213 1180 ysu
255 1153 428 1194 quoque
468 1139 673 1182 litoribus
713 1140 893 1185 nostris,
935 1137 1097 1180 Aeneia
1135 1137 1295 1188 nutrix⁷

150 1198 385 1239 Aeternam
425 1199 615 1240 moriens
650 1197 833 1247 famam,
878 1197 1046 1248 Caieta,

151 1255 209 1296 Et
245 1270 358 1298 nuno
395 1260 540 1298 servat
575 1256 715 1298 honos
753 1255 898 1298 sedem
934 1258 1056 1306 tuus,

151 1313 366 1379 Hesperia
400 1315 445 1356 in
481 1329 656 1369 magna,
695 1314 731 1355 si
771 1327 858 1368 qua
897 1316 962 1355 est

1089 1194 1270 1246 dedisti;

1099 1267 1284 1307 ossaque
1322 1265 1478 1293 nomen

1001 1326 1052 1355 ea
1092 1312 1251 1365 gloiia‚
1292 1310 1448 1364 signat.

152 1372 211 1413 At
246 1372 343 1425 pius
379 1373 594 1428 exsequiis
631 1348 798 1414 Aeneas
836 1372 920 1413 lite
954 1370 1121 1421 solutis,
1784 1377 1806 1414 5

153 1430 323 1484 Aggeie
362 1432 603 1486 composito
640 1430 816 1481 tumuli,

857 1432 1093 1484 postquam
1130 1428 1223 1470 alta
1261 1426 1465 1480 quierunt

153 1488 377 1542 Aequom,
416 1489 556 1532 tendit
595 1489 679 1531 itei
714 1489 818 1530 velis
854 1491 1116 1542 portumque
1152 1485 1371 1539 ielinquit.

153 1546 392 1601 Adspirant
431 1562 564 1590 aurae
597 1548 642 1590 in
681 1551 870 1592 noctem,
911 1560 989 1588 nee
1028 1544 1215 1587 candida
1253 1558 1404 1586 cuisus

152 1604 274 1647 Luna
307 1609 458 1660 negat·

302 1747 439 1779 1—24.
490 1745 609 1779 Circes
635 1744 817 1778 habitatio.

204 1791 233 1823 1.
266 1792 318 1823 'ru
341 1803 475 1835 quoqne
500 1800 627 1830 praeter
644 1795 810 1823 Misenum
835 1792 864 1823 6.
891 1790 957 1821 232

156 1844 185 1869 et
218 1841 410 1870 Palinurum
445 1838 520 1869 35⁴1.
558 1856 596 1860 —
631 1838 778 1873 nostris,
820 1840 957 1869 Italicis.

160 1901 198 1905 —
227 1884 358 1916 nutrix.
405 1887 571 1916 Nutricum
596 1894 736 1923 magnus
764 1887 849 1921 apud
873 1886 959 1914 anti-

157 1940 239 1967 quos
259 1935 359 1961 honos
377 1932 438 1961 fuit
460 1937 490 1961 et
511 1940 631 1968 inagna
648 1940 758 1961 eornm
777 1932 832 1966 qui
849 1932 959 1961 nutriti

158 1982 250 2007 erant
287 1979 319 2007 in
352 1986 408 2007 eas
440 1979 556 2014 pietas.
614 1979 661 2008 Cf.
701 1976 739 2010 4,
780 1976 855 2006 632.
913 1979 960 2006 1)6

160 2024 317 2053 Hebraeis
352 2023 378 2054 1.
402 2027 484 2053 Mos.
509 2023 562 2061 35,
587 2022 619 2053 S.
669 2025 785 2060 „Hanc
809 2025 868 2053 alii
894 2024 961 2052 Ae-

159 2078 252 2107 116116,
281 2071 339 2099 alii
365 2071 520 2104 Creusae,
551 2071 611 2099 alii
636 2070 778 2099 Ascanii
804 2070 962 2099 nutricem

160 2118 285 2146 volunt.
334 2118 469 2149 Lectum
497 2122 604 2146 tamen
638 2121 686 2145 est
718 2116 751 2144 in
778 2116 962 2151 philologis

160 2163 194 2192 in
233 2166 292 2192 hoc
333 2165 401 2192 loco
442 2165 583 2193 classem
625 2162 840 2191 Troianorum
882 2170 961 2191 casu

160 2214 406 2239 concrematam.
450 2210 541 2238 Unde
559 2209 671 2238 Caieta
691 2209 777 2237 (licta
801 2201 875 2236 ἀπὸ
896 2202 962 2236 τοῦ

161 2250 310 2284 καίειν.“
346 2258 378 2284 S.
433 2256 535 2284 Vides
569 2256 721 2290 antiquos
757 2255 855 2284 varia
888 2261 964 2282 nar-

163 2308 275 2335 rasse,
310 2306 340 2330 et
365 2304 479 2331 Strabo
504 2302 653 2331 Formias
679 2304 790 2330 urbem
816 2308 836 2329 a
861 2301 964 2329 Iace-

163 2348 345 2376 daemoniis
370 2349 532 2377 conditam
562 2356 636 2377 esse
669 2348 762 2383 dicit.
796 2347 852 2382 qni
884 2346 964 2374 καῖ-

164 2386 280 2422 εἶπαν
296 2395 537 2423 nominaverint
561 2395 679 2430 sinum,
705 2384 749 2421 τὰ
769 2386 838 2432 γὰρ
861 2389 966 2420 κοῖλα

163 2431 286 2468 πάντα
316 2434 494 2474 καϊιὶττας
528 2435 562 2469 οἱ
587 2434 758 2473 Λάκωνες
786 2445 967 2476 προςαγο-

166 2476 352 2523 ρεύουσιν·
382 2479 470 2514 ἔνιοι
496 2478 526 2514 δ’
531 2479 723 2524 ἐπώνυμον
742 2481 806 2523 τῆς
822 2479 966 2513 Αινείου

165 2526 309 2568 τροφοῦ
334 2524 399 2559 τὸν
424 2523 559 2560 κόλπον
592 2527 705 2570 φασίν
734 2530 770 2567 5,
797 2528 835 2562 3
863 2528 899 2560 6,
933 2538 963 2565 p.

166 2574 243 2605 233.
306 2576 447 2606 Formiis
485 2581 553 2605 erat
589 2578 687 2606 aedes
724 2577 893 2612 Apollinis
935 2580 966 2605 et

167 2622 301 2653 Caietae
325 2624 400 2651 Liv.
426 2620 488 2659 40,
516 2620 546 2651 2.

215 2666 245 2697 2.
278 2666 402 2698 Caieta
433 2668 575 2704 (6116111)
608 2670 686 2697 urbs
723 2672 753 2696 et
784 2671 966 2702 promonto-

167 2715 251 2744 rium
288 2715 319 2743 in
344 2715 432 2744 Latii
467 2719 497 2743 et
529 2714 731 2749 Campaniae
758 2714 887 2745 finibus.
926 2729 964 2733 —

167 2763 271 2790 Multa
296 2762 364 2790 alia
389 2761 541 2794 nomina,
576 2768 659 2795 quae
687 2761 727 2789 ad
754 2761 888 2789 Aeneae
918 2760 969 2788 111-

169 2808 304 2836 storiam
326 2808 360 2836 in
378 2807 477 2836 Italia
495 2807 727 2843 referebantur,
748 2810 843 2841 poeta
860 2806 969 2835 sciens

170 2854 297 2887 omisit.
326 2862 367 2882 ne
392 2854 535 2882 taedium
561 2856 715 2882 moveret.

218 2898 247 2928 3.
274 2901 374 2929 Sedes
393 2903 423 2929 11.
442 2901 463 2928 l.
490 2903 540 2928 est
563 2901 748 2935 sepulcrum
770 2898 809 2927 cf.
835 2897 866 2934 6,
890 2896 968 2927 328.

174 2960 212 2964 ——
245 2943 363 2974 Honos
389 2948 507 2975 servat
534 2943 647 2974 sedem
674 2944 697 2973 i.
724 2953 751 2973 e.
777 2947 890 2980 honos,
916 2944 972 2980 qui

174 2990 305 3020 Caietae
322 2992 485 3029 tribuitur,
511 2999 634 3021 caussa
649 2995 709 3025 est.
732 2994 765 3020 nt
786 2992 970 3026 sepulcrum

175 3041 333 3066 servetur.

499 1605 696 1661 splendet
735 1595 920 1648 tremulo
959 1604 1038 1646 sub
1071 1603 1233 1646 lumine
1267 1606 1438 1658 pontus.

1052 1745 1082 1776 4.
1111 1744 1234 1787 signat
1252 1754 1374 1775 nomen
1392 1754 1492 1775 ossa:
1518 1749 1566 1776 Ex
1588 1750 1718 1777 nornine
1737 1750 1813 1780 loci.

1006 1794 1101 1823 cuins
1131 1801 1209 1822 ossa
1244 1793 1288 1821 ibi
1322 1792 1469 1821 iaceant.
1504 1795 1709 1828 perspicitur
1761 1797 1808 1825 Cf.

1007 1842 1082 1869 Tac.
1117 1842 1221 1868 Germ.
1260 1836 1301 1865 28
1344 1835 1461 1867 tranet
1499 1837 1616 1868 adhuc
1652 1838 1814 1870 Boihemi

1006 1894 1131 1915 nomen
1152 1883 1344 1925 signatque
1365 1881 1432 1912 Ioci
1453 1883 1577 1913 teretis
1596 1885 1812 1916 memoriam.

1007 1935 1044 1961 In
1067 1933 1200 1961 Caietae
1225 1932 1409 1965 sepulcrum
1438 1938 1568 1960 carmen
1593 1931 1665 1961 fecit
1686 1935 1745 1961 Ov.
1765 1936 1807 1962 Μ.

1011 1976 1062 2012 14,
1090 1976 1167 2007 443.
1197 1974 1273 2005 44⁴.
1322 1973 1383 2005 Ld.
1411 1978 1528 2012 recepit
1555 1976 1703 2014 signant
1731 1981 1813 2014 quod

1008 2029 1056 2053 est
1095 2025 1128 2052 in
1161 2025 1254 2062 MPy.
1296 2024 1505 2058 explicatque
1544 2025 1638 2053 deine
1673 2026 1814 2054 Gebeine

1009 2072 1153 2100 driieken
1186 2071 1256 2098 116111
1283 2071 1357 2097 0116
1393 2071 1453 2098 den
1478 2072 1601 2099 Namen
1627 2073 1679 2099 als
1707 2074 1811 2101 Stem-

1010 2118 1062 2152 pel
1093 2116 1159 2145 auf.
1198 2131 1242 2135 —
1283 2117 1404 2151 Magna
1437 2116 1556 2145 dicitur
1588 2118 1749 2152 Hesperia
1784 2116 1814 2151 1,

1011 2160 1094 2197 569,
1133 2165 1165 2190 111
1200 2159 1235 2189 4.
1276 2159 1340 2187 345
1374 2162 1482 2190 Italia.
1518 2178 1554 2181 ——
1593 2162 1633 2190 Si
1667 2172 1736 2202 qua
1765 2166 1815 2193 cst

1012 2217 1053 2237 ea
1077 2205 1208 2249 gloria.
1234 2211 1261 2235 et
1289 2211 1335 2234 est
1361 2214 1481 2240 inagna
1505 2209 1611 2243 gloria
1635 2209 1667 2236 in
1692 2211 1815 2245 Hespe-

1011 2255 1062 2283 ria
1097 2255 1167 2283 loco
1202 2261 1319 2281 nornen
1351 2254 1489 2281 dedisse.
1541 2255 1702 2282 Dubitans
1739 2264 1814 2290 pro-

1012 2301 1098 2335 ponit
1133 2299 1342 2331 sententiam.
1369 2304 1400 2327 ut
1428 2300 1535 2333 inagis
1560 2300 1705 2328 affirmet.
1761 2298 1813 2329 ΡΙ.

1012 2348 1093 2376 delet
1124 2344 1189 2373 t—
1205 2343 1233 2373 4.
1288 2344 1335 2373 Cf.
1361 2352 1444 2379 qnae
1463 2346 1503 2374 ael
1529 2343 1559 2374 6.
1586 2343 1605 2372 S
1630 2346 1715 2375 (licta
1739 2352 1814 2375 sunt

1012 2397 1042 2421 et
1076 2391 1113 2423 6,
1148 2389 1225 2419 901.
1290 2391 1414 2419 Deinde
1454 2400 1487 2419 v.
1524 2389 1565 2418 37
1602 2394 1671 2420 vult
1715 2393 1815 2427 incipi

1012 2440 1147 2469 librum.
1174 2439 1282 2472 itaque
1309 2434 1432 2465 1-36
1460 2438 1613 2466 delendos
1642 2442 1743 2473 putat.

1059 2485 1089 2513 5.
1118 2483 1182 2513 rite
1210 2484 1249 2513 cf.
1277 2483 1314 2513 5.
1347 2481 1400 2512 77.

1061 2529 1091 2559 6.
1119 2537 1258 2570 aggere
1286 2527 1414 2558 tumidi
1440 2529 1478 2559 cf.
1508 2529 1545 2558 5,
1577 2527 1630 2558 52.

1059 2575 1089 2606 7.
1117 2575 1293 2610 Exsequiis
1315 2576 1474 2611 perfectis.
1497 2575 1551 2603 ubi
1574 2576 1713 2610 primuni
1736 2580 1815 2606 tem-

1014 2628 1126 2659 pestas
1161 2622 1333 2658 permittit.
1378 2622 1632 2656 proficiscuntur.
1669 2638 1707 2642 -—
1744 2625 1820 2651 ten-

1016 2668 1097 2698 dcrc
1122 2666 1187 2697 iter
1206 2668 1245 2698 cf.
1272 2665 1296 2700 1,
1325 2666 1402 2696 656.
1425 2683 1462 2687 -
1480 2669 1691 2708 portumque
1712 2666 1819 2698 relin-

1016 2713 1091 2756 quit
1116 2715 1155 2745 cf.
1183 2712 1218 2744 S.
1246 2711 1320 2742 125.

1063 2759 1094 2790 8.
1125 2757 1320 2799 Adspirant
1345 2759 1437 2788 venti
1460 2759 1593 2788 secundi
1617 2759 1656 2789 cf.
1684 2758 1714 2797 2,
1742 2757 1818 2789 385.

1065 2805 1094 2836 9.
1123 2807 1170 2836 Cf.
1187 2806 1287 2835 Enni:
1320 2802 1467 2834 Lumine
1487 2802 1535 2834 sic
1554 2803 1702 2835 tremulo
1724 2808 1820 2835 terra

1019 2854 1051 2883 et
1090 2861 1179 2882 cava
1218 2849 1364 2880 caerula
1396 2848 1557 2880 candent.
1618 2853 1668 2880 Ita
1704 2849 1821 2880 lumen

1018 2896 1206 2929 tremulum
1239 2896 1277 2931 8,
1311 2895 1371 2932 22,
1408 2898 1490 2932 quod
1523 2902 1570 2926 est
1605 2898 1686 2926 solis
1717 2898 1821 2927 radiis

1018 2952 1106 2981 aqua
1130 2948 1218 2974 mota
1243 2943 1456 2979 repercussis.
1506 2945 1565 2973 Ov.
1593 2944 1668 2972 Her.
1691 2939 1746 2981 18,
1775 2941 1819 2972 59

1024 2988 1127 3020 Luna
1154 2989 1232 3028 sere
1266 2986 1452 3019 tremulum
1479 2986 1672 3029 praebebat
1706 2987 1822 3019 lumen

1021 3033 1129 3067 eunti.
1180 3036 1261 3065 Alia
1285 3037 1398 3065 multa.
