2023 3350
699 149 760 180 DE
796 150 1090 185 HEXAMETRO
1116 154 1322 188 VIRGILII.
1742 160 1823 198 647

307 267 370 294 An.
395 264 426 293 2.
475 267 587 301 ltaque
621 274 740 294 versus
758 267 908 297 dimidios
939 278 1002 299 non
1026 270 1116 308 fecit,
1155 273 1270 308 quales
1300 270 1363 302 Hb.
1393 273 1559 304 constituit
1580 282 1644 303 uno
1672 274 1706 303 in
1737 275 1820 303 libro

194 311 274 339 duos
300 328 341 331 —
366 327 409 332 —
437 309 441 349 Ι
472 326 509 331 -—
535 309 781 350 -1-114,
805 313 860 343 53.
889 313 965 345 343.

237 390 273 427 3)
301 387 589 431 hephthemimeri
614 406 654 410 —
682 379 749 419 υἶκ
777 390 780 430 Ι
807 410 849 413 ——
873 383 940 422 υἶ]
967 393 972 435 Ι
999 413 1035 417 -
1056 406 1124 424 uu
1149 395 1153 434 Ι
1184 412 1229 418 -
1255 395 1270 437 11
1290 396 1446 430 sedecies
1462 400 1491 436 1,
1510 398 1586 431 636.
1601 398 1632 437 3,
1648 398 1723 431 316.
1742 398 1819 431 470.

192 447 224 486 4,
249 448 324 480 361,
349 447 424 478 400.
452 446 528 478 516.
566 445 596 485 5,
623 446 698 479 294.
727 448 801 480 792.
837 451 868 490 6,
895 450 948 483 94.
977 452 1007 491 7,
1036 452 1110 485 129.
1136 452 1214 484 248.
1248 454 1324 487 455.
1351 456 1428 488 760.
1457 456 1508 495 10,
1533 455 1610 488 284.
1636 455 1713 488 490.
1742 456 1819 488 876.

302 519 366 547 An.
393 517 425 546 3.
473 517 530 546 Bis
556 519 675 554 legitur
702 535 739 539 —
767 528 835 547 υυ
860 536 902 540 —-
924 531 992 548 υυ
1018 539 1056 543 -
1086 539 1124 544 —-
1149 541 1186 544 —
1217 525 1249 562 5,
1277 522 1353 554 29⁴.
1382 523 1414 563 7,
1440 524 1517 555 248.

304 565 367 592 An.
395 562 425 592 4.
474 565 582 593 semel
604 565 723 601 legitur
748 581 785 585 -
817 579 860 585 -α-
891 582 928 586 —-
956 577 1024 595 υυ
1047 585 1085 589 -
1116 586 1154 590 -
1184 587 1222 591 -
1254 569 1306 609 10,
1332 568 1410 600 490.

311 632 384 662 Iam
414 640 494 662 vero
525 630 576 670 id,
616 631 710 673 quod
743 631 778 663 in
815 632 973 665 versibus
1007 633 1061 667 his
1091 636 1308 669 accurratius
1340 638 1441 670 etiam
1475 642 1625 670 metrum
1659 638 1819 672 observat

188 697 292 729 quam
316 687 352 720 in
377 687 550 730 perfectis,
577 693 616 720 ut
640 693 801 727 metrum,
828 690 924 731 quod
951 691 987 723 in
1015 690 1132 733 plenis
1157 693 1317 726 versibus
1342 704 1411 726 non
1437 700 1616 727 aversatus
1640 700 1710 736 est,
1746 706 1816 728 non

186 745 385 786 admiserit,
411 744 621 778 documento
649 750 763 788 potest
787 757 864 780 esse
890 747 955 781 hos
979 758 1100 781 versus
1126 750 1349 793 imperfectos
1375 760 1470 792 esse,
1503 762 1572 784 non
1597 753 1692 794 quod
1716 757 1818 796 poeta

186 812 257 834 non
283 801 435 844 potuerit
459 812 518 834 eos
545 802 679 845 explere
703 803 764 835 sed
790 804 883 846 quod
911 805 1069 839 noluerit.
1116 806 1167 840 Ac
1194 812 1313 840 nostro
1339 813 1493 852 tempore
1516 809 1585 841 iam
1606 810 1817 843 &Veidnerus

186 869 383 903 propensus
409 864 463 893 est
487 858 530 892 ad
548 869 670 892 versus
697 860 876 901 tutandos,
901 861 963 894 sed
988 863 1149 896 coneedit
1162 864 1347 906 Virgilium
1371 875 1430 898 eos
1454 865 1668 908 expleturum
1694 867 1815 900 fuisse.

186 917 300 950 Aliter
343 917 495 950 defendit
531 916 616 950 Zille
641 918 787 960 (Virgils
812 918 968 952 Aeneide
1007 921 1054 952 im
1088 920 1406 964 Nibelungenmass
1448 922 1624 957 iihersetzt
1661 926 1746 958 1868
1782 935 1814 967 p.

187 974 395 1016 363—385)
436 984 567 1016 eosque
608 974 768 1007 consulto
812 975 936 1009 fecisse
977 982 1116 1020 poetam
1162 978 1396 1018 demonstrat,
1446 981 1540 1022 quod
1582 982 1711 1024 ubique
1746 982 1817 1015 sint

185 1031 370 1074 aptissimi.
418 1031 507 1064 Nolo
533 1031 608 1063 eius
635 1036 789 1074 repetere
812 1039 1032 1075 argumenta,
1074 1035 1108 1068 id
1134 1046 1278 1077 mone0‚
1310 1037 1345 1069 in
1370 1037 1521 1080 singulis
1551 1048 1632 1071 eum
1656 1038 1816 1072 versibus

186 1088 372 1121 consilium
401 1092 434 1120 ct
471 1092 579 1120 artem
614 1094 737 1132 poetae
771 1091 955 1124 ostendere
983 1094 1250 1135 apertissimam.
1301 1096 1372 1127 Iam
1405 1105 1514 1137 quum
1536 1096 1579 1129 ad
1603 1095 1692 1128 Zillii
1715 1106 1815 1138 argu—

185 1151 301 1178 menta
326 1145 469 1178 accedat
490 1146 590 1178 metri
613 1146 713 1185 ratio,
740 1159 806 1191 qua
832 1149 1051 1183 hemistichia
1076 1156 1219 1193 apparet
1242 1152 1340 1184 aliter
1365 1162 1441 1185 esse
1467 1153 1674 1196 composita,
1710 1163 1814 1197 quam

184 1213 306 1237 versus
336 1203 479 1246 plenos,
518 1204 553 1236 in
583 1214 621 1236 ea
652 1216 731 1238 sum
767 1207 959 1244 sententia,
998 1212 1037 1239 ut
1061 1208 1220 1241 consulto
1252 1213 1371 1251 putem
1398 1210 1581 1252 Virgilium
1612 1221 1671 1243 eos
1695 1220 1816 1244 versus

183 1261 369 1294 admisisse
400 1265 576 1294 ettamen
610 1262 848 1303 dubitantem,
887 1273 929 1296 an
972 1264 1133 1306 explendi
1175 1270 1310 1305 essent,
1352 1272 1386 1299 et
1427 1266 1608 1300 hominum
1646 1268 1815 1301 iudicium

182 1323 460 1362 exspectantem;
505 1330 574 1353 non
604 1325 690 1363 puto
722 1331 782 1354 eos
806 1321 1030 1364 imperfectos
1053 1331 1132 1354 eum
1157 1322 1355 1365 reliquisse,
1387 1324 1482 1366 quod
1507 1325 1626 1358 statim
1650 1325 1816 1368 perficere

182 1388 253 1410 non
282 1378 465 1421 potuisset.

772 1474 804 1507 S.
831 1471 862 1501 5.
910 1473 958 1500 De
983 1475 1246 1502 homoeoteleuto,

297 1542 340 1573 Ut
362 1538 455 1580 apud
482 1548 546 1570 nos
574 1548 642 1569 non
668 1537 759 1569 solet
785 1537 940 1580 probari,
969 1538 998 1570 si
1022 1543 1158 1581 praeter
1182 1539 1276 1581 leges
1304 1539 1395 1572 idem
1422 1549 1534 1573 sonus
1562 1541 1728 1584 recursit,
1768 1542 1815 1573 ita

180 1599 275 1643 apud
302 1599 498 1635 Romanos,
542 1595 602 1637 qui
628 1594 662 1627 in
693 1605 857 1628 versuum
887 1595 1057 1629 clausulis
1083 1597 1161 1629 soni
1194 1597 1463 1630 similitudinem
1496 1608 1566 1631 non
1594 1598 1817 1640 quaerebant,

180 1656 268 1689 tales
295 1664 417 1688 versus
446 1653 507 1697 qui
533 1653 655 1686 cadem
682 1653 790 1686 clausi
815 1653 1063 1686 terminatione
1091 1653 1177 1686 alter
1199 1653 1348 1686 alterum
1382 1655 1576 1698 excipiunt,
1618 1666 1695 1688 raro
1720 1665 1815 1698 repe-

181 1715 331 1747 riuntur.
380 1713 436 1745 Sic
461 1711 497 1743 in
522 1710 678 1744 Aeneide
702 1730 745 1733 —-
769 1713 862 1742 etatis
891 1712 917 1750 Ι,
944 1712 1020 1743 319.
1048 1711 1101 1742 20.
1128 1730 1170 1733 ἡ
1197 1715 1313 1743 etitem
1337 1713 1401 1752 ΙΙΙ,
1428 1713 1505 1747 656.
1532 1715 1561 1746 7.
1597 1714 1656 1753 Vl,
1681 1713 1759 1745 844.
1783 1714 1813 1744 5.

182 1773 278 1810 VIII,
305 1771 382 1803 640.
412 1770 438 1801 1.
466 1789 511 1792 —
536 1770 619 1801 ebat
642 1770 668 1807 Ι,
694 1769 772 1800 622.
800 1769 830 1800 5.
857 1768 887 1800 6.
916 1768 980 1806 IV,
1006 1768 1082 1801 331.
1109 1770 1139 1799 2.
1170 1769 1243 1802 189.
1270 1769 1325 1801 90.
1351 1788 1393 1791 ἡ
1421 1770 1529 1801 ebant
1552 1771 1592 1809 V,
1619 1771 1696 1802 385.
1723 1771 1753 1802 6.
1772 1789 1813 1792 —

182 1830 273 1861 nbat
293 1829 351 1866 lv,
378 1828 455 1859 256.
481 1827 512 1859 7.
540 1828 679 1867 (versus
704 1826 889 1869 suspecti.)
916 1844 959 1848 —
985 1827 1070 1856 atm-
1095 1826 1143 1864 X,
1170 1826 1245 1858 804.
1273 1827 1303 1858 5.
1329 1845 1372 1850 —
1389 1826 1530 1867 suisset
1556 1827 1649 1867 VIII,
1680 1827 1756 1859 397.
1783 1828 1813 1859 δ’.

180 1906 224 1910 --
250 1895 405 1928 usquam
432 1884 532 1923 VIII,
559 1885 635 1916 568.
658 1884 688 1916 s),
730 1903 773 1906 -—
814 1883 967 1915 Helenor
992 1883 1063 1921 lx,
1101 1884 1177 1915 544.
1212 1884 1241 1916 5.
1280 1901 1324 1906 —
1363 1894 1457 1925 qnae
1481 1895 1657 1917 maoenma
1677 1894 1814 1926 semper

180 1946 275 1983 Vlll,
303 1944 379 1976 271.
407 1943 437 1975 2.
487 1943 526 1974 In
552 1941 731 1974 vocabulis
758 1940 914 1983 repetitis
940 1940 992 1973 vis
1018 1940 1176 1982 quaesita
1203 1945 1272 1979 est;
1313 1941 1349 1972 in
1376 1941 1520 1984 syllabis
1544 1941 1648 1975 etiam
1672 1945 1814 1983 praesto

181 2006 235 2035 est.
261 2005 320 2034 aut
346 1999 528 2042 explicatio
553 2004 613 2031 aut
633 1999 818 2031 excusatio.

297 2059 351 2090 Fit
388 2058 509 2095 etiam,
563 2060 602 2088 ut
645 2055 766 2088 eodem
808 2056 844 2087 in
880 2065 980 2088 versu
1017 2056 1142 2088 similis
1178 2065 1288 2088 sonus
1326 2060 1516 2098 repetatur,
1561 2066 1813 2097 nonnunquam

182 2116 381 2159 quaesitus,
422 2119 461 2147 ut
484 2114 523 2146 E.
556 2114 648 2152 VIII,
674 2114 716 2145 80
745 2112 869 2145 Limus
898 2116 940 2145 ut
963 2114 1020 2144 ln'c
1044 2113 1222 2153 durescit,
1274 2117 1310 2144 et
1343 2114 1430 2145 haec
1459 2117 1500 2146 ut
1525 2124 1606 2145 cera
1638 2113 1812 2155 liquescit.

181 2176 292 2216 Saepe
318 2177 409 2206 recta
440 2170 724 2214 pronuntiatione
758 2170 967 2203 obscuratur
998 2170 1081 2202 haec
1111 2171 1189 2202 soni
1212 2170 1425 2211 similitudo,
1466 2171 1559 2212 quod
1583 2171 1669 2203 scite
1695 2175 1815 2203 monet

181 2231 428 2264 Lachmannus
462 2229 505 2262 ad
537 2231 638 2272 Prop.
673 2231 703 2268 I,
739 2230 795 2268 18,
829 2229 858 2261 5.
909 2228 964 2260 Sic
994 2227 1034 2260 Α.
1058 2229 1157 2266 VIII,
1189 2228 1254 2259 649
1283 2228 1393 2260 Illum
1424 2227 1632 2270 indigndnli
1661 2228 1811 2259 similem

180 2289 402 2331 similemque
429 2287 594 2320 mindaii.
646 2288 686 2327 Χ,
714 2287 779 2319 554
810 2285 900 2318 Tum
932 2288 1045 2327 capnt
1077 2282 1219 2317 orzinlv's
1250 2286 1490 2328 nequidquam
1523 2288 1559 2317 ef
1590 2285 1709 2316 multa
1743 2295 1812 2326 pa-

182 2346 312 2380 rantis.
361 2346 402 2379 G.
430 2347 497 2385 111,
531 2347 592 2378 411
628 2342 893 2387 Tfillentemque
928 2345 1045 2376 <ruinas
1079 2347 1116 2375 et
1146 2343 1293 2375 caerula
1327 2343 1420 2375 colla
1448 2341 1654 2374 mundatem.
1703 2341 1813 2374 Aliter

182 2406 247 2443 ΙΙΙ,
272 2405 337 2436 549
377 2414 515 2435 cornua
557 2401 763 2435 ve'luta'rnm
790 2402 1006 2434 obvertimus
1040 2400 1306 2433 antemna'rmn.
1355 2401 1416 2433 Ov.
1442 2401 1491 2433 M.
1515 2400 1612 2433 XIII.
1639 2401 1704 2431 550
1728 2398 1811 2431 Non

182 2462 296 2494 oblita
320 2458 537 2501 αηιίηόναηι,
566 2458 747 2492 annornm
773 2460 884 2492 oblita
907 2455 1068 2492 suorum.
1117 2460 1195 2492 Huc
1220 2459 1372 2501 pertinet
1403 2459 1504 2491 etiam
1539 2456 1812 2500 epanadiplosis,

182 2528 270 2561 quae
295 2523 349 2552 est
372 2523 561 2550 memorata
584 2518 626 2550 ad
651 2520 708 2556 xl,
733 2518 808 2551 358.

297 2576 451 2608 Omnino
475 2581 590 2609 autem
618 2586 655 2608 ex
689 2576 842 2609 hominis
875 2581 927 2608 est
961 2580 1084 2607 natura
1114 2574 1191 2607 soni
1220 2574 1452 2606 similitudine
1484 2582 1646 2615 quaerere
1669 2572 1812 2614 aliquod

182 2644 340 2671 acumen.
367 2639 406 2666 ut
435 2634 537 2666 etiam
563 2634 599 2665 in
626 2635 670 2666 iis
696 2635 839 2677 linguis⁷
866 2635 899 2666 in
925 2633 1056 2675 quibus
1077 2641 1276 2665 consonans
1294 2641 1457 2664 iersuum
1483 2630 1637 2663 clausula
1655 2639 1725 2662 non
1748 2634 1811 2671 est,

180 2691 390 2731 inveniatur,
415 2692 465 2724 sic
493 2691 594 2724 etiam
620 2692 714 2735 apud
742 2692 927 2734 Virgilium
955 2691 997 2724 cf.
1025 2692 1067 2729 X,
1093 2690 1169 2723 735.

911 2782 1007 2815 CAP.
1042 2784 1084 2814 ΙΙ.

848 2845 880 2880 §-
906 2843 937 2871 6.
987 2844 1033 2872 De
1056 2843 1156 2871 hiatu.

301 2900 428 2933 Hiatus
453 2905 507 2932 est
530 2898 621 2940 apud
651 2899 834 2939 Virgilium

299 2958 347 2997 A)
373 2958 407 2990 in
434 2956 503 2989 arsi
529 2962 563 2988 et
584 2955 726 2997 quidem
751 2956 786 2987 in
814 2956 901 2999 pede
929 2954 1105 2993 secundm
1131 2955 1252 2993 tert-io,
1280 2957 1421 2995 quarto,
1447 2953 1580 2994 quinto.

325 3015 370 3047 11.
414 3015 478 3051 111,
505 3013 570 3045 696
595 3012 637 3044 Sz'
652 3022 771 3054 perca,
800 3012 804 3053 Ι
831 3014 1014 3044 hominum
1037 3011 1202 3042 manibus
1224 3012 1372 3052 periisse
1394 3011 1544 3044 iuvabit.

414 3071 454 3104 G.
481 3071 508 3111 1,
535 3070 555 3102 4
579 3069 637 3102 Sit
656 3071 800 3112 pecorz‘3
828 3068 833 3110 1
859 3070 985 3113 apibus
1010 3071 1150 3110 quanta
1174 3070 1395 3110 nasserientz'a
1421 3068 1544 3101 doctis.
