2044 3329
220 92 274 132 28

786 94 824 127 P.
850 94 1047 127 VIRGILII
1073 94 1285 129 MARONIS

218 203 360 246 Corda
385 204 554 247 volente
585 204 682 257 deo,
707 205 750 246 in
777 206 925 259 primis
954 207 1102 260 regina
1129 209 1319 262 quietum

217 262 384 316 Accipit
411 263 455 303 in
480 263 664 304 Teucros
691 263 878 304 animum
906 268 1175 318 mentemque
1198 266 1437 321 benignam.

331 320 387 360 At
419 320 514 373 pius
542 321 724 371 Aeneas,
755 334 833 372 per
860 324 1027 362 noctem
1051 323 1235 374 plurima
1259 325 1443 377 volvens,

1770 325 1853 366 305

216 377 274 417 Ut
299 377 483 429 primum
507 377 580 418 lux
605 377 718 418 alma
745 377 848 418 data
876 381 957 429 est,
982 379 1097 420 exire
1121 380 1324 434 locosque

215 434 454 487 Explorare
480 448 629 485 nox'OS,
656 447 763 486 quas
791 438 916 476 vento
944 437 1173 479 accesserit
1203 452 1312 490 oras,

215 491 296 541 Qui
325 494 515 542 teneant,
541 505 639 531 nam
663 491 825 532 inculta
851 491 985 543 videt,
1011 492 1273 548 hominesne,
1298 497 1481 549 feraene,

214 549 428 598 Quaerere
453 548 674 589 constituit
705 549 917 602 sociisque
942 554 1094 592 exacta
1117 552 1286 595 referre.

214 606 404 647 Classem
432 605 476 646 in
506 619 691 647 convexo
716 620 938 648 nemorum
971 607 1049 649 sub
1078 623 1184 663 rupe
1213 614 1365 652 cavata

1768 613 1852 653 310

211 662 451 704 Arboribus
483 662 672 704 clausam
701 663 863 705 circum
895 668 1024 718 atque
1050 665 1325 710 horrentibus
1349 667 1513 710 umbris

213 720 402 771 Occulit;
431 720 523 773 ipse
547 734 632 762 uno
664 721 862 774 graditur
893 723 1122 764 comitatus
1150 725 1328 778 Achate,

211 777 321 818 Bina
345 791 474 818 manu
503 778 593 819 lato
620 779 812 832 crispans
837 779 1013 821 hastilia
1041 780 1168 822 ferro.

211 835 289 876 Cui
318 837 457 876 mater
481 835 622 877 media
650 850 742 878 sese
769 837 870 879 tulit
901 837 1026 879 obvia
1054 838 1173 890 silva,

210 892 400 945 Virginis
427 906 474 934 os
497 893 778 948 habitumque
810 909 958 949 gerens
992 899 1034 937 et
1061 896 1237 950 virginis
1268 909 1400 948 arma,

1768 899 1849 939 315

210 950 466 1004 Spartanae,
493 952 559 993 vel
584 952 723 1005 qualis
749 966 879 1006 equos
903 953 1102 995 Threissa
1132 953 1289 1008 fatigat

208 1008 452 1062 Harpalyce
480 1010 780 1064 volucremque
803 1010 907 1065 fuga
931 1012 1220 1065 praevertitur
1244 1010 1445 1053 Hebrum.

256 1103 331 1134 303.
358 1106 418 1134 His
440 1105 550 1135 verbis
573 1110 646 1140 apte
664 1110 810 1134 movetur
829 1114 933 1135 rerunt
953 1115 1006 1135 se-

208 1152 373 1186 quentium
404 1151 611 1186 exspectatio.
664 1148 716 1180 Pl.
751 1154 791 1180 al)
825 1149 1007 1192 inprimis

207 1211 253 1217 —
282 1195 471 1237 benignam
498 1200 532 1226 ut
556 1197 692 1226 humilia
715 1198 806 1226 delet.

208 1274 414 1306 305—335.
463 1273 600 1307 Aeneas
632 1278 756 1307 terram
790 1274 1003 1316 incognitam

325 1320 509 1362 explorans
537 1319 660 1353 obvius
686 1320 723 1352 fit
748 1321 883 1353 Veneri.

255 1378 330 1408 305.
355 1388 417 1419 per
442 1382 572 1409 noctem
607 1381 644 1410 cf.
679 1378 753 1409 662.
782 1397 819 1400 -
847 1378 1002 1420 plurima

206 1424 359 1455 volvem.
408 1428 458 1455 Ita
482 1428 575 1455 Lucr.
604 1425 640 1459 6,
667 1424 707 1454 33
739 1424 876 1455 volvere
901 1435 1001 1455 cura-

206 1479 280 1499 rum
306 1471 439 1511 fluctus
471 1469 580 1507 dixit,
612 1472 650 1501 cf.
688 1470 741 1500 50.
791 1473 1002 1507 participium

206 1522 312 1546 autem
337 1518 517 1553 praesentis
549 1521 578 1546 li.
611 1520 632 1546 l.
659 1522 688 1546 et
715 1520 794 1546 Sall.
821 1520 888 1553 Ing.
919 1516 999 1546 113:

207 1560 304 1592 Haec
336 1561 484 1592 Maurus
520 1571 631 1592 secum
664 1560 737 1602 ipse
770 1561 830 1592 diu
862 1561 1001 1593 volvens

206 1607 346 1638 tandem
379 1606 540 1650 promisit
570 1613 598 1637 et
632 1610 747 1644 ubique
780 1618 842 1638 non
873 1610 1002 1644 perfecti

206 1660 252 1683 est
279 1657 357 1686 loco.
386 1657 441 1684 sed
464 1663 525 1684 sua
547 1660 593 1684 est
615 1655 660 1687 vi.
685 1663 748 1689 qua
769 1656 887 1685 indicat
908 1657 1000 1690 idem,

204 1703 288 1736 quod
313 1706 360 1730 est
389 1702 552 1730 enuntiato
580 1701 749 1736 primario,
778 1706 902 1736 tempus
928 1710 1001 1730 esse

203 1748 275 1776 eius
300 1748 357 1779 rei,
383 1755 465 1783 quae
490 1747 657 1782 participio
681 1747 887 1776 contineatur.
934 1750 1000 1775 Ita-

203 1803 265 1829 que
288 1798 353 1823 est:
380 1802 481 1832 quum
503 1790 651 1822 volveret
670 1801 732 1831 per
749 1795 891 1829 noctem,
921 1802 1000 1821 con-

203 1838 329 1869 stitnit.
378 1842 427 1869 Ita
444 1840 573 1874 explica
593 1836 622 1872 2,
641 1837 716 1867 550.
756 1837 786 1875 8,
814 1837 883 1867 158.
926 1839 997 1867 Liv.

203 1884 256 1919 42,
274 1884 334 1914 513:
374 1883 566 1921 Lucretius,
590 1881 787 1913 Chalcidem
809 1882 999 1913 adveniens

204 1940 309 1971 quum
341 1928 498 1960 audisset
531 1935 587 1959 etc.
626 1927 703 1967 (als
739 1938 774 1958 cr
804 1927 857 1958 bei
889 1928 1000 1958 seiner

204 1974 365 2015 Aukunft
392 1974 523 2015 horte).
573 1975 639 2004 Cic.
666 1977 760 2005 Tusc.
787 1973 824 2011 2,
849 1973 909 2010 25,
938 1973 996 2004 61:

202 2031 304 2062 quum
353 2019 511 2050 Rhodum
558 2019 702 2050 venisset
750 2019 917 2050 decedens
958 2030 998 2050 ex

206 2066 310 2108 Syria
346 2064 437 2104 (auf
474 2064 584 2095 seiner
623 2064 723 2095 Reise
756 2076 819 2095 nus
850 2064 996 2106 Syrien)

201 2120 258 2143 etc.
309 2114 355 2142 Cf.
383 2116 434 2141 Gr.
461 2113 482 2148 g
507 2110 590 2147 444,
616 2113 679 2141 An.
710 2110 735 2140 1.

249 2158 323 2188 306.
356 2158 456 2187 Alma
484 2163 517 2187 ut
548 2155 602 2195 11,
638 2156 697 2186 182
731 2164 917 2193 perpetuum
949 2164 994 2187 est

200 2207 285 2236 lucis
309 2206 488 2240 epitheton,
523 2208 555 2233 ut
588 2201 660 2232 dies
686 2201 800 2232 almus
825 2205 939 2233 dicitur
965 2205 994 2241 5,

200 2249 253 2281 64.
302 2253 368 2281 Ecl.
395 2249 432 2283 8,
458 2248 508 2278 17.
559 2252 631 2279 Lux
656 2250 741 2278 enim
768 2251 876 2280 omnia
901 2251 995 2285 quasi

199 2299 268 2327 alit.
311 2313 347 2317 —-
385 2294 476 2326 locos
507 2304 633 2324 nouos:
670 2305 714 2325 sc.
749 2297 889 2325 Aeneae.
946 2299 993 2325 Ita

199 2341 292 2373 locos
324 2352 429 2371 noros
460 2346 573 2376 poetae
603 2342 766 2370 dixerunt.
808 2347 838 2370 ut
870 2343 993 2370 Ennius

198 2397 249 2424 ap.
277 2389 342 2418 Cic.
369 2390 407 2417 de
427 2388 502 2416 Div.
532 2385 562 2416 l.
589 2386 647 2418 20,
672 2395 709 2416 ea
732 2389 822 2416 loca.
849 2396 930 2422 quae
954 2389 993 2422 is,

198 2437 235 2464 de
260 2443 320 2469 quo
345 2442 448 2463 sermo
471 2437 533 2469 est,
569 2435 707 2461 nondum
728 2433 815 2461 adiit.
865 2436 913 2461 lta
940 2441 990 2469 ap.

199 2483 257 2510 0v.
285 2483 326 2508 Μ.
363 2479 398 2515 3,
433 2477 498 2507 520
531 2476 630 2507 Liber
661 2487 771 2507 novus
803 2479 934 2514 dicitur,
972 2470 991 2508 ὁ

197 2521 323 2555 νεωστὶ
343 2521 482 2563 δαίμων
505 2533 555 2559 ap.
573 2525 756 2559 Euripidem
775 2525 892 2553 Bacch.
916 2522 991 2559 219,

197 2572 252 2607 qui
276 2571 436 2599 Thebanis
462 2572 602 2599 nondum
625 2576 690 2599 erat
716 2571 862 2606 cognitus
885 2571 974 2599 deus.

246 2614 319 2644 307.
349 2619 447 2645 vento
471 2625 515 2645 sc.
543 2621 634 2645 actus
659 2617 697 2645 cf.
725 2614 799 2644 333.

245 2660 319 2689 308.
347 2659 480 2690 inculta
516 2659 749 2693 (unbebautes
776 2659 913 2699 Laud).
950 2677 987 2681 —

201 2704 254 2736 Ne
281 2722 318 2726 —-
346 2715 387 2735 ne
417 2707 461 2734 ita
495 2706 531 2736 2.
565 2705 639 2736 73³.
678 2707 714 2737 5.
742 2705 793 2735 95.
820 2705 896 2735 703.
939 2705 989 2741 12,

197 2749 260 2780 321
289 2753 320 2780 iu
346 2753 591 2788 interrogatione
616 2753 734 2788 duplici
758 2762 821 2781 non
841 2753 990 2788 bipartita

195 2799 235 2828 cf.
265 2800 315 2826 Gr.
342 2798 363 2831 §⁵
390 2795 472 2830 419,
497 2795 533 2831 4,
562 2797 591 2826 4.

242 2842 318 2871 309.
347 2841 496 2878 Exacta,
515 2851 597 2876 quae
611 2847 820 2879 explorasset.
860 2845 989 2873 Primus

194 2891 323 2919 videtur
338 2889 462 2917 dixisse
475 2889 546 2922 vgt.
563 2890 600 2917 cf.
616 2892 700 2918 Suet.
720 2891 812 2919 Caes.
831 2888 871 2918 ⁴⁷
893 2887 988 2918 Mor-

194 2933 396 2977 garitarum
418 2931 556 2973 poncius
578 2943 641 2962 sua
668 2944 773 2964 manu
800 2933 950 2975 erigere.

241 2978 315 3009 310.
344 2982 389 3009 De
424 2981 493 3008 loco
524 2988 584 3013 quo
618 2988 720 3009 naves
747 2982 911 3010 abscondit
947 2981 985 3009 cf.

195 3023 260 3055 162
272 3034 318 3062 sq.
337 3028 374 3055 de
388 3030 550 3055 structura
561 3034 710 3056 convexo
722 3035 899 3057 nemorum
911 3025 986 3056 422.

1100 1105 1174 1136 312.
1208 1105 1401 1136 Comitatus
1427 1110 1458 1135 ut
1483 1114 1533 1141 ap.
1556 1106 1622 1135 Cic.
1646 1106 1715 1135 Cat.
1744 1103 1782 1143 2,
1809 1103 1848 1134 2:

1054 1150 1145 1192 quod
1174 1162 1214 1182 ex
1242 1151 1324 1182 urbe
1352 1160 1478 1192 parum
1506 1149 1690 1181 comitatus
1715 1149 1848 1188 exierit,

1051 1200 1257 1234 participium
1279 1198 1418 1235 passivi,
1443 1206 1541 1232 quum
1561 1194 1705 1227 comitor
1727 1198 1767 1226 sit
1793 1199 1848 1226 de—

1051 1253 1183 1279 ponens.
1246 1245 1325 1273 Alia
1358 1253 1390 1273 v.
1429 1245 1470 1272 ad
1502 1242 1539 1281 2,
1579 1240 1654 1272 422.
1709 1244 1848 1273 ovidius

1051 1296 1156 1320 tamen
1181 1294 1259 1320 haec
1291 1293 1402 1319 habet:
1454 1286 1603 1330 Ingenio
1629 1291 1743 1318 tamen
1773 1286 1848 1329 ipse

1050 1345 1124 1366 mco
1168 1335 1377 1376 comitorque
1408 1334 1579 1374 fruorque
1611 1335 1707 1363 Trist.
1743 1332 1779 1372 3,
1815 1333 1846 1372 7,

1050 1381 1109 1419 47,
1144 1388 1172 1412 et
1209 1379 1400 1411 Pirithoum
1434 1378 1584 1409 Theseus
1610 1377 1760 1420 Stygias
1792 1389 1846 1409 co—

1049 1427 1186 1458 mitari!
1210 1425 1256 1457 ad
1280 1425 1396 1456 unctas
1423 1428 1478 1461 Ep.
1507 1435 1548 1455 ex
1567 1428 1657 1454 Pont.
1683 1424 1713 1464 2,
1736 1424 1767 1463 3,
1791 1425 1844 1456 43.

1055 1472 1248 1504 Comitatus
1265 1482 1335 1503 cum
1354 1473 1498 1502 ablativo
1519 1473 1589 1500 sine
1610 1473 1846 1507 praepositione

1049 1528 1087 1554 α,
1119 1521 1300 1554 hominum,
1333 1519 1387 1554 qui
1420 1527 1483 1546 non
1509 1525 1569 1547 sua
1595 1519 1763 1547 voluntate
1785 1520 1845 1547 du-

1049 1571 1164 1595 cuntur
1189 1568 1243 1595 sed
1268 1566 1380 1594 aliena
1402 1565 1519 1600 legitur
1539 1562 1571 1601 2,
1596 1562 1672 1592 580.
1712 1562 1844 1601 10,186

1048 1612 1085 1642 cf.
1115 1614 1164 1641 Gr.
1195 1613 1216 1646 ς
1244 1610 1326 1647 325,
1352 1608 1381 1639 2.

1093 1667 1169 1697 313.
1195 1671 1280 1697 Idem
1304 1677 1335 1697 v.
1364 1665 1423 1703 12,
1457 1665 1529 1696 165.
1561 1683 1598 1686 —
1625 1663 1719 1696 bina.
1767 1667 1844 1696 Dis-

1047 1715 1235 1744 tributivum
1260 1723 1314 1749 pro
1341 1714 1511 1748 cardinali,
1535 1717 1569 1742 ut
1592 1713 1728 1750 videtur,
1754 1714 1842 1748 posi—

1047 1765 1113 1789 tum
1145 1761 1182 1790 cf.
1209 1761 1246 1795 5,
1281 1758 1357 1788 560.
1394 1775 1431 1779 —-
1469 1755 1614 1787 hastilia
1645 1755 1718 1787 lato
1740 1758 1842 1796 Jerro

1046 1807 1084 1836 cf.
1109 1805 1144 1840 9,
1170 1806 1223 1835 50.
1255 1822 1292 1825 —
1325 1803 1492 1845 Crispons
1517 1809 1565 1833 est
1589 1808 1764 1839 poetarum.

1092 1860 1167 1891 314.
1194 1870 1229 1891 se
1253 1860 1333 1891 tulit
1361 1859 1472 1890 obvio.
1526 1859 1570 1889 Se
1593 1859 1690 1898 ferre
1715 1870 1772 1896 pro
1795 1862 1842 1890 ire

1049 1907 1077 1945 1,
1102 1907 1177 1936 503.
1211 1906 1239 1941 2,
1268 1906 1342 1936 456.
1372 1906 1401 1942 3,
1425 1905 1500 1935 599.
1526 1904 1556 1940 7,
1585 1904 1660 1935 492.
1704 1915 1841 1947 magna

1045 1962 1080 1982 se
1105 1952 1192 1982 mole
1211 1952 1350 1992 ferebat
1375 1951 1412 1988 8,
1448 1950 1520 1981 199.
1570 1955 1619 1981 Ita
1648 1960 1683 1981 se
1714 1950 1842 1992 offerre

1044 1999 1081 2031 3,
1112 1998 1185 2028 310.
1236 2008 1270 2028 sc
1293 1998 1450 2038 perferre
1471 2008 1502 2027 v.
1531 1996 1606 2027 389.
1655 2006 1690 2027 se
1711 1995 1842 2033 inferre

1043 2055 1075 2074 v.
1100 2044 1174 2074 439.
1219 2043 1253 2078 4,
1285 2043 1356 2073 142.
1399 2042 1454 2072 10.
1478 2042 1554 2072 576.
1604 2052 1638 2072 se
1664 2041 1785 2083 efferre
1807 2041 1839 2081 7,

1044 2089 1118 2120 420.
1145 2089 1220 2119 536.
1259 2089 1296 2128 S,
1325 2088 1399 2119 till.
1451 2087 1508 2122 12,
1536 2087 1611 2118 -1-11.
1661 2087 1780 2118 obvius
1804 2098 1840 2118 se

1044 2135 1167 2166 obtulit
1206 2135 1263 2171 10,
1303 2135 1378 2165 552.
1442 2137 1478 2164 In
1510 2143 1605 2170 prosa
1636 2143 1671 2164 se
1701 2132 1837 2163 obviam

1038 2182 1146 2221 ferre.
1177 2199 1213 2202 —
1236 2185 1332 2212 Recte
1357 2187 1462 2211 autem
1478 2182 1599 2215 Venus,
1624 2188 1706 2215 quae
1723 2188 1743 2210 a
1759 2183 1837 2210 Iove

1041 2230 1203 2258 auxilium
1231 2230 1404 2265 petiverat,
1438 2231 1510 2256 acta
1534 2235 1642 2256 amore
1666 2227 1738 2259 filii,
1765 2228 1838 2262 ipsa

1040 2279 1132 2310 parat
1157 2275 1238 2303 ferre
1262 2283 1362 2310 opem.
1422 2270 1473 2302 Pl.
1501 2273 1582 2302 coni.
1616 2281 1687 2301 sese
1712 2270 1837 2302 obtulit

1041 2318 1152 2350 obt-ia.
1262 2326 1266 2330 ⁴

1087 2374 1162 2405 315.
1197 2373 1355 2416 Virginis
1379 2376 1487 2404 habuit
1512 2379 1678 2404 externam
1701 2376 1834 2405 sormam

1038 2427 1067 2452 et
1092 2424 1262 2455 vestitum,
1295 2427 1323 2450 et
1345 2422 1484 2456 virginis
1506 2429 1613 2454 arma,
1646 2422 1758 2456 qualia
1780 2430 1835 2457 ge-

1039 2477 1108 2497 rere
1128 2470 1229 2497 solent
1251 2471 1428 2502 Spartanae
1451 2469 1502 2496 vel
1523 2468 1704 2496 Threissae.
1757 2464 1833 2496 J‘ir-

1039 2512 1137 2553 ginis
1162 2515 1355 2543 vocabulam
1379 2514 1582 2547 repetendum
1613 2518 1698 2550 erat,
1732 2522 1770 2541 ne
1796 2522 1833 2542 os

1039 2560 1134 2588 etiam
1152 2561 1191 2588 ad
1211 2559 1410 2598 Spartanae
1433 2561 1621 2587 traheretur.
1644 2575 1681 2578 —
1701 2560 1832 2594 Sparta-

1038 2612 1098 2633 nas
1130 2606 1292 2639 virgines.
1325 2612 1407 2639 quae
1440 2605 1472 2633 in
1503 2605 1673 2641 gymnasio
1702 2613 1832 2633 exerce-

1037 2654 1171 2686 bantur,
1206 2660 1306 2685 neque
1332 2654 1442 2679 robore
1467 2655 1495 2678 et
1523 2651 1668 2687 agilitate
1689 2651 1831 2684 corporis

1038 2698 1211 2725 iuvenibus
1250 2699 1348 2726 multo
1384 2697 1550 2724 inferiores
1587 2701 1692 2727 erant.
1733 2696 1831 2724 etiam

1036 2743 1211 2771 venatibus
1246 2750 1374 2778 operam
1415 2743 1541 2770 dedisse
1581 2742 1690 2771 nescio
1728 2742 1829 2771 alium

1037 2789 1091 2823 qui
1117 2793 1263 2821 testetur:
1296 2795 1490 2823 quamquam
1524 2789 1649 2817 credere
1679 2796 1739 2815 non
1773 2790 1829 2815 ab·

1036 2836 1166 2863 surdum
1198 2839 1255 2862 est.
1310 2835 1407 2868 Apud
1447 2841 1544 2862 unum
1575 2833 1723 2861 servium
1761 2838 1827 2862 est:

1035 2882 1173 2914 ..Sparta

1038 2922 1089 2953 ΡΙ.
1117 2926 1196 2953 coni.
1230 2922 1390 2954 Numinis
1416 2921 1474 2953 os!

1080 2979 1155 3010 3105.
1183 2979 1298 3020 qualis
1320 2978 1459 3021 fatigat
1484 2980 1522 3009 (·1“.
1548 2978 1586 3015 3,
1614 2978 1688 3009 6-11.

1079 3025 1154 3056 317.
1183 3024 1386 3068 Harpalyce
1422 3027 1581 3056 Thracum
1617 3027 1704 3064 regis
1744 3029 1826 3057 Har-

1269 2881 1320 2907 ubi
1351 2884 1423 2907 sunt
1455 2880 1582 2913 puellae
1612 2878 1827 2908 venatrices‘·‘.

1577 2921 1635 2952 scd
1666 2922 1828 2965 virginis.
