2023 3350
715 114 948 149 AENEIDOS
978 117 1062 149 LIB.
1090 118 1116 148 Ι.

96 229 250 282 Ingens
285 231 509 282 argentum
547 229 719 279 mensis,
765 229 1015 284 caelataque
1048 231 1091 271 in
1128 243 1234 272 auro

1652 232 1734 270 (540

97 287 245 328 Fortia
282 287 400 328 faeta
435 290 628 339 patrum,
668 286 797 328 series
832 286 1081 341 longissima
1116 302 1258 329 rerum

96 344 177 385 Per
214 347 280 385 tot
315 344 445 386 ducta
481 344 595 385 viros
629 344 835 397 antiquae
867 344 921 386 ab
955 346 1116 399 origine
1154 346 1303 399 gentis.

211 402 375 443 Aeneas
409 427 464 432 -—
497 416 635 455 neque
669 402 779 443 enim
813 403 979 456 patrius
1013 403 1245 445 consistere
1278 404 1463 443 mentem

96 459 252 501 Passus
285 473 407 501 amor
440 485 496 490 —-
531 460 730 514 rapidum
767 460 823 501 ad
859 475 988 502 naves
1024 461 1263 515 praemittit
1300 459 1502 504 Achaten,

95 518 280 559 Ascanio
316 517 429 558 ferat
457 517 579 569 haec,
621 518 847 572 ipsumque
879 518 935 560 acl
966 519 1136 560 moenia
1167 519 1317 570 ducat3

1651 519 1732 556 6423

97 574 243 616 Omnis
277 575 321 616 in
351 575 536 617 Ascanio
571 576 661 617 cari
693 579 781 617 stat
814 590 917 618 cura
950 577 1153 631 parentis.

95 633 275 674 Munera
308 637 549 686 praeterea,
592 634 735 675 Iliacis
770 638 919 688 erepta
952 635 1098 685 ruinis,

94 691 223 732 Ferre
252 691 389 742 iubet,
427 691 587 744 pallam
623 692 753 745 signis
786 706 977 746 auroque
1009 692 1217 745 rigentem

95 749 150 790 Et
181 749 506 790 circumtextum
543 763 696 791 croceo
729 749 920 791 velamen
949 750 1145 801 acantho,

95 806 281 847 Ornatus
314 808 497 860 Argivae
533 807 737 858 Helenae,
779 821 885 861 quos
920 808 996 849 illa
1029 807 1229 861 Mycenis,

1651 806 1732 844 (5:30

94 864 303 917 Pergama
342 879 469 918 quum
507 869 672 919 peteret
706 866 1059 919 inconcessosque
1094 864 1373 918 Hymenaeos,

94 922 341 971 Extulerat,
382 923 533 964 matris
572 923 715 964 Ledae
752 922 949 964 mirabile
988 923 1157 963 donum.

95 980 325 1022 Praeterea
356 984 587 1034 sceptrum,
626 981 761 1022 Ilione
798 980 914 1033 quod
951 983 1142 1033 gesserat
1179 978 1290 1024 olim,

94 1037 283 1080 Maxima
320 1043 519 1080 natarum
550 1039 729 1089 Priami,
772 1037 968 1090 colloque
1000 1036 1157 1078 monile

93 1161 123 1185 et
143 1155 173 1192 S,
197 1154 268 1185 181.
290 1172 327 1176 —
358 1154 474 1185 Vestes
498 1161 571 1184 sunt
595 1153 741 1191 Deci-en,
762 1161 889 1191 straga·
934 1153 1083 1195 rapidus
1106 1156 1224 1183 aestus
1241 1154 1279 1182 V.
1296 1155 1330 1181 Ε.
1353 1150 1384 1186 2,
1412 1149 1470 1182 to:
1497 1151 1569 1178 inde
1586 1147 1735 1190 rapidus

94 1205 161 1235 lae:
193 1203 237 1231 ita
267 1203 334 1231 Cat.
362 1203 465 1236 Epith.
494 1201 546 1230 50.
582 1202 646 1230 Cic.
673 1203 756 1230 Phil.
782 1200 811 1233 2,
836 1201 889 1234 27,

93 1249 226 1283 saepius
251 1249 347 1277 etiam
375 1250 482 1277 vestes
507 1245 693 1288 stragulae
716 1249 831 1277 dictae.
858 1253 889 1277 ut

940 1199 1001 1230 Sol
1027 1203 1062 1229 G.
1098 1198 1131 1233 1,
1165 1197 1217 1228 92.
1262 1197 1297 1230 2.
1330 1195 1406 1226 321.
1452 1199 1510 1225 ΟΥ.
1538 1197 1610 1224 Am.
1643 1194 1677 1231 3,
1705 1194 1734 1229 6,

937 1246 1012 1276 106.
1062 1243 1209 1286 rapidus
1243 1241 1358 1273 Sirius
1388 1245 1426 1272 V.
1456 1245 1490 1271 G.
1516 1240 1553 1271 4.
1581 1240 1656 1271 425.
1695 1257 1732 1262 —

92 1295 186 1323 Tusc.
215 1294 247 1328 5,
273 1292 325 1322 21.
361 1309 398 1313 -
434 1292 517 1322 Arte
544 1290 725 1322 laboratae
757 1294 803 1322 ita
829 1295 888 1322 Ov.
933 1301 1086 1334 praem.,
1109 1290 1208 1329 ferat
1232 1290 1270 1320 cf.
1297 1288 1334 1326 8,
1361 1288 1437 1318 505.

92 1342 133 1368 M.
154 1338 183 1372 3,
210 1337 272 1368 158
300 1342 438 1368 antrum
462 1342 537 1368 arte
559 1336 754 1368 laboratam
776 1337 889 1368 nulla.

95 1401 132 1405 --
161 1383 358 1425 superbum,
384 1386 595 1421 splendidum,
621 1386 659 1415 cs.
685 1383 714 1419 2,
734 1384 808 1414 504.
846 1388 892 1414 De

92 1432 212 1460 talibus
241 1432 389 1460 vestibus
413 1431 451 1461 cf.
479 1430 509 1467 3,
536 1429 611 1459 453.
645 1447 681 1450 ——
716 1432 762 1460 De
790 1432 891 1460 nomi-

92 1479 203 1507 nativo
225 1478 262 1507 cf.
292 1476 322 1511 2,
347 1475 421 1506 170.

138 1533 213 1563 640.
244 1532 374 1575 Ingens
398 1535 584 1576 argentum
620 1539 666 1563 est
694 1542 811 1569 magna
839 1544 891 1563 co—

92 1581 147 1615 pia
176 1588 329 1610 vasorum
363 1586 601 1617 argenteorum.
642 1582 689 1610 sic
715 1580 745 1615 3,
772 1579 836 1609 466
863 1585 891 1609 et

93 1627 127 1655 C.
154 1628 245 1656 Verr.
270 1624 301 1664 4,
326 1625 355 1656 4.
399 1643 435 1647 —
481 1628 597 1656 Omnes
627 1627 797 1663 Tyriorum
839 1635 891 1655 res

92 1677 201 1709 gestae
226 1674 369 1709 conspici
396 1677 539 1708 poterant
567 1673 599 1701 in
624 1673 760 1702 caelatis
786 1673 891 1708 operi-

92 1722 167 1753 bus;
192 1720 236 1747 ita
261 1720 416 1756 stragulis
441 1727 520 1748 auro
547 1719 640 1754 pictis
666 1719 696 1747 in
721 1720 891 1754 Epithala-

91 1765 153 1793 mio
178 1766 300 1794 Catulli
323 1766 490 1795 Ariadnae
512 1773 562 1794 res
588 1765 736 1801 signatae
759 1770 842 1794 sunt.

137 1819 211 1851 64⁶2.
241 1819 418 1862 Antiquae
439 1820 524 1863 Wg.
541 1827 568 1851 et
588 1819 643 1851 le.
669 1831 705 1851 se
729 1831 770 1851 ex
796 1829 889 1857 prae-

91 1868 301 1898 stantioribus
325 1869 418 1897 libris
442 1869 605 1903 recepisse
631 1868 801 1904 affirmant,
828 1877 891 1897 an-

92 1911 192 1952 tiqua
213 1912 279 1943 11η.
299 1915 330 1942 in
347 1917 410 1953 Μγ.
428 1915 505 1943 aliis
530 1915 641 1943 multis
667 1915 775 1943 inesse
793 1918 891 1943 testa-

92 1963 150 1988 tur.
203 1958 262 1989 nb.
286 1958 452 1999 antiquae
475 1961 507 1988 in
526 1961 607 1999 MPy
631 1958 778 2000 antiqua
808 1961 840 1989 in
864 1961 891 1988 R

91 2006 155 2042 legi
169 2007 244 2035 dicit
262 2006 357 2040 idque
373 2006 500 2040 recepit.
524 2007 590 2039 Quo
612 2007 679 2034 loco
699 2010 730 2034 ut
747 2007 892 2041 pluribus

94 2056 182 2086 potes
208 2053 326 2085 videre,
352 2060 392 2079 ne
415 2060 499 2080 nunc
523 2052 648 2085 quidem
676 2053 713 2079 de
739 2052 892 2080 librorum

92 2098 254 2132 scriptura
274 2098 390 2132 ubique
409 2097 490 2125 satis
511 2101 666 2126 constare.
716 2098 891 2132 Utrumque

93 2146 211 2172 bonum
239 2148 303 2173 est:
343 2144 433 2178 prius
469 2143 633 2177 antiquam
664 2152 737 2171 esse
768 2148 893 2176 gente-111

92 2190 228 2220 indicat.
260 2191 395 2219 alterum
430 2189 529 2223 nihil,
564 2197 603 2216 ne
629 2189 892 2223 antiquissimum

91 2236 236 2270 quidem,
291 2244 333 2264 ex
375 2235 445 2263 eius
494 2235 598 2269 gentis
642 2235 778 2263 historia
821 2243 893 2263 esse

91 2282 265 2314 omissum:
299 2286 405 2310 tamen
437 2281 528 2316 prius
558 2281 632 2308 huic
664 2283 733 2309 loco
768 2281 894 2309 videtur

92 2336 167 2356 esse
192 2328 310 2363 aptius.

147 2416 334 2447 643—56.
384 2414 521 2447 Aeneas
548 2413 659 2446 tilium
685 2413 841 2446 arcessit.

139 2483 214 2514 6-13.
247 2483 458 2521 Consistere,
492 2486 702 2521 tranquillum
734 2492 823 2519 esse,
855 2484 894 2512 cf.

97 2533 164 2561 Cic.
192 2532 275 2560 Phil.
302 2529 337 2567 2,
363 2529 424 2568 28,
456 2530 498 2559 fis
530 2530 576 2560 'I'e
601 2539 710 2571 neque
740 2527 896 2571 vigilan-

93 2581 172 2615 tem,
198 2585 309 2616 neque
334 2574 368 2605 in
391 2575 520 2606 somnis
540 2574 641 2606 credo
662 2584 764 2616 posse
782 2577 895 2605 mente

92 2620 289 2653 consistere.

140 2677 216 2709 644.
249 2677 463 2715 Praemittit,
493 2684 666 2714 antequam
688 2679 824 2708 Didonis
849 2680 896 2708 le-

95 2727 161 2764 gati
178 2728 218 2755 ad
228 2726 410 2755 Ascanium
424 2729 556 2761 possent
570 2725 740 2760 pervenire
753 2729 783 2754 et
795 2732 896 2764 prae-

93 2770 201 2802 mittit
224 2769 403 2811 rapidum,
429 2776 463 2800 ut
489 2772 622 2806 rapidus
646 2775 697 2800 eat
719 2770 758 2800 cf.
785 2768 815 2804 4,
840 2768 894 2798 22.

98 2815 262 2857 Rapidus
291 2817 405 2847 dicitur
435 2818 473 2845 de
497 2817 595 2846 celeri
621 2817 768 2851 incessu;
805 2820 839 2845 ut
863 2813 894 2853 7,

99 2862 160 2893 156
185 2860 306 2903 rapidi
332 2871 481 2903 passus3
506 2864 551 2891 ita
577 2863 724 2892 homines
749 2863 895 2892 celeriter

95 2910 313 2947 ingredientes
334 2906 455 2949 rapidi
475 2909 622 2938 dicuntur
651 2906 702 2943 11,
728 2906 803 2936 906.
842 2905 895 2942 12,

95 2954 157 2992 813
203 2953 338 2992 fulmen
380 2952 542 2995 rapidum
588 2953 622 2991 1,
653 2951 705 2983 42.
764 2955 817 2983 Sic
854 2953 894 2983 ef.

95 3009 219 3041 rapere
255 2999 349 3030 viam
378 3000 414 3037 6,
448 2999 478 3029 8.
528 3002 604 3029 Inde
636 3001 764 3029 omnino
797 3003 896 3029 vehe-

94 3056 202 3085 mens,
234 3051 268 3076 ut
293 3045 422 3087 rapida
442 3044 594 3086 flamma
619 3047 678 3076 0v.
702 3048 744 3074 M.
769 3044 806 3083 2,
830 3043 895 3074 123

987 1348 1062 1378 645.
1091 1346 1205 1386 Haec,
1232 1355 1313 1383 quae
1338 1346 1512 1377 evenerint.

986 1405 1060 1435 648.
1093 1403 1196 1435 Palla
1226 1405 1334 1440 qualis
1375 1406 1414 1433 sit
1449 1404 1570 1437 vestis,
1609 1402 1647 1430 cf.
1686 1400 1734 1436 tt,

939 1451 1015 1482 576.
1054 1469 1090 1472 —
1126 1454 1194 1480 Non
1228 1452 1403 1485 mirabere,
1445 1451 1527 1484 quod
1558 1449 1630 1485 Vgl.
1671 1450 1734 1477 talt-

939 1500 1070 1528 Aeneae
1095 1500 1211 1527 donum
1242 1497 1383 1526 finxerit.
1415 1496 1444 1524 si
1473 1500 1619 1524 senatum
1651 1494 1732 1522 idem

939 1547 1078 1574 donasse
1098 1543 1213 1578 legeris
1234 1551 1285 1578 ap.
1304 1544 1376 1571 Liv.
1399 1540 1451 1578 27,
1479 1540 1516 1569 4:
1567 1542 1735 1570 ..Alexan-

939 1592 1042 1620 driam
1063 1592 1103 1619 ad
1122 1591 1339 1618 Ptolemaeum
1358 1590 1622 1622 cleopatramque
1643 1595 1734 1622 reges

939 1638 1036 1673 legati
1073 1638 1112 1665 ad
1150 1636 1461 1665 commemorandum
1500 1634 1734 1662 renovandam·

939 1693 999 1719 que
1039 1683 1216 1712 amicitiam
1260 1682 1353 1711 missi
1393 1682 1476 1708 «lona
1514 1681 1632 1715 tulere,
1668 1678 1735 1712 regi

938 1735 1042 1764 togam
1074 1734 1101 1757 et
1137 1728 1279 1757 tunicam
1318 1733 1509 1762 purpuream
1543 1733 1613 1754 cum
1652 1726 1733 1753 sella

937 1779 1095 1807 eburnea,
1122 1774 1253 1808 reginae
1274 1775 1397 1808 pallam
1422 1773 1538 1807 pictam
1559 1779 1629 1799 cum
1652 1771 1734 1799 ami-

939 1824 1010 1852 culo
1035 1819 1226 1856 purpureo.·‘
1247 1835 1283 1839 ——
1306 1816 1421 1858 signis
1443 1825 1598 1857 auroque
1617 1814 1734 1856 rigen-

940 1871 1019 1898 tem.
1046 1867 1176 1895 intextis
1203 1874 1309 1894 rerum
1334 1865 1444 1893 formis
1470 1873 1510 1892 ex
1535 1871 1614 1892 auro
1639 1862 1677 1891 cf.
1704 1871 1733 1890 v.

940 1912 992 1942 61.
1042 1913 1154 1941 Simile
1179 1910 1230 1944 11,
1254 1909 1296 1939 72
1326 1913 1435 1939 vestes
1454 1916 1608 1949 auroque
1628 1910 1736 1937 osta-‹r-

940 1968 1003 1999 qne
1030 1957 1194 1999 rigente&
1236 1973 1271 1976 —
1306 1956 1402 1995 ferre
1434 1953 1525 1985 iubet
1558 1963 1602 1983 sc.
1629 1955 1736 1983 Asca-

939 2006 1029 2034 nium
1055 2005 1092 2034 cf.
1120 2002 1158 2040 2,
1184 2002 1212 2031 3.

985 2060 1059 2090 649.
1095 2059 1257 2090 Velamen
1293 2064 1491 2095 praetextum
1522 2064 1569 2087 est
1607 2058 1735 2087 acanthi

940 2108 1027 2136 foliis
1051 2115 1139 2136 oram
1161 2107 1385 2136 ambientibus
1436 2106 1607 2134 Acanthus
1629 2109 1735 2133 autem

940 2154 973 2181 in
1013 2158 1226 2186 craterarum,
1274 2154 1495 2181 columnarum
1535 2151 1737 2184 aliarumque

941 2207 1045 2227 rerum
1078 2203 1191 2227 ornatu
1223 2198 1341 2227 nobilis
1375 2198 1413 2226 cf.
1440 2199 1474 2224 E.
1504 2195 1540 2231 3,
1574 2194 1626 2224 45.
1676 2197 1734 2223 Ov.

941 2247 982 2272 Μ.
1021 2242 1077 2273 13.
1117 2241 1193 2271 701.
1230 2259 1266 2263 -—
1302 2244 1348 2271 De
1382 2250 1491 2271 croceo
1524 2243 1557 2270 in
1591 2242 1738 2270 vestibus

941 2292 1045 2319 colore
1069 2289 1108 2318 cf.
1139 2287 1194 2323 11,
1222 2287 1298 2316 775.

989 2345 1063 2375 650.
1098 2347 1226 2383 Argiva
1275 2346 1395 2374 Helena
1456 2352 1506 2379 ap.
1565 2345 1736 2372 Homerum

940 2386 1070 2431 Ἀργείη
1101 2385 1239 2430 Ἑλένης
1280 2392 1335 2419 sed
1369 2391 1452 2425 quod
1482 2390 1630 2425 Mycenis
1667 2396 1735 2417 eam

943 2438 1129 2474 profugisse
1153 2438 1268 2467 dicitur
1291 2437 1329 2466 cf.
1355 2434 1393 2465 2.
1426 2433 1501 2463 577.
1550 2437 1654 2464 Multa.
1678 2442 1738 2464 au-

945 2490 1005 2513 tem
1032 2485 1128 2513 simul
1153 2484 1295 2519 pretiosa
1318 2483 1510 2512 abstulerat.
1535 2488 1617 2516 quae
1639 2481 1735 2510 simul

944 2539 1015 2559 cum
1050 2531 1174 2559 Helena
1208 2531 1388 2564 repetebant
1415 2528 1537 2556 Achivi
1577 2527 1615 2556 cf.
1644 2528 1735 2555 Hom.

943 2579 981 2605 Il.
1011 2574 1047 2611 3,
1081 2573 1134 2604 70.
1170 2592 1207 2595 —
1250 2575 1428 2612 &ceptrum
1463 2574 1601 2602 feminae
1630 2574 1738 2609 regiae

944 2622 1070 2659 insigne
1090 2624 1163 2651 Eur.
1179 2622 1290 2650 Troad.
1312 2618 1386 2648 180.
1425 2621 1504 2649 Stat.
1518 2620 1614 2648 Theb.
1635 2617 1665 2654 6,
1682 2616 1735 2647 81.

991 2677 1065 2707 653.
1092 2679 1193 2707 Ilione
1227 2685 1328 2713 „uxor
1353 2677 1587 2712 Polymestoris
1620 2676 1679 2711 (cf.
1708 2675 1738 2708 3,

945 2723 1008 2761 Δ19)
1039 2725 1114 2761 fuit,
1149 2731 1232 2759 quae
1263 2728 1333 2759 post
1363 2727 1490 2757 captum
1515 2723 1611 2752 Ilium
1637 2723 1739 2752 eiecta

945 2779 965 2800 a
986 2771 1067 2806 viro,
1082 2777 1178 2799 manu
1199 2777 1261 2798 sua
1285 2767 1436 2798 interiit.“
1457 2771 1487 2797 S.
1536 2769 1658 2798 Hiones
1681 2777 1739 2797 no-

943 2818 1029 2846 mine
1063 2816 1159 2846 Accii
1190 2816 1303 2850 aliqua
1339 2815 1493 2850 inscripta
1521 2819 1589 2844 erat
1617 2815 1737 2844 fabula.

989 2860 1065 2891 654.
1096 2859 1252 2890 Maxima
1283 2860 1320 2889 cf.
1346 2859 1422 2889 521.
1471 2877 1508 2880 —
1551 2862 1597 2889 De
1629 2861 1738 2890 dativo

943 2906 1032 2937 callo
1062 2908 1100 2936 cf.
1132 2904 1207 2935 429.
1251 2922 1288 2925 —
1334 2903 1505 2936 Bacatum
1537 2904 1664 2935 monile
1694 2907 1739 2935 ita

945 2955 1003 2982 Sil.
1029 2952 1059 2990 8,
1084 2950 1158 2981 134.
1207 2953 1314 2981 Bacas
1343 2955 1381 2981 ob
1407 2953 1528 2981 formae
1553 2953 1739 2981 similitudi-

943 3009 1015 3029 nem
1044 2999 1238 3035 margaritas
1260 2998 1324 3028 dici
1348 3006 1442 3033 posse
1465 2999 1560 3028 facile
1583 2999 1739 3034 intelligi-

944 3051 1010 3079 tur,
1044 3053 1145 3080 neque
1178 3048 1284 3073 tamen
1315 3044 1479 3080 dicuntur,
1511 3044 1577 3072 nisi
1608 3044 1740 3073 aliunde
