2023 3350
279 74 362 113 544

276 187 479 239 Ingravat
512 184 617 227 haec
648 200 798 228 saevus
837 190 1046 242 Drances,
1086 193 1308 248 solumque
1347 196 1489 238 vocari

856 78 890 110 P.
916 78 1110 113 VIRGILII
1140 81 1351 116 MARONJS

1827 200 1910 241 220

277 244 494 291 Testatur,
533 243 672 284 solum
711 245 829 297 posci
862 247 907 287 in
942 250 1180 291 certamina
1219 251 1418 294 Turnum.

278 299 416 340 Multa
452 299 579 340 simul
624 306 775 342 contra
814 304 944 345 variis
978 307 1191 361 sententia
1224 308 1349 351 dictis

276 357 359 397 Pro
398 356 561 408 Turno;
608 362 651 399 et
683 373 883 413 magnum
919 363 1090 416 reginae
1122 378 1273 407 nomen
1311 367 1581 421 obrumbrat;

277 413 414 454 Multa
447 414 584 455 virum
613 417 776 458 meritis
816 422 1028 461 sustentat
1063 420 1179 463 fama
1215 425 1415 477 tropaeis.

389 470 480 511 Hos
517 472 629 513 inter
661 478 821 527 motus,
860 477 1000 518 medio
1037 478 1081 519 in
1121 478 1331 533 flagrante
1368 483 1567 534 tumultu,

274 528 386 569 Ecce
418 543 544 582 super
583 532 735 573 maesti
772 547 929 587 magna
968 536 1188 577 Diomedis
1230 537 1284 579 ab
1323 538 1428 581 urbe

1829 485 1914 525 225

272 586 424 638 Legati
463 600 668 641 responsa
706 589 871 632 ferunt:
911 592 1018 634 nihil
1055 594 1250 636 omnibus
1284 599 1427 637 actum

275 643 511 684 Tantorum
549 645 750 699 impensis
787 662 983 702 operum3
1017 651 1077 691 nil
1115 651 1244 703 (lona,
1281 667 1416 707 neque
1457 667 1620 705 aurum,

270 701 358 741 Nec
391 715 568 755 magnas
603 704 786 746 valuisse
824 720 991 760 preces3
1021 708 1107 748 alia
1142 723 1262 750 arma
1290 711 1453 752 Latinis

275 758 545 811 Quaerenda,
582 766 658 802 aut
696 775 846 815 pacem
883 764 1066 806 Troiano
1102 766 1156 808 ab
1194 781 1292 820 rege
1331 768 1572 822 petendum.

274 816 429 857 Deficit
467 818 629 871 ingenti
664 818 784 860 luctu
820 834 895 862 rex
933 822 1024 876 ipse
1063 823 1252 865 Latinus.

272 873 467 915 Fatalem
500 878 672 917 Aenean
706 878 931 920 manifesto
972 881 1143 922 numine
1176 881 1291 933 ferri,

272 931 487 973 Admonet
524 933 591 974 ira
627 933 769 986 deum,
804 937 1044 991 tumulique
1083 942 1182 980 ante
1218 953 1295 981 ora
1333 942 1538 981 recentes.

273 989 387 1042 Ergo
425 990 651 1032 concilium
692 1007 911 1046 magnum,
951 995 1198 1050 primosque
1239 1011 1413 1039 suorum

271 1046 458 1100 Imperio
496 1049 678 1101 accitos,
722 1050 814 1091 alta
847 1052 963 1093 intra
999 1053 1149 1094 limina
1188 1055 1316 1108 cogit.

274 1103 358 1145 Olli
394 1118 644 1157 convenere,
686 1106 908 1162 fluuntque
946 1109 1000 1151 ad
1037 1112 1159 1165 regia
1197 1112 1334 1165 plenis

271 1161 402 1203 Tecta
438 1163 528 1204 viis.

589 1164 716 1206 Sedet
744 1165 788 1207 in
828 1167 978 1208 mediis
1013 1172 1056 1209 et
1088 1170 1299 1211 maximus
1333 1181 1436 1210 aevo

271 1220 327 1261 Et
356 1220 519 1274 primus
553 1222 751 1276 sceptris,
793 1223 907 1266 haud
942 1224 1060 1268 laeta
1097 1227 1256 1279 fronte,
1289 1227 1480 1268 Latinus.

319 1393 394 1424 220.
420 1393 592 1437 ingravat
617 1399 793 1435 „maiorem
813 1400 973 1430 invidiam
990 1410 1066 1431 con-

272 1441 371 1470 citat“
398 1444 430 1470 s:

319 1485 394 1515 221.
421 1489 591 1516 testatur:
619 1489 829 1523 „testificatur
853 1491 950 1520 etiam
977 1492 1068 1527 lega-

271 1537 374 1561 torum
397 1533 502 1569 fidem,
528 1534 582 1568 qui
611 1543 683 1563 cum
714 1544 749 1564 eo
775 1536 938 1565 fuerunt*
965 1539 997 1565 S.
1026 1553 1064 1556 —

272 1579 344 1607 Alii
367 1586 387 1607 a
404 1580 505 1607 Turni
532 1584 621 1614 parte
644 1586 746 1614 stant,
774 1582 825 1610 cui
848 1582 959 1611 favent
982 1583 1068 1619 regi-

271 1632 334 1653 nae
357 1632 446 1653 amor
470 1630 501 1654 et
526 1626 630 1660 ipsius
652 1627 783 1663 egregia
804 1627 900 1657 faeta.

319 1690 393 1720 223.
423 1689 601 1722 obumbrat
638 1699 779 1731 ‚,tuetur;
820 1698 989 1726 translatio
1027 1699 1068 1726 ab

268 1736 460 1766 arboribus⁶
486 1740 516 1765 S.
544 1739 581 1767 cf.
607 1740 681 1769 Liv.
713 1739 744 1777 7,
774 1739 814 1769 30
843 1740 962 1782 itaque
994 1751 1069 1772 um—

269 1781 331 1812 bra
356 1780 464 1812 vestri
487 1782 635 1822 ausilii,
672 1783 839 1822 Romani,
885 1786 960 1828 tegi
988 1797 1069 1828 pos-

269 1837 397 1857 sumus.
427 1825 479 1857 Pl.
496 1830 595 1858 coni.:
627 1828 743 1860 Multa
762 1830 873 1861 virum
895 1842 921 1862 c.
942 1843 972 1862 v.
989 1844 1015 1866 s.
1035 1833 1068 1863 d.

273 1871 311 1903 P.
342 1872 379 1903 T.
401 1878 432 1902 et
460 1872 575 1904 Multa
604 1874 708 1905 simul
732 1886 776 1906 m.
801 1887 826 1906 ε.
846 1878 879 1916 f.
904 1881 927 1908 t.
962 1880 1066 1908 Cuius

267 1921 470 1949 coniecturae
496 1920 740 1952 fundamentum
759 1925 948 1961 subiicitur,
983 1928 1066 1961 quod

269 1975 301 1995 v.
333 1965 397 1995 224
436 1967 469 1994 in
504 1969 547 1995 Μ.
585 1973 632 1997 est
671 1967 775 1998 simul
814 1975 991 2000 correctum
1031 1972 1066 2001 in

268 2020 393 2042 varum.

269 2101 462 2133 225—242:
508 2102 627 2144 Legati
659 2102 702 2134 ad
726 2103 933 2136 Diomedem
964 2105 1064 2137 missi

592 2169 749 2202 redeunt.

314 2239 390 2269 226.
415 2248 513 2277 „ecce
544 2241 604 2276 [cf.
638 2241 675 2277 2,
712 2240 776 2278 57)
807 2250 910 2282 super
941 2243 1001 2277 (cf.
1033 2241 1064 2281 7,

269 2284 356 2323 462)
379 2287 512 2322 insuper
543 2289 584 2316 ad
608 2289 859 2317 cumulationem
893 2291 1062 2318 malorum.

267 2331 393 2361 maesti
419 2335 477 2362 hoc
501 2341 648 2362 sermone
678 2342 732 2362 eos
762 2335 845 2362 ninii
874 2336 982 2371 egisse
1015 2336 1062 2364 si-

267 2379 428 2414 gnificat*
451 2381 483 2406 S.
511 2394 550 2398 —-
580 2388 732 2420 magna:
757 2381 911 2416 „Legitur
935 2386 965 2410 et
987 2389 1061 2410 ma-

267 2422 370 2464 gui-‘⁴
395 2426 427 2452 S.
474 2425 509 2452 Id
539 2425 638 2453 etiam
667 2433 730 2453 non
765 2427 860 2460 pauci
880 2429 960 2455 Mss.
1010 2427 1058 2456 Cf.

266 2472 299 2506 es,
323 2468 354 2507 9,
379 2470 434 2504 qui
456 2471 547 2499 loeus
564 2470 689 2498 firmare
714 2471 850 2500 videtur.
898 2474 959 2501 Sed
985 2481 1060 2501 ma·-

267 2513 332 2555 gni
364 2516 508 2544 relicitur
541 2518 578 2544 ob
603 2524 729 2545 sonum.
780 2517 899 2546 Deinde
923 2526 1060 2558 magna

268 2558 350 2589 urbe
372 2562 496 2590 dixisse
519 2562 662 2597 videtur,
702 2567 735 2590 ut
767 2570 919 2599 magnum
949 2566 988 2592 ab
1020 2572 1060 2593 ea

265 2607 428 2636 auxilium
451 2608 633 2642 exspectari
656 2608 861 2644 significaret.

313 2663 389 2693 228.
416 2667 524 2700 Neque
548 2665 638 2693 donis
671 2673 773 2700 neque
805 2667 953 2700 precibus
982 2667 1058 2695 Dio-

266 2712 389 2740 medem
421 2713 461 2739 ad
494 2711 605 2740 foedus
635 2716 745 2740 contra
769 2712 916 2741 Aeneam
944 2713 1059 2741 ineun-

265 2758 340 2785 dum
360 2757 491 2791 perduci
515 2757 668 2792 potuisse.

312 2801 387 2831 2³0.
409 2810 529 2842 pacem
555 2800 743 2842 petendum
768 2801 864 2833 M2bc
897 2804 943 2832 ita
967 2806 1059 2833 Serv.

267 2851 381 2877 Donat.
404 2849 606 2877 Rufinianus.
632 2864 676 2867 Η
698 2847 885 2888 petendam
911 2847 1059 2888 MlPRy,

264 2896 297 2923 in
338 2902 435 2929 quam
482 2895 674 2929 scripturam
720 2899 833 2930 sponte
878 2896 1061 2925 incurrebat

267 2943 423 2969 calamus.
472 2941 667 2969 Gerundium
699 2942 731 2969 in
758 2949 813 2969 um
841 2942 921 2977 regit
945 2948 1058 2970 casum

269 2987 355 3014 verbi
374 2988 427 3014 vel
451 2988 535 3021 apud
552 2987 748 3016 Ciceronem.
775 2987 828 3016 sic
847 2987 880 3024 6,
900 2985 976 3023 719,
1004 2988 1056 3016 ubi

1114 1412 1133 1433 a
1159 1403 1313 1440 gerundia
1334 1402 1449 1437 pendet
1472 1399 1651 1429 infinitivus
1677 1407 1750 1429 cum
1770 1407 1909 1429 accusa-

1114 1450 1192 1479 tivo.
1234 1449 1273 1478 cf.
1302 1451 1355 1478 Gr.
1380 1449 1412 1483 §.
1432 1445 1508 1483 439,
1535 1445 1565 1474 4.

1161 1515 1237 1546 231.
1265 1525 1323 1546 reoe
1348 1514 1421 1556 ipse
1447 1513 1564 1555 deficit
1592 1513 1704 1545 luctu.-
1726 1516 1815 1544 luctu
1838 1522 1909 1549 per-

1114 1566 1260 1592 turbatus
1293 1567 1379 1592 caret
1409 1562 1546 1591 consilio
1577 1562 1624 1599 is,
1663 1560 1719 1595 qui
1749 1559 1908 1595 imprimis

1115 1611 1190 1638 dare
1214 1610 1356 1637 debebat.

1160 1663 1235 1693 232.
1261 1662 1481 1701 „Manifesto
1506 1661 1649 1692 numine
1671 1662 1692 1691 i.
1718 1670 1746 1691 e.
1771 1661 1909 1691 manife-

1113 1715 1162 1739 sto
1203 1712 1333 1739 deorum
1370 1710 1488 1739 iudicio
1527 1709 1568 1738 ad
1601 1709 1729 1737 ltaliam
1763 1708 1910 1744 venisse,

1114 1756 1281 1785 numinum
1306 1757 1356 1784 ira
1379 1759 1527 1792 testatur,
1564 1761 1661 1789 quam
1683 1754 1906 1790 cognoscimus

1115 1806 1273 1831 tantorum
1299 1802 1396 1831 caede
1419 1800 1611 1830 sociorum.“
1634 1802 1666 1828 S.
1758 1832 1763 1837 ,
1791 1814 1793 1817 ⁴

1161 1846 1237 1876 233.
1264 1855 1327 1887 que
1347 1851 1406 1876 etc.
1431 1846 1572 1881 explicat
1597 1843 1687 1874 iram
1709 1844 1748 1874 cf.
1770 1842 1802 1881 8,
1829 1842 1907 1873 289.

1160 1913 1236 1944 234.
1263 1917 1403 1952 Legatos
1449 1921 1601 1943 reversos
1647 1913 1797 1948 excipere
1835 1913 1906 1940 vult

1113 1962 1250 1990 Latinus
1276 1962 1310 1989 in
1334 1962 1441 1997 curia,
1485 1965 1520 1989 ut
1542 1963 1678 1988 senatus
1701 1963 1733 1987 et
1754 1959 1825 1993 ipse
1845 1965 1907 1986 au-

1114 2008 1178 2035 diat
1202 2011 1232 2035 et
1264 2007 1297 2035 in
1326 2016 1360 2036 re
1390 2006 1514 2041 trepida
1543 2007 1594 2034 det
1624 2004 1810 2034 consilium.
1863 2019 1901 2023 —

1119 2050 1251 2093 Cogere
1276 2054 1433 2082 senatum
1458 2053 1573 2081 dicitur
1596 2051 1823 2087 magistratus,
1852 2049 1908 2084 qui

1110 2102 1276 2127 convocat.
1324 2099 1378 2127 Sic
1401 2106 1526 2137 cogere
1548 2106 1579 2126 v.
1605 2095 1681 2124 304.
1709 2093 1785 2124 460.
1824 2096 1906 2124 Cum

1110 2152 1146 2172 eo
1196 2147 1294 2173 verbo
1340 2145 1510 2173 concordat
1564 2140 1709 2182 imperio
1757 2141 1906 2177 accitos,-

1110 2190 1227 2218 summi
1258 2190 1344 2219 enim
1370 2190 1581 2226 magistratus
1613 2189 1643 2216 id
1669 2188 1721 2216 ius
1745 2191 1776 2215 et
1802 2187 1904 2222 impe-

1108 2236 1192 2264 rium
1218 2240 1276 2264 est.

1154 2290 1232 2322 236.
1262 2290 1394 2321 Fluunt
1438 2292 1534 2329 Pnyc
1577 2295 1661 2320 recte
1705 2290 1823 2319 dictum
1864 2290 1904 2319 de

1107 2345 1223 2373 magno
1254 2346 1384 2366 numero
1409 2337 1608 2373 coeuntium,
1649 2340 1683 2365 ut
1720 2338 1779 2365 hoc
1818 2337 1900 2365 loco.

1107 2385 1213 2412 ruunt
1259 2386 1301 2412 Μ.
1344 2392 1406 2412 rec.
1444 2380 1507 2411 LA.
1547 2383 1695 2417 rapidum
1737 2382 1901 2411 incessum

1106 2429 1212 2465 signat
1240 2429 1279 2458 cf.
1309 2426 1364 2463 12,
1389 2426 1454 2456 442
1485 2426 1589 2456 simul
1618 2424 1763 2469 agmine
1795 2425 1902 2456 denso

1107 2471 1602 2514 AntheusqueMnestheusque
1614 2481 1689 2502 run
1699 2476 1760 2511 nt,
1776 2470 1905 2502 omnis-

1106 2528 1170 2560 que
1195 2518 1327 2549 relictis
1354 2518 1455 2548 turba
1479 2517 1586 2555 fluit
1611 2517 1747 2548 castris.
1782 2534 1819 2538 —
1847 2526 1901 2547 re-

1105 2565 1180 2606 gia,
1206 2567 1260 2594 ubi
1280 2566 1373 2595 curia
1397 2570 1466 2594 erat
1489 2565 1528 2595 cf.
1554 2563 1585 2602 7,
1613 2562 1687 2593 170.
1720 2562 1795 2592 173.
1822 2562 1899 2593 192.

1152 2621 1226 2652 238.
1252 2621 1387 2663 primus
1420 2620 1582 2662 sceptris:
1629 2621 1780 2659 „Primus
1818 2621 1901 2650 inter

1104 2669 1319 2704 sceptriferos.
1368 2671 1512 2703 Namque
1528 2669 1615 2703 apud
1631 2667 1773 2697 maiores
1788 2674 1900 2695 omnes

1105 2716 1201 2744 duces
1228 2723 1301 2744 cum
1326 2715 1462 2750 sceptris
1481 2714 1743 2751 ingrediebantur
1762 2712 1896 2742 curiam.

1107 2761 1175 2795 (Cf.
1211 2765 1317 2790 notam
1351 2761 1439 2789 Galli
1470 2764 1500 2788 et
1532 2759 1656 2794 Papirii
1695 2757 1896 2792 historiam.)

1107 2808 1226 2835 Postea
1261 2810 1430 2841 coeperunt
1473 2809 1596 2834 tantum
1630 2813 1672 2842 ex
1708 2803 1897 2833 consulibus

1105 2857 1231 2887 sceptra
1254 2858 1399 2889 gestare,
1426 2856 1456 2881 et
1475 2851 1606 2887 signum
1629 2852 1713 2885 erat,
1739 2855 1795 2876 eos
1818 2856 1896 2877 con-

1104 2900 1233 2927 sulares
1256 2896 1362 2928 esse.“
1391 2900 1423 2926 S.
1470 2897 1585 2926 Malim
1616 2895 1779 2929 accipere:
1829 2894 1897 2928 pri-

1104 2952 1176 2972 mus
1201 2945 1291 2980 regia
1322 2947 1493 2980 potestate,
1537 2941 1632 2971 cuius
1657 2942 1817 2973 sceptrum
1849 2940 1897 2968 si-

1103 2998 1201 3026 gnum
1226 2994 1285 3019 est.
