2023 3350
700 60 934 95 AENEIDOS
960 64 1044 96 LIB.
1070 65 1131 97 xl.

1645 69 1726 108 579

101 176 268 219 Profuit
308 180 383 218 aut
413 179 585 218 nostras
625 173 802 216 humero
842 177 1021 230 gessisse
1061 177 1255 231 sagittas.

100 235 196 276 Non
232 238 375 276 tamen
408 232 651 275 indecorem
685 236 762 274 tua
798 237 841 275 te
878 235 1028 288 regina
1062 235 1238 289 reliquit

1643 240 1726 280 845

100 292 303 334 Extrema
336 292 422 333 iam
461 290 505 332 in
543 293 699 341 morte,
734 304 869 345 neque
903 292 987 334 hoc
1016 292 1107 335 sine
1146 293 1316 337 nomine
1354 294 1489 338 letum

100 350 180 392 Per
211 353 355 404 gentes
396 348 498 399 erit,
531 351 608 389 aut
644 347 805 390 famam
841 350 1020 403 patieris
1055 350 1229 393 inultae.

99 408 210 449 Nam
244 406 486 461 quicunque
525 409 648 446 tuum
687 406 862 449 violavit
900 408 1071 450 volnere
1110 421 1277 462 corpus,

101 465 242 507 Morte
278 464 366 505 luet
399 463 564 505 merita.
593 489 650 493 —
678 464 778 506 Fuit
814 465 964 519 ingens
999 468 1143 507 monte
1179 465 1257 508 sub
1293 466 1382 509 alto

100 522 226 575 Regis
260 521 473 562 Dercenni
508 525 680 564 terreno
718 537 770 564 ex
807 537 962 577 aggere
998 523 1171 564 bustum

1648 526 1733 566 850

100 579 277 644 Antiqui
310 579 554 631 Laurentis,
600 593 822 634 opacaque
850 581 948 623 ilice
982 585 1163 633 tectum;

99 636 295 701 Hic-dea
331 650 377 679 se
407 637 593 691 primum
628 639 783 692 rapido
818 638 1106 693 pulcherrima
1143 638 1239 679 nisu

100 695 241 745 S1st1t,
278 697 320 736 et
360 696 590 736 Arruntem
628 697 791 739 tumulo
834 696 1081 751 speculatur
1112 695 1167 738 ab
1201 696 1302 737 alto.

101 752 160 794 Ut
195 751 303 793 vidit
338 751 571 795 laetantem
605 754 759 796 animis
795 768 845 796 ac
880 769 989 797 vana
1027 757 1283 796 tumentem:

102 810 203 862 Cur,
232 810 391 864 inquit,
427 810 620 853 diversus
657 811 780 854 abis‘?
817 812 901 854 huc
936 811 1074 866 dirige
1111 825 1314 866 gressum,

1652 812 1736 851 855

101 867 196 909 Huc
233 869 425 922 periture
457 869 573 921 veni,
610 870 756 924 capias
793 874 841 912 ut
879 870 1011 924 digna
1046 869 1251 912 Camillae

99 926 308 968 Praemia.

368 927 484 968 Tune
521 927 653 969 etiam
692 928 790 970 telis
823 929 1008 970 moriere
1047 928 1237 969 Dianae?

100 984 240 1036 Dixit,
280 988 322 1026 et
356 989 512 1027 aurata
551 985 767 1028 volucrem
805 985 1006 1028 Threissa
1040 985 1245 1039 sagittam

99 1042 378 1096 Deprompsit
416 1042 640 1097 pharetra,
678 1057 895 1098 cornuque
930 1043 1098 1085 infensa
1132 1041 1328 1093 tetendit,

101 1100 158 1141 Et
192 1099 314 1142 duxit
348 1100 492 1155 longe,
531 1101 665 1143 donec
708 1105 885 1143 curvata
921 1101 1084 1143 coirent

1656 1098 1740 1137 860

100 1158 217 1200 Inter
253 1172 299 1200 se
338 1159 504 1213 capita,
539 1163 582 1201 et
615 1160 810 1201 manibus
845 1159 933 1201 iam
970 1161 1169 1212 tangeret
1206 1156 1354 1210 aequis

99 1215 242 1258 Laeva
277 1217 414 1258 aciem
446 1216 552 1258 ferri
584 1216 738 1258 dextra
776 1230 994 1271 nervoque
1031 1215 1249 1271 papillam.

101 1273 327 1328 Extemplo
360 1274 435 1316 teli
474 1274 703 1316 stridorem
736 1288 954 1328 aurasque
984 1276 1186 1315 sonantes

100 1331 249 1373 Audiit
286 1346 372 1374 una
406 1334 569 1374 Arruns
608 1331 833 1387 haesitque
872 1332 916 1374 in
953 1344 1134 1385 corpore
1172 1329 1345 1371 ferrum.

101 1389 229 1431 Illum
264 1390 555 1445 exspirantem
598 1390 703 1432 socii
739 1394 872 1443 atque
903 1393 1096 1431 extrema
1137 1389 1374 1440 gementem

1655 1383 1737 1423 865

102 1447 235 1489 Obliti
277 1448 424 1501 ignoto
461 1461 710 1501 camporum
744 1447 790 1488 in
827 1446 1003 1501 pulvere
1039 1445 1266 1498 linquunt3

100 1603 238 1632 fatorum
278 1602 523 1638 necessitatem,
561 1605 674 1631 contra
708 1608 805 1636 quam
842 1609 901 1630 nec

101 1649 246 1679 numinis
272 1649 450 1684 opitulatur
487 1646 684 1677 auxilium:⁴
711 1649 742 1675 S.
773 1662 810 1667 -
840 1645 900 1675 de-

102 1697 217 1725 sertae
246 1695 285 1724 cf.
313 1693 344 1731 2,
370 1692 446 1722 71⁴.

147 1739 226 1770 845.
252 1743 321 1770 Non
343 1739 541 1776 spoliaberis
565 1739 667 1768 armis
707 1737 789 1771 tuis;
839 1745 901 1765 non

103 1792 229 1817 mortua
269 1795 319 1820 es,
372 1791 545 1820 antequam
585 1784 713 1821 egregie
749 1783 835 1811 facta
873 1787 903 1811 et

104 1834 319 1868 sempiternae
354 1832 477 1869 gloriae
517 1831 662 1864 edidisti;
696 1838 760 1858 non
797 1829 903 1857 inulta

102 1880 179 1909 eris.
208 1894 246 1899 —
274 1876 467 1907 indecorem
501 1877 540 1907 cf.
567 1874 598 1912 7,
632 1874 708 1904 231.
760 1872 904 1914 reliquit

104 1927 178 1959 MR,
203 1933 266 1954 rec.
296 1921 356 1953 H-·.
383 1921 450 1952 Hn.
482 1921 565 1964 Wg.
588 1919 650 1951 Πὸ.
676 1918 842 1961 relinquit
862 1919 901 1949 b2

103 1970 276 2010 relinquet
303 1967 423 2009 Pyblc.

151 2015 228 2045 8⁴7.
250 2016 391 2054 famam
421 2023 454 2053 p.
480 2011 633 2043 inultae:
677 2022 759 2050 „nec
793 2013 904 2041 invin-

106 2065 233 2094 dicatae
259 2062 470 2099 ignominiam
484 2060 673 2093 sustinebiS,
699 2060 781 2094 quod
805 2059 902 2088 etiam

104 2111 188 2140 Dido
212 2108 329 2143 dolet,“
347 2110 378 2136 S.
405 2107 444 2137 cf.
462 2106 492 2140 ⁴,
510 2104 585 2134 659.
614 2106 730 2134 simile
755 2104 806 2143 tt),
825 2102 902 2133 739.

105 2157 198 2186 Adde
222 2163 307 2191 quae
331 2163 364 2183 v.
396 2152 456 2182 ts«)
481 2154 568 2182 dicta
591 2156 676 2180 sunt.

149 2200 227 2231 8⁴8.
262 2197 429 2236 Violavit,
447 2203 595 2229 sanctum
611 2198 697 2227 enim
720 2201 770 2226 est
786 2204 903 2231 corpus

106 2248 259 2285 virginis,
282 2254 365 2282 quae
385 2246 512 2275 Dianae
534 2249 665 2273 sacrata
689 2248 747 2273 est.

153 2292 230 2323 ew.
255 2296 394 2330 „monte
435 2289 496 2321 sub
536 2288 610 2319 alto
654 2294 686 2318 ut
723 2287 776 2326 (6,
815 2286 903 2324 23⁴)

108 2342 221 2369 monte
250 2337 310 2368 sub
340 2335 447 2368 aerio.
496 2338 592 2372 Apud
616 2337 758 2365 maiores
779 2335 905 2364 nobiles

109 2391 163 2415 aut
189 2388 249 2415 sub
274 2385 447 2421 montibus,
478 2387 536 2413 aut
564 2383 597 2411 in
624 2382 786 2416 montibus
812 2389 904 2416 sepe-

109 2433 280 2461 liebantur.
328 2431 418 2460 Unde
443 2434 554 2458 natum
575 2432 634 2461 est,
660 2433 694 2457 ut
720 2436 818 2464 super
849 2435 905 2457 ca-

111 2480 234 2507 davera
265 2481 319 2506 aut
347 2476 535 2512 pyramides
568 2475 675 2504 fierent
707 2479 763 2503 aut
792 2474 904 2510 ingen-

111 2529 159 2554 tes
183 2525 419 2553 collocaremur
440 2519 642 2551 columnae.“
667 2522 702 2551 S.

157 2568 234 2598 850.
262 2570 412 2604 Bustum,
452 2568 537 2603 regis
572 2567 713 2603 antiqui,
748 2565 906 2595 nereenni

112 2615 298 2645 Laurentis.
332 2614 459 2651 „lulius
485 2613 636 2649 Sabinus,
659 2613 714 2647 qui
730 2612 905 2647 pleniorem

114 2663 265 2692 Servium
287 2660 415 2697 habuit,
449 2662 528 2688 haec
556 2658 660 2687 affert:
707 2655 909 2687 Dercennus

113 2717 174 2738 rex
217 2715 308 2737 unus
342 2713 382 2735 ez·
418 2701 675 2744 antiquissimis
710 2701 746 2732 in
790 2700 908 2740 Latio,

114 2762 215 2795 quem
242 2748 401 2793 plerique
438 2747 606 2780 Latinum
634 2747 779 2779 eundem
812 2746 909 2778 dise-

113 2801 208 2835 runt,
230 2800 269 2828 ut
295 2794 456 2839 [ginus.“
497 2792 566 2824 Hn.

160 2842 238 2875 854.
262 2841 454 2873 laetantem
483 2837 613 2870 animis
636 2837 702 2870 Ml.
750 2841 797 2870 De
826 2841 909 2876 plur.

116 2889 246 2921 animis
286 2889 325 2920 cf.
355 2886 434 2917 715.
482 2903 520 2908 —
565 2883 765 2926 fulgentem
802 2883 912 2915 armis

117 2936 293 2977 M2Pnybc
315 2943 379 2965 rec.
410 2930 474 2971 Lei,
494 2941 596 2968 neque
619 2936 725 2961 tamen
748 2939 911 2961 armorum

118 2984 226 3021 fulgor
255 2981 481 3013 memorandus
510 2982 590 3017 erat,
626 2985 728 3014 neque
748 2981 820 3014 post
848 2977 913 3008 Ca·-

946 1601 1058 1629 millae
1086 1603 1220 1627 mortem
1244 1596 1414 1632 splendida
1432 1597 1615 1630 sumpserat
1635 1600 1742 1624 arma:

945 1647 1001 1675 sed
1025 1647 1109 1681 apud
1137 1653 1172 1673 se
1196 1645 1345 1677 laetatur,
1370 1650 1473 1676 neque
1498 1641 1649 1675 cuiquam
1663 1647 1745 1676 gau-

945 1692 1032 1721 dium
1059 1699 1154 1720 suurn
1184 1690 1319 1723 eiusque
1350 1694 1504 1717 caussam
1539 1686 1652 1721 prodit.

945 1745 1038 1766 vana
1067 1737 1253 1766 tumentem
1274 1739 1331 1770 „ut
1349 1731 1504 1771 infanda
1530 1730 1745 1770 furentem.“

947 1785 978 1811 S.
1006 1783 1045 1812 cf.
1075 1780 1106 1820 8,
1132 1779 1209 1810 489.

991 1827 1067 1857 855.
1102 1825 1263 1856 diversus
1293 1822 1369 1854 abis
1385 1824 1408 1852 i.
1424 1832 1451 1852 e.
1468 1830 1487 1852 a
1502 1830 1610 1859 pugna
1634 1822 1743 1851 diver-

946 1884 1015 1905 sus,
1037 1883 1093 1904 cur
1117 1873 1204 1910 fugis
1230 1881 1247 1901 e
1270 1877 1390 1907 pugna.
1436 1885 1472 1889 —
1511 1870 1556 1898 De
1580 1873 1743 1898 structura

946 1921 986 1951 cf.
1015 1920 1044 1953 5,
1076 1917 1148 1948 162.

991 1964 1069 1995 857.
1095 1968 1177 1995 tune
1201 1959 1306 1993 etiam
1343 1968 1438 1998 „cum
1470 1960 1591 1997 ingenti
1622 1960 1744 1989 amari-

946 2014 1056 2042 tudine
1084 2012 1203 2041 dictum
1243 2012 1307 2043 est,
1344 2014 1419 2036 nam
1447 2007 1477 2035 ei
1508 2007 1606 2035 etiam
1642 2014 1745 2043 genus

946 2059 1069 2088 invidet
1095 2056 1242 2087 mortis.‘'·
1268 2056 1299 2082 S.
1339 2053 1508 2089 Indignum
1529 2053 1614 2082 enim
1639 2054 1745 2088 habet,

946 2106 1000 2141 qui
1026 2112 1046 2133 a
1082 2105 1142 2133 dea
1175 2102 1356 2136 occidatur,
1398 2099 1450 2128 cui
1481 2099 1546 2128 iam
1577 2098 1746 2136 contigerit

946 2151 1090 2181 occidere
1136 2148 1299 2186 egregiam
1342 2145 1553 2174 bellatricem.
1604 2141 1673 2174 Hn.
1713 2149 1743 2173 et

952 2195 1002 2227 Pl.
1028 2198 1129 2226 multa
1171 2195 1204 2223 in
1248 2195 1308 2222 hac
1332 2192 1410 2227 Opis
1448 2191 1592 2219 oratione
1616 2190 1745 2225 vitupe-

946 2247 1067 2273 rarunt,
1106 2249 1188 2276 quae
1229 2243 1258 2268 et
1296 2239 1355 2267 dea
1396 2241 1425 2266 et
1456 2237 1550 2272 epica
1582 2237 1744 2272 gravitate

945 2294 1055 2319 essent
1082 2288 1224 2323 indigna.

993 2332 1070 2363 858.
1096 2333 1272 2362 Threissae
1306 2332 1409 2358 bonae
1438 2328 1624 2357 venatrices
1648 2327 1687 2357 cf.
1715 2324 1745 2364 1,

948 2379 1025 2410 316.
1074 2382 1186 2415 ltaque
1222 2377 1333 2413 Opim,
1379 2375 1506 2404 Dianae
1550 2374 1744 2409 ministram,

948 2429 1123 2456 Thressam
1152 2425 1229 2455 facit
1254 2426 1357 2458 poeta.
1397 2436 1439 2442 ——
1480 2421 1567 2455 Quod
1598 2419 1744 2455 pluribus

948 2475 1059 2503 verbis
1082 2470 1256 2506 descripsit
1285 2468 1424 2505 sagittae
1450 2467 1586 2501 iactum,
1625 2472 1746 2494 caussa

948 2525 1012 2553 est,
1050 2520 1133 2554 quod
1165 2515 1276 2552 magni
1305 2519 1353 2543 est
1375 2513 1540 2546 momenti,
1585 2519 1683 2547 quum
1709 2519 1746 2541 se

949 2566 1127 2595 ulciscatur
1150 2565 1219 2593 dea.
1268 2560 1315 2590 Cf.
1343 2559 1374 2596 9,
1401 2557 1476 2588 622.

998 2609 1076 2640 861.
1103 2610 1221 2645 Capita
1242 2610 1317 2636 sunt
1336 2610 1498 2635 extremae
1512 2610 1609 2633 arcus
1624 2607 1745 2639 partes.

999 2655 1076 2685 863.
1101 2663 1172 2685 una
1198 2668 1241 2673 —
1267 2659 1351 2693 que.-
1381 2651 1558 2685 Utrumque
1583 2650 1691 2679 eodem
1717 2649 1747 2677 fit

955 2708 1111 2738 tempore,
1158 2701 1204 2729 ita
1229 2700 1370 2727 iunctum
1402 2701 1452 2726 est
1475 2692 1580 2725 simul
1603 2711 1648 2715 —
1671 2702 1747 2734 que,

953 2745 1061 2778 simul
1082 2762 1128 2768 —
1153 2748 1185 2776 et
1210 2745 1248 2775 cf.
1277 2742 1306 2781 1,
1323 2740 1399 2771 144.
1426 2739 1484 2772 viz·
1502 2757 1546 2762 —
1566 2743 1598 2771 et
1618 2740 1649 2777 5,
1669 2738 1748 2769 857.

1000 2791 1079 2822 866.
1105 2789 1204 2821 obliti
1236 2791 1258 2819 i.
1282 2798 1310 2818 e.
1336 2788 1554 2825 negligentes,
1596 2795 1660 2816 non
1689 2795 1747 2816 cu·-

955 2843 1064 2869 rantes
1100 2837 1216 2867 mortui
1256 2842 1388 2871 corpuS,
1427 2838 1462 2863 ut
1483 2834 1550 2863 vile
1584 2833 1746 2868 quiddam.

956 2887 1006 2914 lta
1031 2886 1163 2914 verbum
1186 2882 1217 2918 5,
1241 2878 1406 2910 174.703.
1430 2895 1474 2901 —
1498 2877 1632 2920 ignoto,
1655 2887 1748 2908 nemo

957 2931 1044 2960 enim
1070 2931 1175 2959 locum
1198 2931 1309 2957 notare
1339 2927 1462 2963 studet,
1503 2925 1537 2954 in
1573 2933 1635 2960 quo
1675 2925 1749 2955 eius

959 2983 1075 3013 corpus
1096 2973 1293 3011 reliquerint.
