2023 3350
704 110 936 144 AENEIDOS
966 112 1052 144 LIB.
1079 114 1137 145 IV.

97 222 339 276 Spargere?
387 236 471 263 non
505 223 666 274 socios,

95 280 328 320 Ascanium
365 279 605 333 patriisque
639 279 900 333 epulandum
937 293 1098 333 ponere
1140 282 1327 324 mensis?
1364 309 1417 312 ——

96 337 258 378 Verum
299 350 457 390 anceps
494 350 665 390 pugnae
702 336 844 378 fuerat
886 338 1071 379 fortuna.
1106 364 1164 368 ——
1198 340 1384 391 Fuisset,

96 394 229 444 Quem
267 394 400 435 metui
433 394 677 435 moritura?

95 451 428 504 Implessemque
463 451 582 492 foros
622 450 822 502 fiammis,

95 508 199 550 Cum
235 521 388 561 genere
420 508 676 559 exstinxem,
721 512 876 550 memet
916 523 1046 562 super
1082 510 1177 562 ipsa
1208 510 1433 553 dedissem.
1470 536 1526 540 —

95 565 184 616 Sol,

231 566 304 618 qui
339 568 554 606 terrarum
585 565 769 607 flammis
802 580 935 619 opera
977 566 1122 607 onmia
1153 567 1326 619 lustras,

92 623 241 675 Tuque
280 622 434 663 harum
468 623 683 675 interpres
723 638 922 664 curarum
963 627 1005 664 et
1042 625 1213 664 conscia
1246 626 1365 676 IunO,

91 680 410 733 Nocturnisque
441 680 603 721 Hecate
633 681 771 721 triviis
809 680 978 721 ululata
1010 695 1087 733 per
1119 681 1258 732 urbes,

93 737 150 778 Et
181 737 312 778 Dirae
350 737 544 788 ultrices,

92 794 286 847 Accipite
326 793 453 845 haec,

38 863 42 868 ’
92 852 148 892 Et
185 855 358 892 nostras
395 851 542 893 audite
580 866 740 905 preces.

89 908 317 950 Infandum
355 912 486 962 caput
516 923 567 951 ac
604 910 732 951 terris
767 909 930 951 adnare
967 923 1141 950 necesse
1182 913 1257 958 est,

90 966 147 1007 Et
182 966 242 1007 sic
280 966 372 1008 fata
412 967 525 1008 Iovis
558 970 760 1021 poscunt,
802 966 871 1007 hic
908 966 1118 1006 terminus
1156 965 1325 1006 haeret:

90 1023 148 1064 At
182 1023 295 1065 bello
334 1023 510 1065 audacis
548 1024 699 1078 populi
734 1027 913 1064 vexatus
951 1026 993 1063 et
1031 1021 1174 1071 arinis,

98 1148 208 1179 Undis
233 1158 403 1192 spargere
426 1155 457 1180 ut
484 1149 514 1185 3,
540 1150 615 1179 605.
654 1152 888 1180 Crudelis-sinna

90 1197 124 1224 in
157 1201 299 1225 mortuos
336 1197 505 1225 saeviendi
537 1198 634 1233 ratio,
673 1205 739 1231 qua
779 1197 887 1234 etiam,

89 1242 260 1277 quominus
290 1244 330 1270 ab
355 1242 432 1271 ati1s
463 1243 695 1279 sepelirentur,
734 1243 888 1278 impedie-

89 1290 215 1316 bantur.

136 1331 211 1361 602.
243 1330 491 1372 Epulamlum,
537 1337 571 1361 ut
618 1335 741 1362 Procne
788 1333 888 1362 filium

90 1380 164 1414 Ityn
192 1379 275 1413 patri
299 1379 409 1415 Tereo,
431 1380 618 1414 Harpalyce
646 1380 802 1414 Clymeno
830 1387 887 1414 pa-

89 1424 128 1452 tri
160 1424 259 1452 filium
285 1425 495 1461 Presbonem,
540 1426 595 1453 vel
624 1425 746 1453 Atreus
779 1426 889 1461 Thye-

88 1474 157 1498 stae
187 1469 269 1498 filios
300 1471 509 1499 comedendos
535 1470 695 1504 apposuit.

134 1512 209 1543 604.
241 1512 347 1553 Quem
373 1512 480 1544 metui
505 1513 688 1544 moritura.
721 1515 781 1549 Qui
808 1516 889 1545 mori

89 1561 251 1597 decrevit,
287 1560 368 1589 ninii
395 1563 506 1597 habet,
544 1562 627 1595 quod
657 1562 799 1595 amplius
822 1570 888 1590 me-

88 1610 165 1634 tuat.
209 1621 247 1625 —
296 1604 423 1635 Castra
448 1614 550 1641 neque
575 1608 747 1643 hocloco,
786 1615 888 1642 neque

89 1648 207 1687 3,519
241 1655 296 1680 aut
324 1652 363 1689 5,
391 1650 454 1679 669
488 1649 632 1680 classem
666 1653 790 1688 signat;
832 1654 888 1681 sed

88 1701 208 1726 nautae
232 1698 373 1726 nondum
398 1698 588 1726 conscensis
608 1698 751 1726 navibus
778 1696 886 1734 [573]

91 1743 125 1771 in
148 1742 242 1771 litore
266 1745 424 1772 habebant
454 1748 573 1772 castra.

134 1786 211 1816 606.
243 1784 375 1817 Geuere
397 1789 417 1816 i.
440 1797 467 1817 e.
489 1788 650 1817 Troianis.
680 1804 718 1808 —-
741 1786 888 1818 Exstin-

86 1841 161 1863 xem
187 1833 228 1862 cf.
246 1832 278 1869 5
300 1831 376 1862 766.
406 1849 444 1853 -
477 1831 591 1873 Super
615 1831 692 1872 ipsa
715 1832 886 1863 dedissem

87 1879 543 1914 sc.mort·1.Cf.Sopi1.Aj.
568 1877 632 1907 339
654 1887 731 1914 πως
753 1870 800 1908 ἂν
823 1873 888 1908 τὸν

87 1916 344 1973 αἱμυλώτατον
380 1916 519 1962 ἐχθρὸν
552 1916 695 1962 ἅλημὰ,
729 1918 818 1959 τοὺς
849 1918 888 1953 δὲ

87 1962 288 2019 δισσάρχας
318 1961 468 2002 ὀλέσσας
500 1964 659 2008 βασιλεῖς
687 1963 789 2004 τέλος
816 1962 889 1998 θα-

86 2021 186 2052 νοιμι
214 2006 593 2049 na131693se11.nere.
627 2015 693 2042 oet.
730 2012 806 2042 345.
845 2029 882 2034 ——

87 2060 218 2088 Transit
249 2060 290 2087 ad
323 2059 590 2095 imprecationes,
627 2066 692 2092 qua
716 2059 749 2087 in
773 2068 807 2088 re
831 2066 886 2088 ars

88 2109 200 2140 poetae
223 2105 437 2141 cognoscitur,
456 2105 511 2139 qui
532 2104 641 2133 omnia
657 2111 739 2138 quae
754 2105 887 2133 Aeneae

88 2155 201 2185 postea
233 2152 375 2179 adversa
399 2150 529 2178 fuerunt
559 2150 728 2184 ipsamque
755 2154 887 2178 mortem

88 2200 119 2224 et
144 2203 226 2230 quae
253 2198 338 2224 bella
363 2200 453 2224 erant
476 2196 635 2224 Romanis
662 2203 734 2224 cum
754 2195 885 2231 Poenis,

87 2242 183 2276 quasi
215 2242 248 2270 in
278 2242 432 2270 ultionem
461 2242 606 2270 desertae
633 2241 770 2269 Didonis
797 2240 886 2270 facta

87 2287 228 2316 simulet.

135 2330 211 2361 607.
242 2329 303 2361 Sol
329 2333 384 2367 qui
408 2332 519 2361 omnia
549 2332 637 2361 videt
668 2335 698 2360 et
733 2331 823 2360 audit
852 2334 887 2359 ut

89 2379 179 2406 Hom.
211 2379 248 2405 11,
274 2375 305 2411 3,
331 2375 396 2405 277
427 2370 561 2411 Ἠέλιος
593 2368 634 2411 ὃς
666 2369 772 2404 πάντ’
800 2369 887 2414 ἐφο-

88 2418 156 2463 ρᾷς
179 2417 241 2451 καὶ
262 2415 366 2450 πάντ’
389 2415 580 2457 ἐπακούεις
607 2423 642 2450 in
671 2422 750 2450 diris
783 2423 886 2450 advo-

88 2471 196 2503 catur,
225 2471 259 2495 ut
283 2468 338 2502 qui
361 2467 576 2496 iurisiurandi
602 2468 695 2496 testis
719 2467 790 2502 ipse
814 2475 886 2501 per-

89 2513 172 2540 iurio
204 2513 316 2540 laesus
350 2512 486 2541 videtur.
542 2515 646 2547 Saepe
677 2513 709 2540 in
741 2512 884 2541 testimo-

88 2558 178 2586 nium
209 2562 344 2586 vocatur
372 2555 427 2593 12,
456 2555 529 2586 176.
564 2559 624 2586 Ov.
642 2559 717 2586 Met.
746 2555 778 2595 1,
806 2555 883 2586 766.

92 2618 130 2622 —
162 2599 310 2631 Lustras
337 2602 376 2631 cf.
402 2600 431 2630 6.

135 2646 212 2676 608.
242 2644 397 2683 Harum,
417 2647 534 2682 quibus
559 2655 644 2676 nunc
667 2655 810 2682 premor·‚
844 2647 883 2676 cf.

89 2694 126 2722 (le
146 2695 269 2722 Iunone
293 2695 437 2727 pronuba
462 2690 514 2720 59.
543 2707 582 2712 —
609 2690 781 2731 Interpres
805 2694 886 2729 „hoc

89 2743 136 2767 est
164 2739 269 2767 media
293 2742 322 2766 et
346 2737 587 2767 conciliatrix.“
611 2739 642 2765 S.
668 2737 707 2766 cf.
732 2734 782 2771 10,
812 2735 885 2765 175.

133 2782 210 2812 609.
239 2781 370 2812 Hecate
401 2782 573 2811 infernalis
597 2783 657 2810 dea
685 2783 828 2811 maxime
853 2782 886 2810 in

89 2829 374 2864 imprecationibus
412 2830 591 2856 advocatur
638 2827 677 2856 cf.
717 2825 794 2856 511.
844 2843 883 2846 —

97 2872 245 2903 Ululata
275 2874 295 2902 i.
324 2883 351 2902 e.
383 2875 511 2902 ululatu
536 2878 654 2901 vocata
686 2872 725 2902 cf.
752 2871 781 2909 6,
808 2870 885 2901 794.

89 2920 143 2949 Sic
170 2922 248 2948 Stat.
274 2920 371 2948 Theb.
402 2918 433 2955 3,
462 2916 524 2946 158
547 2915 713 2956 nulloque
744 2915 886 2946 ululata

88 2962 208 2993 dolore
228 2962 380 3003 respexit
412 2961 546 2993 Lucina
571 2961 728 2996 domum3
754 2967 784 2992 et
807 2963 888 2991 acti-

88 3018 167 3039 vum
190 3015 237 3039 est
262 3011 349 3046 apud
374 3012 468 3039 Mart.
493 3008 524 3046 5,
552 3006 605 3045 41,
632 3006 650 3036 3
680 3015 779 3047 quem
807 3005 886 3036 ulu-

705 235 790 263 non
826 223 966 277 ipsum
1009 223 1234 266 absumere
1269 225 1382 266 ferro

737 394 870 436 Faces
904 395 948 435 in
983 399 1129 437 castra
1170 396 1375 447 tulissem,

873 456 1106 505 natumque
1143 457 1397 508 patremque
1653 458 1735 496 605

585 741 628 778 et
661 738 704 778 di
737 738 957 779 morientis
994 738 1172 788 Elissae,
1651 740 1735 778 610

506 795 791 848 meritumque
824 795 948 835 malis
985 794 1197 835 advertite
1237 808 1405 845 numen,

802 852 845 893 Si
882 856 1060 904 tangere
1097 855 1248 904 portus

1653 1022 1733 1061 (315

935 1146 987 1177 [ut
1019 1146 1154 1177 Gallus.
1205 1148 1252 1177 cf.
1287 1149 1397 1177 simile
1423 1150 1546 1177 tonare
1577 1146 1653 1176 510.
1694 1164 1731 1168 —-

935 1196 1099 1231 „Hecaten
1132 1201 1254 1223 caussa
1283 1194 1414 1222 invocat
1448 1193 1592 1222 ultionis.
1644 1194 1734 1222 Unde

934 1241 1033 1269 etiam
1057 1240 1175 1268 Furias
1203 1244 1311 1268 vocat:
1347 1240 1403 1267 sed
1427 1239 1621 1272 usurpative
1642 1241 1733 1268 modo

934 1286 1033 1314 Diras
1055 1286 1147 1314 dixit.
1198 1287 1279 1313 Nam
1298 1285 1397 1313 Dirae
1426 1284 1460 1312 iu
1483 1285 1571 1313 caelo
1594 1284 1656 1318 [cf.
1683 1282 1732 1321 12,

934 1328 1021 1366 845)
1053 1331 1171 1360 Furiae
1202 1332 1237 1359 in
1270 1330 1380 1367 terris,
1422 1329 1614 1358 Eumenides
1649 1331 1734 1365 apud

934 1376 1077 1413 Inferos,
1119 1377 1201 1405 unde
1229 1380 1258 1404 et
1296 1379 1359 1403 tres
1391 1382 1464 1403 esse
1500 1375 1731 1411 dicunturUJ:

934 1423 990 1451 sed
1016 1424 1095 1451 haec
1116 1422 1247 1450 nomina
1271 1421 1469 1450 confundunt
1495 1422 1640 1454 poetae:b
1666 1423 1697 1449 S.

981 1465 1057 1496 610.
1084 1468 1244 1505 „Quidam
1269 1469 1328 1495 hoc
1352 1467 1435 1500 quod
1460 1466 1551 1494 dicit:
1586 1462 1639 1495 άίἱ
1663 1474 1734 1495 mo-

934 1509 1058 1542 rientis
1100 1510 1241 1541 Elissae
1277 1512 1452 1540 secundum
1497 1519 1553 1539 eos
1595 1513 1733 1548 tradunt,

934 1558 989 1592 qui
1020 1559 1127 1588 dicunt
1162 1560 1280 1586 trabere
1311 1566 1370 1585 nos
1403 1557 1549 1592 singulos
1575 1558 1651 1586 deos
1676 1565 1732 1585 no-

934 1608 1038 1641 siros,
1076 1608 1107 1632 ut
1136 1600 1184 1639 12,
1211 1602 1275 1630 539
1309 1611 1369 1631 uec
1392 1600 1429 1630 (Ιί
1455 1604 1569 1631 terere
1598 1600 1733 1642 Cupen-

934 1657 1010 1678 cum
1037 1648 1155 1678 Aenea
1182 1646 1339 1677 ueniente
1362 1645 1441 1676 sm'“
1468 1649 1498 1675 S.
1534 1647 1593 1682 (cf.
1620 1649 1661 1676 ad
1685 1649 1732 1676 lo-

935 1695 1038 1729 cum).
1089 1696 1154 1723 Res
1187 1702 1285 1728 quam
1319 1693 1418 1729 tangit
1453 1693 1535 1721 satis
1560 1698 1606 1722 est
1645 1698 1730 1722 nota.

936 1740 983 1769 Cf.
1010 1740 1093 1768 Ptin.
1121 1741 1156 1768 N.
1184 1741 1222 1768 H.
1251 1737 1281 1775 2,
1306 1738 1337 1775 5,
1367 1736 1402 1766 7:
1431 1738 1559 1774 „Maior
1581 1739 1731 1768 coelitum

934 1787 1074 1820 populus
1115 1785 1213 1814 etiam
1251 1791 1348 1819 quam
1391 1784 1557 1812 hominum
1594 1784 1732 1820 intelligi

935 1835 1056 1867 potest,
1105 1839 1203 1864 quum
1236 1830 1359 1865 singuli
1396 1837 1520 1863 quoque
1558 1838 1599 1858 ex
1633 1834 1732 1858 semet

935 1877 1018 1911 ipsis
1044 1877 1172 1904 totidem
1196 1877 1270 1903 deos
1293 1875 1417 1903 faciant
1436 1876 1578 1903 Iunones
1596 1875 1732 1903 Genios-

934 1930 994 1956 que
1021 1923 1201 1956 adoptando
1227 1921 1300 1949 sitJi.
1306 1925 1324 1933 ⁵·
1374 1920 1466 1948 Genii
1493 1920 1732 1956 x·ir0run1,1u-

934 1976 1036 1996 nones
1062 1967 1254 1996 feminarum
1282 1967 1477 1995 dicebantur.
1498 1980 1535 1984 —
1561 1966 1631 1993 Noti
1658 1974 1731 1994 ver-

933 2021 992 2042 sus
1019 2017 1094 2041 sunt
1118 2012 1302 2041 Menandri:
1330 2002 1480 2038 Ἇπαντι
1507 2005 1647 2048 δαίμων
1668 2003 1733 2039 ἂν

934 2053 993 2095 δρὶ
1043 2053 1338 2105 συμπαρίσταται
1383 2047 1502 2090 εὐθὺς
1552 2048 1732 2096 ysvofaee'vsp

931 2095 1172 2140 μυσταγωγὸς
1198 2097 1263 2130 τοῦ
1289 2096 1384 2141 (irfflov
1423 2102 1631 2135 Empedocles
1652 2102 1732 2129 duos

934 2147 1043 2176 cuivis
1083 2146 1206 2174 homini
1249 2146 1360 2181 genios
1398 2146 1557 2181 attribuit,
1596 2147 1732 2175 atterum

933 2194 1069 2227 bonum,
1108 2193 1230 2219 malum
1257 2193 1405 2219 alterum.
1453 2192 1575 2220 Multae
1598 2195 1672 2220 sunt
1698 2191 1731 2219 in

933 2237 1087 2273 gemmis,
1114 2236 1272 2273 nummis,
1308 2235 1420 2271 vasis,
1452 2236 1530 2263 aliis
1558 2236 1730 2264 Geniorum

933 2282 1103 2318 imagines.
1146 2297 1183 2300 —
1224 2282 1270 2309 De
1306 2280 1405 2308 Genio
1439 2280 1502 2308 loci
1538 2280 1577 2309 cf.
1611 2280 1649 2317 5,
1676 2279 1729 2309 95.

937 2325 988 2357 Pl.
1016 2327 1097 2357 coni.
1128 2323 1241 2355 Divae
1268 2322 1420 2354 ultrices.

980 2371 1056 2401 612.
1083 2370 1112 2401 si
1144 2373 1294 2410 tangere
1325 2374 1382 2399 etc.
1422 2369 1460 2398 cf.
1494 2370 1585 2397 Hom.
1617 2371 1671 2409 Od.
1699 2367 1730 2407 9,

933 2417 998 2446 532
1034 2417 1227 2453 Polyphemi
1261 2415 1293 2444 in
1317 2416 1472 2451 Ulyssem
1496 2414 1595 2443 diras.
1644 2415 1731 2443 Ani-

933 2465 1098 2493 madverte
1126 2467 1292 2497 praeterea
1317 2461 1491 2490 absurdam
1516 2468 1588 2488 esse
1612 2460 1730 2494 Impre-

932 2511 1109 2544 cationem,
1151 2515 1226 2536 nam
1265 2507 1293 2534 si
1333 2514 1468 2535 necesse
1502 2510 1549 2533 est
1582 2505 1730 2534 Aeneam

933 2555 1102 2591 pervenire
1128 2554 1161 2581 in
1189 2553 1336 2587 Italiam,
1376 2551 1557 2586 culpandus
1583 2558 1645 2578 non
1671 2554 1729 2588 est,

932 2601 1014 2636 quod
1041 2599 1270 2634 Carthaginem
1293 2597 1433 2631 reliquit.

979 2643 1055 2673 613.
1085 2641 1278 2681 Infandum
1320 2643 1441 2681 caput,
1491 2640 1530 2669 cf.
1570 2638 1643 2669 132.
1689 2655 1727 2661 —-

938 2687 1053 2720 Terris
1087 2687 1222 2718 adnare
1254 2688 1300 2716 ita
1330 2684 1360 2721 1,
1387 2683 1463 2713 538.
1503 2701 1539 2705 —
1585 2683 1731 2716 Necesse

933 2739 982 2765 est
1005 2744 1049 2764 sc.
1076 2735 1150 2771 fato,
1176 2734 1258 2768 quod
1280 2732 1361 2760 flecti
1388 2730 1504 2765 nequit.

980 2778 1056 2809 614.
1088 2777 1179 2808 Fata
1209 2775 1302 2807 Iovis
1332 2783 1415 2811 quae
1443 2777 1493 2804 dat
1527 2776 1565 2805 cf.
1591 2773 1620 2813 2,
1647 2773 1729 2811 2573

933 2828 970 2855 de
998 2835 1032 2854 re
1065 2823 1095 2861 3,
1122 2821 1197 2851 250.
1233 2837 1270 2841 -
1308 2818 1373 2850 His
1399 2818 1565 2851 terminus
1592 2819 1730 2850 haeret:

933 2871 992 2909 „Si
1015 2873 1073 2899 hoc
1098 2873 1146 2897 est
1171 2864 1393 2896 immutabile“
1430 2868 1539 2903 Serv.,
1579 2867 1730 2902 quoniam

934 2916 1088 2946 terminos
1113 2913 1237 2942 moveri
1262 2912 1313 2941 fas
1339 2920 1402 2941 non
1428 2915 1485 2940 est.
1535 2913 1585 2940 Ita
1613 2909 1730 2940 termi-

933 2970 998 2990 nus
1024 2957 1170 2988 haerens
1195 2966 1245 2993 ap.
1265 2959 1359 2986 Lucr.
1387 2955 1417 2993 6,
1438 2955 1490 2985 65.

980 3002 1055 3033 615.
1085 3001 1213 3033 Audax
1233 3000 1386 3043 populus
1412 3006 1458 3030 est
1481 3002 1681 3029 Rutulorum.

1397 3047 1457 3089 14
