2023 3350
216 132 299 172 288

786 131 822 163 Ρ.
850 130 1049 166 VIRGILII
1083 133 1294 168 MARONIS

332 241 543 284 Continuo
579 240 754 283 auditae
789 255 930 294 voces,
974 244 1143 297 vagitus
1180 249 1222 288 et
1262 247 1425 301 ingens,

214 299 518 351 Infantunique
556 298 724 339 animae
761 298 912 341 flentes
948 300 993 341 in
1026 301 1172 343 limine
1209 304 1363 357 primo,

213 358 327 407 Quos
365 355 502 396 dulcis
538 355 651 396 vitae
685 360 877 398 exsortes
916 360 959 398 et
995 357 1050 399 ab
1089 359 1219 402 ubere
1259 367 1408 416 raptos

212 413 404 454 Abstulit
436 416 534 453 atra
569 412 658 453 dies
698 417 741 454 et
780 413 930 455 funere
964 416 1115 457 mersit
1145 417 1314 460 acerbo.

212 471 303 511 Hos
339 470 462 511 iuxta
501 468 611 511 falso
653 469 847 512 damnati
887 472 1065 514 crimine
1103 475 1267 516 mortis.

1776 479 1862 519 430

211 529 300 569 Neo
338 540 439 568 vero
479 526 561 567 hae
600 527 690 568 sine
728 531 845 570 sorte
882 529 1031 582 datae,
1075 530 1166 572 sine
1204 531 1369 585 iudice,
1415 534 1548 576 sedes.

211 585 440 635 Quaesitor
486 583 626 625 Minos
664 599 818 627 urnam
859 590 1023 639 movet,
1066 588 1138 629 ille
1180 589 1384 631 silentum

211 641 534 695 Conciliumque
573 645 721 694 vocat,
761 643 960 697 vitasque
1003 647 1044 686 et
1080 646 1259 687 crimina
1293 647 1431 689 discit.

325 699 527 740 Proxima
565 698 716 742 deinde
754 703 904 742 tenent
935 703 1090 744 maesti
1122 703 1238 754 loca,
1278 705 1352 758 qui
1393 704 1475 747 sibi
1507 705 1642 747 letum

208 758 407 798 Insontes
443 770 650 810 peperere
684 772 814 799 manu
847 758 1072 813 lucemque
1105 761 1250 814 perosi

706 816 844 866 Quam
886 817 1044 858 vellent
1081 818 1256 860 aethere
1292 818 1337 859 in
1369 818 1458 860 alto

206 815 430 856 Proiecere
466 815 645 856 animas.

1777 765 1861 805 435

207 873 333 914 Nune
373 875 415 913 et
450 872 701 926 pauperiem
737 877 780 915 et
813 872 946 916 duros
978 874 1170 928 perferre
1205 875 1396 918 labores!

206 930 290 971 Fas
327 929 490 982 obstat,
532 930 732 984 tristique
765 931 890 984 palus
925 932 1170 975 inamabilis
1206 933 1323 976 unda

207 988 392 1042 Alligat,
436 991 479 1029 et
519 987 665 1030 novies
703 987 810 1043 Styx
844 989 1057 1033 interfusa
1090 995 1270 1033 coercet.

208 1114 428 1146 426—449.
492 1114 607 1146 Locus
647 1123 785 1154 corum,

422 1158 514 1191 diem
548 1163 632 1191 sunt
665 1161 805 1192 mortui.

254 1216 330 1247 427.
362 1215 401 1246 1η
433 1215 552 1246 limine
582 1215 696 1258 primo
732 1227 776 1249 sc.
810 1221 883 1250 Orci
915 1226 1009 1257 sunt;

209 1272 285 1293 uam
326 1265 543 1293 Acherontem
584 1266 761 1294 transvecti
803 1267 931 1295 demum
975 1267 1009 1295 in

209 1313 326 1339 Orcum
348 1310 556 1345 perveniu¹113
579 1314 608 1338 et
626 1311 699 1346 Vgl.
719 1319 799 1340 usus
824 1317 871 1340 est
896 1314 1009 1341 domus

206 1356 434 1391 similitudine,
465 1359 499 1384 ut
523 1363 639 1391 supra,
667 1357 721 1385 ubi
748 1354 954 1386 vestibulum
979 1362 1009 1387 et

201 1400 328 1439 fauces
368 1398 448 1430 Orci
478 1402 669 1430 nominavit.
726 1402 913 1438 signandus
948 1411 1008 1433 au-

206 1452 268 1476 tem
299 1451 346 1475 est
373 1448 465 1476 locus
489 1447 581 1483 Orci,
613 1448 669 1475 uhi
695 1448 760 1476 sint
787 1449 946 1486 infantes,
974 1454 1007 1478 ut

206 1490 282 1520 430.
307 1490 382 1520 434.
412 1490 477 1520 440
502 1493 679 1529 iudicatum
706 1502 787 1528 quos
810 1503 929 1523 versus
948 1498 1006 1523 ab-

207 1539 342 1567 surdum
370 1542 455 1567 esset
479 1539 520 1566 ad
544 1540 650 1568 locum
680 1539 814 1575 referre,
855 1542 910 1575 qui
936 1541 1007 1575 ipse

205 1584 368 1612 iudicatus
396 1592 457 1612 non
486 1589 585 1615 esset,
633 1585 738 1619 Quare
762 1585 794 1613 iu
821 1588 881 1615 hoc
905 1595 1006 1615 versu

205 1631 320 1664 aliqua
343 1630 405 1658 loci
427 1630 536 1658 inesse
558 1631 646 1659 dehet
673 1631 874 1667 significatio.
919 1634 1006 1661 Male

203 1676 413 1712 distinguitur
438 1675 501 1704 sic:
520 1673 661 1714 flentes,
686 1673 721 1704 ἱη
748 1674 771 1704 Ι.
792 1685 827 1716 p.
852 1686 881 1717 q.
904 1675 936 1706 d.
965 1687 1006 1713 tu,

204 1729 231 1750 e.
261 1728 287 1749 e.
315 1729 347 1749 a.
381 1730 414 1749 u.
449 1729 501 1750 r...
550 1722 684 1757 Legitur
717 1729 768 1756 ap.
806 1724 878 1751 Sen.
912 1724 1005 1753 Herc.

202 1768 277 1794 Fur.
309 1764 393 1795 1132
426 1774 514 1806 quas
549 1766 718 1803 (animas)
753 1765 787 1795 in
819 1765 933 1806 primo
965 1767 1008 1798 li-

203 1809 284 1841 mite
309 1810 402 1841 vitae
427 1809 538 1840 scelus
564 1810 748 1852 oppressit.
791 1814 868 1842 Luc.
894 1811 923 1851 2,
945 1811 1006 1842 106

201 1866 270 1887 non
293 1854 408 1897 primo
440 1854 475 1885 ἰιι
502 1854 621 1886 limine
647 1855 743 1887 vitae
769 1855 922 1896 infantis
945 1857 1008 1888 mi-

201 1900 270 1932 seri
296 1900 478 1932 nascentia
505 1910 666 1942 rumpere
692 1902 787 1941 fata.
836 1907 874 1934 Et
901 1903 935 1934 in
963 1903 1005 1935 li-

201 1946 293 1977 mine
313 1946 447 1988 primo,
488 1949 608 1977 omisso
636 1946 746 1986 vitae,
786 1959 860 1979 esse
884 1951 1004 1980 dietum

201 1995 291 2023 docet
322 1995 396 2022 Val.
422 1995 469 2022 Fl.
497 1992 526 2031 3,
553 1992 616 2022 679
644 2002 702 2023 vos
726 1993 849 2034 quibus
874 1999 906 2026 et
933 1995 1005 2026 vir-

201 2042 257 2069 tus
281 2042 313 2068 et
338 2047 415 2078 spes
438 2036 474 2068 ἱη
497 2037 616 2068 limine
632 2038 758 2080 primo.
808 2043 869 2070 Sed
889 2050 1005 2072 exsor-

202 2088 252 2113 tes
294 2085 451 2114 desiderat
492 2085 632 2122 aliquid,
667 2094 728 2120 quo
765 2087 936 2124 referatur3
974 2095 1003 2118 et

202 2136 371 2165 postquam
397 2128 553 2165 infantes
580 2132 645 2160 iam
672 2132 747 2161 dicti
774 2138 864 2171 sunt,
890 2142 1004 2170 super-

201 2184 383 2205 vacaneum
410 2174 503 2205 vitae
529 2174 631 2205 limen
653 2182 711 2206 est.

248 2220 324 2250 429.
353 2224 439 2250 Idem
472 2230 591 2251 versus
622 2220 681 2259 11,
705 2221 746 2251 28
783 2239 819 2243 —
855 2228 1003 2263 „acerh0,

201 2267 390 2303 immatur03
419 2275 440 2296 a
465 2268 567 2303 pomis
593 2269 764 2297 translatio
791 2269 873 2298 95ῐῇι
900 2273 931 2299 S.
962 2287 1000 2291 ——

200 2311 316 2353 mergi
345 2322 371 2342 c.
404 2315 468 2342 ahl.
502 2314 540 2343 cf.
572 2311 647 2342 267.
699 2315 753 2344 Sic
787 2316 860 2345 Liv.
894 2314 955 2353 41,
984 2315 1002 2345 3

198 2367 279 2386 υιιιο
325 2367 511 2398 somnoque
560 2367 688 2389 mersos
735 2369 872 2398 lacere,-

203 2405 309 2440 siguat
338 2413 415 2439 rem,
442 2412 505 2440 qua
531 2406 761 2440 deprimuntur.

245 2448 320 2478 431.
352 2447 436 2478 Siue
467 2453 575 2487 sorte,
613 2448 687 2479 sinc
718 2448 833 2480 iudice
864 2453 1000 2489 iungen-

197 2496 272 2523 dum
296 2500 344 2524 est
371 2493 444 2524 sine
469 2498 560 2524 sorte
588 2496 681 2533 „sine
704 2497 835 2526 iudicio.
885 2499 998 2527 Traxit

198 2547 305 2570 autem
328 2544 388 2570 hoc
411 2542 448 2569 de
474 2549 561 2570 more
588 2540 767 2571 Romanm·⁶
797 2544 828 2571 S.
863 2547 895 2571 ut
926 2544 998 2572 ubi-

198 2595 269 2620 que.
319 2587 354 2614 Si
378 2589 444 2616 ullo
474 2589 543 2616 loco
563 2587 778 2616 demonstrari
802 2592 914 2624 potest,
933 2590 998 2618 Ro-

197 2639 328 2660 manum
361 2640 380 2660 a
411 2637 505 2667 poeta
535 2635 744 2662 observatum
770 2641 844 2662 esse
867 2642 997 2671 morem,

196 2685 260 2705 uon
291 2679 467 2713 Graecum,
509 2681 569 2708 hoc
600 2683 701 2713 potest
733 2680 819 2714 loco,
860 2688 921 2714 quo
954 2683 994 2709 ab

196 2724 345 2752 omuibus
392 2724 525 2752 Graecis
570 2724 723 2761 recessit,
771 2725 826 2758 qui
871 2725 996 2755 iudices

830 1116 890 1158 qui
930 1121 1010 1149 ante

928 2363 1004 2392 Abi.

196 2769 282 2802 apud
318 2769 438 2798 inferos
471 2769 598 2798 iunctos
629 2770 680 2798 ius
713 2770 818 2799 dicere
850 2776 992 2800 narrant.

195 2813 350 2842 Videmus
391 2819 497 2843 autem
535 2820 732 2852 praetorem,
773 2815 828 2850 qui
867 2822 995 2850 praeest

196 2859 377 2892 quaestioni
404 2864 593 2897 perpetuae,
621 2863 681 2889 hoc
706 2862 776 2890 loco
801 2869 898 2895 quum
924 2871 993 2891 sor—

195 2903 272 2932 titus
297 2910 383 2933 esset
408 2906 543 2943 iudiceS,
569 2914 719 2935 exercere
743 2906 908 2936 iudicium.

241 2947 316 2977 432.
348 2947 543 2987 Quaesitor.
575 2954 647 2980 Seu.
665 2953 781 2988 Agam.
799 2950 838 2980 24
856 2951 994 2991 quaesi-

195 2994 247 3021 tor
272 3002 361 3022 urna
383 2992 534 3024 Gnosius
558 2999 674 3026 versat
702 3005 789 3026 reos.
813 3013 850 3017 ——
881 2995 996 3027 Minos

195 3038 285 3066 Iovis
312 3043 339 3068 et
357 3041 505 3077 Europae
524 3042 621 3081 filiuS,
644 3043 758 3073 Cretae
783 3051 852 3082 rex,
879 3046 916 3073 oh
943 3045 994 3074 iu—

1059 1120 1193 1157 stitiam,
1219 1129 1284 1157 qua
1298 1125 1415 1150 terram
1430 1128 1524 1150 suam
1539 1124 1677 1157 rexerat,
1700 1121 1787 1155 apud
1809 1119 1861 1149 in-

1058 1166 1143 1195 feros
1168 1168 1266 1196 iudex
1287 1168 1480 1196 constitutus
1504 1171 1562 1195 est.
1598 1166 1703 1195 Simul
1726 1167 1860 1195 Rhada-

1057 1215 1211 1241 manthus
1235 1218 1264 1241 et
1281 1213 1413 1242 Aeacus
1432 1212 1471 1242 cf.
1489 1214 1562 1240 Seu.
1580 1213 1672 1242 Herc.
1687 1213 1760 1240 Fur.
1781 1209 1858 1240 731.

1058 1258 1150 1287 Hanc
1190 1261 1347 1287 Graecam
1382 1258 1526 1287 fabulam
1562 1258 1636 1294 Vgl.
1675 1258 1861 1286 Romanum

1056 1304 1152 1332 vertit
1183 1304 1216 1332 in
1248 1312 1384 1339 morem3
1423 1307 1577 1333 memorat
1611 1303 1699 1332 enim
1733 1310 1860 1332 urnam

1055 1351 1185 1387 movet,
1219 1350 1252 1378 in
1289 1357 1353 1384 qua
1389 1349 1499 1378 insunt
1536 1349 1668 1377 nomina
1705 1349 1861 1380 iudicum.

1057 1395 1145 1423 Urna
1160 1396 1283 1424 Minoia
1300 1399 1495 1424 memoratur
1518 1395 1616 1423 etiam
1631 1402 1651 1423 a
1664 1395 1777 1423 Claud.
1789 1395 1858 1424 ΒΡ.

1056 1439 1085 1476 2,
1115 1439 1178 1469 332
1206 1442 1356 1476 ¹aliisque.
1405 1442 1503 1476 Apud
1529 1442 1607 1469 Stat.
1633 1441 1730 1469 Theb.
1757 1437 1789 1478 8,
1815 1437 1859 1468 22

1058 1483 1138 1514 Dur
1184 1484 1289 1515 Erebi
1324 1484 1472 1526 populos
1510 1483 1672 1525 poscebat
1709 1483 1860 1515 crimina

1054 1530 1168 1567 vitac5
1205 1533 1351 1561 assident
1375 1533 1482 1561 Minos
1510 1540 1583 1561 cum
1607 1533 1858 1560 Rhadamantho

1052 1582 1081 1606 et
1108 1574 1188 1606 iura
1220 1576 1329 1607 bonus
1353 1575 1499 1607 meliora
1530 1579 1646 1607 monet
1670 1584 1861 1618 regemque

1054 1625 1230 1652 cruentum
1257 1625 1439 1662 temperat.

1102 1666 1177 1697 4:33.
1205 1670 1350 1698 Sorlihus
1369 1669 1473 1698 ductis
1494 1670 1633 1698 advocat
1656 1671 1799 1705 umbras,
1825 1672 1856 1697 et

1054 1715 1220 1750 cognoscit
1245 1715 1333 1744 vitae
1359 1715 1517 1744 rationem
1541 1719 1572 1743 et
1595 1714 1742 1743 facinora
1766 1722 1855 1745 com-

1054 1753 1167 1789 missa.

1100 1804 1177 1834 435.
1209 1803 1378 1842 Insontes,
1402 1814 1465 1834 non
1486 1806 1552 1834 alio
1574 1806 1711 1835 crimine
1729 1806 1855 1843 polluti,

1055 1853 1111 1880 sed
1138 1852 1226 1880 vitae
1258 1852 1380 1886 taedio;
1424 1852 1478 1886 qui
1509 1852 1669 1881 abiectam
1693 1859 1714 1880 a
1741 1860 1777 1880 se
1801 1852 1854 1881 vi-

1054 1901 1120 1926 tam
1147 1897 1213 1926 iam
1234 1898 1365 1932 cupiunt
1384 1904 1548 1927 revocare.
1574 1912 1611 1917 —-
1649 1894 1771 1927 Letum
1795 1905 1856 1937 pe-

1049 1951 1169 1982 perere
1195 1951 1303 1971 manu
1327 1943 1372 1972 ita
1397 1941 1427 1979 2,
1453 1940 1518 1971 645
1542 1940 1616 1983 ipse
1634 1951 1741 1972 manu
1765 1950 1856 1972 mor-

1051 1991 1116 2017 tem
1145 1986 1335 2017 inveniam.
1366 1989 1413 2018 Cf.
1434 1986 1511 2017 395.
1539 2004 1577 2009 —
1606 1986 1715 2018 lucem
1739 1986 1857 2029 perosi

1051 2034 1089 2064 cf.
1118 2034 1148 2070 5,
1175 2032 1251 2063 687.

1098 2077 1174 2108 436.
1206 2077 1384 2109 Proiccere
1406 2077 1546 2109 animas
1570 2080 1688 2116 „quasi
1711 2088 1778 2109 rem
1803 2080 1853 2109 vi-

1050 2124 1147 2154 leui.“
1180 2128 1211 2154 S.
1268 2126 1322 2155 Sic
1353 2122 1411 2161 11,
1442 2124 1518 2155 361.
1573 2126 1642 2154 Cat.
1673 2126 1777 2160 Epith.
1808 2123 1848 2154 81

1057 2168 1207 2200 Theseus
1228 2179 1292 2210 pro
1317 2169 1409 2200 caris
1429 2179 1554 2209 corpus
1576 2168 1722 2200 Athenis
1743 2169 1854 2211 proii-

1052 2225 1127 2245 σει-ε
1154 2215 1302 2257 optavit.
1345 2232 1383 2236 —
1430 2225 1554 2256 quam,
1590 2220 1787 2251 quantopere
1811 2217 1851 2246 cf.

1053 2260 1129 2291 694.
1201 2259 1383 2292 Aetherem
1420 2260 1533 2291 altum
1575 2264 1708 2291 umbrae
1744 2263 1850 2292 dicunt

1051 2315 1183 2345 auram,
1229 2315 1294 2343 qua
1331 2312 1416 2336 terra
1447 2308 1731 2343 circumfunditur,
1774 2315 1851 2338 nam

1052 2359 1184 2382 utuntur
1214 2355 1394 2390 vocabulo,
1430 2361 1492 2388 quo
1517 2354 1660 2382 maxime
1682 2361 1797 2388 puram
1820 2358 1852 2383 et

1051 2400 1188 2428 hilarem
1214 2407 1286 2427 eam
1306 2399 1369 2428 sibi
1397 2407 1481 2428 nunc
1508 2399 1613 2428 videri
1637 2400 1788 2429 indicent.

1097 2442 1173 2473 4:37.
1206 2441 1408 2483 pauperies·
1424 2438 1523 2474 etiam
1553 2452 1604 2480 ap.
1629 2446 1705 2474 Hor.
1725 2447 1792 2474 Sat.
1818 2443 1849 2483 2,

1047 2490 1078 2524 5,
1105 2487 1123 2517 9
1151 2494 1209 2519 etc.
1242 2498 1298 2525 pro
1327 2498 1359 2518 v.
1385 2493 1592 2530 paupertas.
1639 2491 1693 2519 Ad
1719 2496 1849 2520 senten-

1047 2536 1125 2564 tiam
1150 2535 1188 2565 cf.
1210 2537 1301 2564 Hom.
1330 2537 1384 2564 Od.
1416 2534 1467 2573 11,
1492 2534 1557 2565 489
1581 2544 1628 2571 sq.

1093 2578 1168 2610 438.
1200 2578 1269 2609 Fas
1292 2582 1343 2610 ius
1363 2581 1512 2610 divinum
1538 2582 1671 2617 ideoque
1697 2582 1848 2611 immuta—

1046 2627 1126 2660 bile,
1161 2634 1237 2655 nam
1268 2627 1484 2656 irremeabilis
1517 2629 1614 2659 unda.
1653 2643 1692 2647 -
1737 2625 1847 2656 Palas

1044 2679 1144 2707 saepe
1180 2673 1330 2702 dicuntur
1366 2672 1489 2702 Inferni
1524 2673 1657 2702 flumina
1692 2673 1731 2702 ef.
1767 2670 1844 2700 323.

1046 2716 1109 2746 369
1138 2722 1211 2756 etc.,
1235 2720 1319 2753 quod
1345 2720 1437 2747 tarda
1462 2718 1571 2747 fluunt.

1089 2772 1164 2803 439.
1190 2776 1279 2804 Idem
1302 2782 1404 2810 paene
1429 2784 1460 2805 v.
1486 2777 1521 2804 G.
1546 2772 1576 2811 4,
1600 2772 1676 2803 479.
1695 2771 1771 2802 480.
1800 2789 1844 2793 -—

1041 2816 1176 2860 alligat
1200 2821 1245 2849 ita
1269 2822 1346 2850 Luc.
1373 2819 1402 2857 2,
1429 2820 1472 2849 50
1502 2818 1731 2860 Massageten
1761 2816 1846 2859 Scy-

1040 2861 1152 2893 thicus
1185 2874 1252 2894 non
1283 2863 1418 2906 alligat
1452 2863 1550 2896 Ister.
1591 2879 1629 2884 —
1669 2862 1763 2894 tristi
1795 2868 1843 2903 bc,

1041 2908 1152 2939 trieris
1167 2912 1261 2950 PRy,
1287 2912 1320 2940 in
1335 2913 1377 2939 M.
1402 2919 1521 2940 versus
1542 2914 1591 2939 est
1616 2912 1772 2938 turbatus.
1801 2927 1839 2930 —

1041 2953 1137 2984 unda
1156 2954 1253 2993 M'kR,
1276 2954 1395 2985 undae
1414 2953 1552 2995 Mlel.
1592 2956 1668 2984 Inde
1689 2952 1751 2984 Rb.
1767 2964 1845 2985 con-

1039 3001 1111 3029 fecit
1139 2998 1318 3041 tris-lisque
1334 3010 1369 3041 p.
1386 2999 1406 3030 ῐ.
1431 2998 1561 3037 undae,
1588 3001 1754 3030 lectionem
1781 3010 1842 3031 non

1040 3046 1149 3076 mitius
1171 3050 1313 3086 probam,
1335 3048 1392 3076 sed
1410 3054 1493 3082 quae
1508 3053 1569 3075 non
1587 3047 1714 3076 videtur
1728 3054 1749 3076 a
1763 3047 1841 3077 Vir—
