2023 3350
323 135 407 176 490

887 134 923 164 P.
953 132 1150 166 V1RG1L11
1176 133 1387 168 MAROMS

322 246 442 288 Mille
484 245 602 299 rapit
631 244 784 287 densos
826 244 918 286 acie
958 248 1088 298 atque
1125 245 1398 288 horrentibus
1433 246 1583 288 hastis.

322 303 412 344 Hos
451 316 604 355 parcre
636 301 783 343 iubent
814 302 1008 356 Alpheae
1044 301 1098 344 ab
1137 304 1301 356 origine
1343 304 1483 355 Pisae,

322 359 434 401 Urbs
476 360 660 401 Etrusca
695 360 800 401 solo.

861 359 1064 412 Sequitur
1097 360 1411 414 pulcherrimus
1449 363 1601 412 Astur,

1874 361 1952 401 180

320 418 454 458 Astur
490 430 598 470 equo
636 417 772 458 fidens
808 421 850 459 et
889 416 1224 458 versicoloribus
1256 419 1400 460 armis.

321 475 573 515 Tercentum
609 474 818 516 adiiciunt
846 500 903 505 —
931 488 1049 516 mens
1088 475 1283 516 omnibus
1319 490 1404 518 una
1442 475 1646 530 sequendi
1675 500 1728 504 —

322 532 403 582 Qui
446 532 623 573 Caerete
661 532 806 583 domo,
845 532 919 586 qui
957 536 1055 574 sunt
1091 532 1292 574 Minionis
1328 533 1371 574 in
1407 534 1539 586 arvis,

320 590 377 631 Et
414 589 543 642 Pyrgi
578 593 760 641 veteres,
795 590 1165 644 intempestaeque
1207 590 1448 632 Graviscae.

435 647 530 688 Non
567 661 645 701 ego
685 651 749 699 te,
790 648 997 701 Ligurum
1038 648 1194 689 ductor
1231 647 1465 690 fortissime
1501 648 1636 700 bello,

1872 648 1952 688 185

319 704 597 757 Transierim,
637 705 790 760 Cinyre
828 709 870 748 et
903 705 1054 759 paucis
1091 705 1294 747 comitate
1328 706 1520 760 Cupavo,

364 820 439 851 173.
466 820 579 862 rapit,
610 828 642 852 ut
667 821 697 857 7,
724 821 799 852 725.
828 839 866 843 ——
894 821 1018 853 densos
1041 821 1116 853 acie

318 869 339 897 i.
364 877 391 897 e.
423 869 477 903 qui
516 869 550 897 in
589 870 659 899 acie
693 870 786 898 densi
819 878 963 906 pugnare
998 872 1113 907 solent,

317 915 425 949 itaque
450 915 571 944 milites
595 916 708 951 gravis
731 920 924 945 armaturae.

366 968 439 1001 179.
472 969 573 1000 Pisae
615 972 735 1008 [Pisa]
779 973 928 1007 Alpheae
966 973 1115 1002 dicuntur

316 1018 415 1047 etiam
441 1025 461 1046 a
480 1018 604 1046 Rutilio
632 1019 706 1046 Itin.
738 1016 767 1054 1,
793 1016 857 1046 565
884 1023 913 1048 et
933 1019 1112 1048 Claudiano

317 1065 401 1093 Bell.
439 1063 520 1092 Gild.
565 1062 646 1099 483,
689 1068 827 1099 suntque
870 1062 912 1093 ab
963 1062 1112 1104 origiue,

317 1111 399 1145 quod
419 1113 612 1145 putabantur
637 1117 658 1139 a
682 1111 763 1139 Pisa
786 1113 864 1139 urbe
883 1111 922 1139 ad
947 1111 1111 1145 Alpheum

317 1156 351 1184 in
383 1156 473 1184 Elide
509 1156 574 1185 sita
616 1157 688 1185 eius
727 1156 853 1186 incolae
895 1156 1110 1193 immigrasse.

317 1202 371 1231 Sic
397 1204 511 1230 Strabo
530 1201 561 1237 5,
585 1201 616 1236 2,
635 1203 665 1230 5.
687 1200 750 1229 222
770 1194 792 1240 ἦ
811 1195 848 1230 δὲ
870 1197 966 1230 Πίσα
981 1197 1111 1239 κτίσμα

317 1241 391 1276 ἐστὶ
409 1243 481 1276 τῶν
497 1240 534 1276 ἐν
552 1244 594 1288 τῇ
618 1240 883 1288 Πελοποννήσῳ
908 1243 1106 1284 Πεισατῶν,

316 1300 452 1328 eamque
501 1300 521 1321 a
562 1294 720 1322 militibus
767 1293 912 1322 Nestoris
949 1294 1109 1322 conditam

315 1339 419 1368 refert.
468 1340 584 1368 lustin.
611 1337 663 1369 20.
690 1338 700 1367 Ι
738 1336 838 1367 Pisae
861 1336 894 1367 in
918 1335 1110 1377 Liguribus

321 1382 471 1413 Graecos
491 1387 650 1414 auctores
666 1382 804 1412 habent.
835 1385 909 1419 Ygl.
927 1385 998 1413 sine
1014 1385 1109 1413 dubio

315 1430 442 1460 incolas
467 1431 579 1459 habuit
602 1432 735 1459 Nestore
759 1430 968 1464 antiquiores.
1007 1431 1108 1465 „Cato

315 1477 402 1513 Orig.
446 1474 472 1505 1.
507 1474 567 1515 qui
594 1473 693 1505 Pisas
719 1474 893 1506 tenuerint
927 1478 1010 1505 ante
1045 1474 1109 1504 ad—

315 1524 456 1551 ventum
497 1520 721 1551 Etruscorum
762 1524 873 1559 negat
913 1518 979 1549 sibi
1019 1530 1109 1550 com-

312 1565 488 1608 pertum.‘'·
515 1570 546 1596 S.
576 1569 643 1597 Hoc
656 1568 689 1596 in
713 1567 894 1603 Servianis,
918 1567 973 1596 ubi
988 1569 1109 1596 multae

316 1614 403 1642 aliae
429 1615 465 1643 de
491 1614 707 1643 conditoribus
742 1616 872 1642 exstant
893 1613 1107 1642 narrationes

315 1660 424 1691 Pisae,
450 1660 642 1695 Populonia,
666 1660 767 1688 Caere
784 1659 978 1693 praecipuae
994 1659 1109 1687 viden-

315 1709 367 1734 tur
398 1705 526 1734 florente
562 1707 679 1739 populo
714 1706 846 1734 Etrusco
879 1704 983 1733 fuisse
1013 1707 1108 1733 urbes

315 1751 497 1780 maritimae
527 1755 557 1779 et
588 1756 801 1780 mercaturam
836 1750 1034 1779 exercuisse.
1068 1765 1105 1769 —

318 1794 472 1825 Etrusca
505 1801 611 1825 autem
642 1801 689 1825 est
725 1793 797 1825 solo
830 1798 924 1831 urbs,
951 1797 1034 1830 quod
1061 1799 1108 1824 est

315 1843 349 1871 in
377 1842 505 1871 Etruria
534 1843 608 1871 sita.
661 1838 820 1880 Alpheae
853 1838 995 1880 origine
1026 1842 1108 1870 coni.

320 1885 400 1917 Lch.
426 1897 488 1917 rec.
514 1885 577 1917 Rb.
602 1888 640 1917 cf.
666 1888 697 1922 ς.
715 1887 743 1917 6.
761 1888 824 1917 etsi
849 1887 882 1916 in
904 1890 985 1916 Mss.
1006 1888 1110 1916 omni-

315 1936 376 1963 bus
401 1938 449 1963 est
468 1931 521 1963 ab.

527 1999 591 2031 180
604 2017 645 2021 —-
659 1999 732 2029 124.
780 1996 898 2031 Astur.

363 2057 437 2087 182.
468 2056 648 2088 Adiiciunt
668 2059 837 2087 Caeretani
856 2062 1021 2093 trecentos,
1039 2058 1112 2093 qui-

314 2108 375 2134 bus
416 2113 481 2134 una
515 2110 565 2134 est
601 2105 763 2139 cupiditas
789 2105 943 2139 sequendi
975 2109 1006 2133 et
1042 2106 1111 2133 bel-

314 2151 415 2180 laudi.

361 2205 436 2236 183.
470 2205 611 2236 Caerete
643 2203 755 2235 ‹Iomo-
813 2208 860 2235 De
885 2210 1046 2236 structura
1069 2206 1108 2236 cf.

314 2252 352 2290 S,
391 2251 465 2290 114,
497 2255 535 2282 de
559 2253 662 2281 forma
692 2250 836 2281 Caerete
870 2250 946 2289 597,
973 2254 1010 2281 de
1032 2255 1110 2281 urbe

315 2297 391 2328 479.
430 2315 468 2319 —
503 2299 665 2336 „Flavius
702 2303 751 2327 est
781 2296 915 2327 Minio.“
967 2301 998 2327 S.
1044 2299 1107 2333 Ap.

312 2346 484 2381 Rut.1tin.
523 2343 548 2382 1,
575 2343 639 2373 279
675 2349 724 2373 est
756 2341 840 2373 litus
869 2341 1024 2373 Minione
1047 2352 1110 2373 va-

313 2389 447 2420 desum.

361 2434 436 2465 184.
466 2433 594 2477 Pyrgi:
625 2436 716 2471 „Hoc
744 2437 913 2466 castellum
940 2435 1110 2464 nobilissi-

312 2491 400 2513 mum
422 2483 482 2511 fuit
504 2491 540 2511 eo
560 2486 710 2517 tempore,
737 2491 798 2518 quo
822 2483 919 2511 Tusci
937 2481 1107 2515 piraticam

312 2526 560 2558 exercuerunt.“
587 2530 618 2556 S.
647 2527 694 2556 Cf.
722 2531 825 2557 Strab.
853 2529 890 2565 5,
918 2526 948 2564 2,
972 2525 1003 2556 S.
1030 2524 1106 2555 226.

312 2575 409 2609 Apud
435 2575 532 2603 Rutil.
558 2574 631 2602 ltin.
659 2570 691 2607 1,
725 2572 788 2602 223
824 2571 934 2612 Pyrgi
959 2574 1108 2602 dicuntur

309 2628 401 2649 nunc
427 2617 536 2649 villae
559 2616 733 2659 grandes,
766 2617 930 2659 oppidum
956 2626 1105 2657 parvum

309 2663 420 2705 prius:
444 2680 488 2686 —
519 2662 726 2704 Grauiscae,
752 2667 792 2695 ad
822 2672 910 2694 mare
936 2665 967 2693 in
993 2664 1107 2692 humili

312 2715 343 2740 et-
381 2712 519 2747 palustri
560 2713 628 2740 loco
668 2713 762 2749 sitae,
798 2712 889 2747 „ideo
927 2710 1107 2739 Graviscae

311 2757 416 2787 dictae
437 2762 522 2791 sunt,
540 2760 622 2792 quod
640 2767 773 2793 gravem
788 2766 894 2786 aerem
911 2755 1107 2785 siistineiit.“

313 2804 391 2832 Cato
428 2812 478 2839 ap.
510 2806 601 2832 Serv.
638 2805 719 2834 Hinc
744 2802 982 2842 intempestae.
1030 2804 1107 2830 Erat

312 2850 440 2877 colonia
471 2851 619 2879 Romana
651 2851 736 2879 Vell.
772 2848 801 2885 l,
828 2846 881 2883 15,
904 2852 933 2876 et
954 2848 1027 2876 Liv.
1051 2845 1105 2882 40,

311 2892 353 2922 29
381 2893 526 2924 Colonia
551 2893 744 2924 Gravis-cae
771 2903 809 2924 eo
834 2902 927 2922 anno
955 2890 1108 2922 deducta

313 2941 362 2967 eet
387 2937 422 2969 in
447 2948 573 2981 agrum
597 2939 782 2970 Etruscum
803 2938 845 2970 de
875 2936 1110 2978 Tarquinien-

313 2981 406 3014 sibus
432 2984 607 3025 quondam
635 2989 787 3027 captum.
829 2985 946 3013 Rutilii
971 2989 1109 3019 tempore

312 3035 401 3058 erant
430 3028 677 3061 Graviscarum
704 3029 860 3073 fastigia
886 3038 987 3067 rara,
1022 3039 1110 3069 quas

1156 821 1283 864 premit
1305 821 1460 852 aestivae
1487 831 1589 863 saepe
1610 818 1755 862 paludis
1775 817 1859 849 odor
1879 819 1953 848 ltin.

1163 867 1191 906 1,
1217 867 1292 898 281.
1318 872 1448 899 veteres
1468 866 1658 898 Graviscae
1676 875 1726 902 ap.
1749 867 1808 896 Sil.
1825 863 1857 904 8,
1875 863 1952 893 475.

1206 924 1404 956 185—197.
1455 923 1603 965 Cupavo,
1625 921 1694 954 dux
1717 921 1898 963 Ligurum.

1208 970 1383 1001 iso—88.
1408 973 1534 1002 Versus
1569 975 1643 1001 sunt
1684 967 1951 1006 desperatissimi.

1165 1015 1312 1059 Legitur
1346 1015 1495 1057 Cinyrae
1524 1020 1566 1050 M,
1596 1018 1631 1046 iu
1663 1024 1724 1051 quo
1750 1017 1884 1051 saepius
1910 1020 1952 1044 ae

1159 1073 1214 1099 pro
1238 1072 1269 1099 ες
1296 1065 1430 1102 ἱῐιῇἰὶίε
1455 1061 1579 1103 Cinyre
1598 1063 1680 1098 quod
1694 1070 1756 1092 rec.
1781 1059 1865 1102 Wg.
1886 1057 1950 1089 Rb.

1164 1107 1290 1147 Cinire,
1308 1107 1439 1145 Cinere.
1458 1107 1606 1148 Cycnoe,
1621 1106 1770 1146 Cnnare,
1784 1105 1954 1141 Camere,-

1156 1156 1275 1192 legitur
1312 1156 1409 1184 etiam
1450 1152 1594 1193 Cinyra,
1639 1151 1778 1190 Cinera,
1820 1149 1952 1192 Cyrina

1157 1205 1187 1230 et
1213 1198 1354 1230 Cinirus
1374 1206 1402 1230 et
1427 1197 1543 1237 tacite,
1570 1201 1648 1229 alia.
1697 1201 1805 1234 Neque
1822 1199 1950 1235 mirum,

1157 1250 1186 1275 si
1217 1248 1250 1275 in
1286 1248 1413 1276 nomine
1441 1247 1548 1282 ignoto
1584 1245 1713 1275 librarii
1747 1247 1949 1274 erraverunt.

1156 1294 1233 1321 Inde
1258 1295 1298 1321 ab
1323 1293 1459 1322 Heinsio
1484 1292 1578 1321 multi
1607 1289 1736 1330 Cinyra
1754 1293 1950 1327 receperunt,

1154 1343 1185 1368 et
1212 1335 1286 1369 Ld..
1311 1339 1366 1373 qui
1389 1343 1495 1367 tamen
1516 1347 1552 1367 eo
1577 1338 1611 1366 in
1634 1337 1763 1367 nomine
1787 1341 1950 1372 corrupte-

1154 1386 1221 1413 lam
1237 1387 1367 1419 putabat
1383 1393 1466 1413 esse.
1500 1385 1677 1420 Hertzberg
1694 1384 1775 1413 coni.
1795 1380 1949 1422 cydaris,

1155 1439 1251 1465 qutun
1285 1438 1336 1465 ap.
1364 1432 1443 1459 Geli.
1474 1427 1534 1467 10,
1566 1428 1606 1457 25
1647 1426 1813 1468 cydarum
1846 1436 1950 1465 genus

1153 1477 1285 1510 aliquod
1307 1477 1349 1505 sit
1373 1476 1518 1505 navium.
1569 1472 1643 1514 Hff.
1668 1477 1770 1505 latere
1794 1478 1883 1510 putat
1916 1474 1950 1503 in

1161 1519 1287 1559 Cinyre
1316 1530 1432 1550 nomeu
1455 1521 1545 1550 urbis
1569 1521 1711 1556 aliquod.
1760 1521 1814 1550 Sic
1838 1527 1951 1550 omnes

1155 1567 1226 1595 VV.
1268 1568 1335 1595 DD.
1383 1572 1467 1596 recte
1512 1567 1546 1595 in
1591 1574 1629 1595 eo
1668 1567 1871 1596 consentiunt
1913 1566 1949 1594 in

1161 1609 1288 1651 Cinyrc
1313 1615 1448 1641 subesse
1474 1620 1624 1641 errorent.
1673 1614 1870 1642 Memoratur
1886 1611 1949 1640 ali-

1154 1659 1227 1692 quis
1257 1658 1410 1693 Cinyras,
1434 1667 1492 1687 rex
1513 1658 1640 1694 Syriae,
1665 1658 1804 1693 quierat
1821 1666 1838 1687 e
1856 1661 1949 1693 gente

1155 1704 1376 1741 Phaethontis,
1400 1705 1454 1738 qui
1480 1704 1567 1732 filius
1591 1707 1659 1733 erat
1684 1704 1829 1742 Tithoni,
1853 1711 1949 1738 quem

1155 1754 1307 1778 memorat
1322 1750 1541 1784 Apollodorus
1560 1747 1589 1786 3,
1616 1747 1669 1787 14,
1694 1748 1712 1777 3
1728 1748 1804 1784 (qui
1820 1750 1949 1778 videtur

1155 1795 1239 1823 idem
1264 1803 1338 1824 esse
1364 1796 1418 1830 qui
1442 1802 1493 1830 ap.
1513 1796 1588 1824 Tac.
1608 1796 1646 1823 H.
1673 1792 1703 1832 2,
1730 1793 1748 1823 3
1766 1795 1950 1824 condidisse

1155 1841 1271 1870 dicitur
1294 1843 1447 1876 templum
1470 1841 1610 1869 Veneris
1635 1841 1791 1875 Paphiae.
1839 1841 1886 1870 Cf.
1912 1841 1951 1870 de

1157 1887 1280 1922 Cinyra
1310 1887 1419 1923 Gierig
1443 1888 1483 1915 ad
1511 1888 1570 1915 Ov.
1597 1888 1639 1915 M.
1664 1884 1716 1923 10,
1741 1884 1838 1923 298).
1887 1888 1951 1916 Sed

1155 1934 1195 1961 ad
1216 1941 1288 1961 eum
1316 1940 1378 1961 sua
1399 1933 1575 1969 Virgilium
1605 1932 1758 1962 retulisse
1792 1934 1949 1968 quomodo

1156 1979 1327 2013 probabis?
1374 1981 1411 2007 In
1441 1981 1537 2007 rebus
1571 1982 1679 2007 autern
1709 1982 1740 2008 et
1762 1979 1950 2008 nominibus

1157 2025 1309 2054 obscuris
1335 2029 1447 2059 aperte
1489 2029 1517 2053 et
1544 2025 1720 2059 perspicue
1752 2029 1852 2060 poeta
1883 2032 1949 2053 rein

1158 2071 1294 2099 debebat
1329 2078 1509 2105 exponere.
1563 2071 1644 2104 Quid
1677 2070 1795 2106 igitur?
1844 2071 1948 2106 Quum

1158 2118 1190 2145 te
1216 2121 1246 2144 et
1277 2114 1400 2145 ductor
1425 2124 1522 2144 unum
1545 2116 1687 2150 aliquem
1714 2123 1792 2145 esse
1814 2107 1949 2144 demon-

1156 2166 1272 2199 strent,
1296 2162 1411 2190 mirum
1439 2163 1523 2195 quod
1550 2163 1612 2190 duo
1645 2162 1852 2190 nominantur
1892 2158 1950 2190 Ci-

1156 2216 1262 2247 nyras
1288 2212 1315 2236 et
1345 2205 1509 2246 Cupa1103
1537 2212 1566 2236 et
1593 2215 1688 2241 quum
1720 2208 1860 2241 Cinyras
1892 2215 1950 2236 es-

1156 2257 1205 2281 set
1236 2254 1389 2289 Ligurum
1421 2255 1552 2290 ductor,
1587 2253 1756 2287 quaeritur
1793 2253 1847 2287 qui
1884 2253 1948 2282 sint
1975 2250 1977 2259 ¹

1154 2299 1292 2328 comites
1324 2299 1523 2334 Cupavonis.
1571 2299 1636 2328 Alii
1674 2295 1804 2338 Cinyra
1829 2299 1949 2327 ablati-

1153 2352 1231 2374 vum
1259 2353 1336 2374 esse
1365 2348 1494 2381 putant,
1529 2347 1561 2372 ut
1591 2345 1729 2379 Cupavo
1765 2345 1889 2379 Cinyra
1917 2347 1948 2373 et

1155 2391 1270 2425 paucis
1302 2390 1343 2419 sit
1376 2390 1562 2419 comitatus.
1610 2392 1724 2424 ltaque
1754 2394 1785 2418 et
1809 2391 1947 2424 Cupavo

1153 2436 1271 2465 eteius
1289 2443 1399 2465 comes
1409 2437 1561 2472 Cinyras,
1577 2441 1708 2470 propter
1721 2435 1948 2465 claritudinem

1154 2482 1337 2519 memorati,
1372 2490 1476 2516 aeque
1515 2486 1589 2510 sunt
1629 2481 1770 2511 obscuri.
1824 2481 1945 2510 Paucis

1153 2533 1259 2557 autem
1296 2528 1467 2556 comitatus
1501 2532 1532 2555 ut
1569 2527 1609 2556 sit
1644 2529 1796 2564 cupavo,
1833 2530 1947 2562 putant

1152 2581 1225 2601 eum
1268 2574 1408 2602 iuvenes
1448 2573 1637 2609 excitasse,
1675 2573 1728 2607 qui
1771 2571 1947 2601 voluntarii

1153 2620 1325 2648 militarent
1352 2616 1529 2659 (Gcfolge
1550 2619 1592 2647 cf.
1620 2617 1713 2654 194).
1761 2619 1943 2647 Notandum

1152 2670 1259 2694 autem
1287 2670 1362 2693 aute
1381 2665 1502 2697 omnia,
1529 2666 1672 2700 Cinyrae
1697 2665 1826 2692 omnino
1854 2671 1945 2692 men-

1151 2712 1271 2740 tionem
1289 2711 1440 2739 servium
1458 2711 1580 2739 fecisse
1598 2712 1741 2745 nullam;
1762 2716 1834 2738 nam
1860 2715 1943 2742 quae

1151 2757 1183 2785 in
1199 2757 1368 2785 Servianis
1384 2758 1545 2793 leguntur,
1563 2759 1734 2791 quaesunt
1749 2755 1788 2782 de
1801 2754 1943 2791 Cunaro,

1152 2803 1264 2831 Piceni
1287 2808 1406 2838 monte,
1432 2811 1495 2831 non
1518 2806 1593 2830 sunt
1615 2802 1647 2830 in
1673 2800 1823 2830 omnibus
1839 2799 1942 2828 libris.

1152 2848 1277 2877 Deinde
1312 2847 1420 2877 Servii
1452 2849 1492 2877 ad
1522 2850 1609 2876 hunc
1642 2853 1774 2875 versum
1806 2849 1942 2873 exstare

1152 2898 1292 2922 tantum:
1320 2891 1506 2933 „Culmum
1533 2902 1552 2922 ο
1582 2890 1724 2930 Cupauo
1748 2894 1778 2918 et
1796 2891 1945 2919 declina-

1153 2945 1202 2968 tur
1241 2937 1385 2978 Cupavo
1416 2939 1500 2968 sicut
1533 2942 1564 2966 et
1599 2934 1717 2966 Cicero
1746 2939 1777 2964 et
1813 2933 1944 2968 Catoe‘

1155 2986 1240 3014 unde
1280 2989 1417 3020 apparet
1452 2975 1559 3020 ipsuin
1598 2989 1717 3011 nomen
1752 2982 1943 3016 Cupavonis

1155 3031 1184 3059 ei
1222 3031 1328 3060 fuisse
1364 3032 1550 3060 obscurum,
1583 3027 1615 3056 in
1657 3027 1794 3061 reliquis
1833 3031 1943 3057 autem
