2023 3350
129 243 377 286 Incolimus.

130 302 224 343 Hoc
263 303 467 356 superate
506 300 675 354 iugum,
717 303 760 342 et
796 300 916 343 facili
954 301 1044 343 iam
1081 302 1259 344 tramite
1299 303 1462 345 sistam.

129 360 271 411 Dixit,
313 363 356 401 et
395 362 497 400 ante
530 357 633 399 tulit
668 373 887 412 gressum,
930 373 1193 414 camposque
1232 361 1420 403 nitentes

130 418 327 471 Desuper
367 420 578 468 ostentat,
619 416 776 458 dehinc
814 431 981 460 summa
1025 418 1253 460 cacumina
1296 419 1512 474 linquunt.

245 477 304 517 At
344 479 471 528 pater
513 473 722 516 Anchises
763 477 934 529 penitus
967 476 1160 518 convalle
1196 477 1354 519 virenti

131 533 328 575 Inclusas
362 532 529 574 animas
562 547 854 587 superumque
891 533 949 575 ad
987 534 1133 576 lumen
1172 534 1312 576 ituras

130 591 370 633 Lustrabat
406 590 550 632 studio
590 591 801 643 recolens,
843 606 1097 646 omnemque
1142 606 1321 634 suorum

129 650 262 691 Forte
299 648 556 691 recensebat
589 663 836 701 numerum,
876 664 1087 704 carosque
1125 654 1307 704 nepotes

128 707 325 761 Fataque
356 707 641 761 fortunasque
678 708 818 750 virum
854 722 1084 762 moresque
1122 722 1375 763 manusque.

128 766 259 820 Isque
295 765 370 808 ubi
411 765 660 807 tendentem
701 765 931 808 adversum
972 780 1052 821 per
1086 766 1284 820 gramina
1324 766 1433 809 vidit-

128 824 322 875 Aenean,
363 823 521 865 alacris
553 823 722 877 palmas
761 828 972 879 utrasque
1011 824 1209 876 tetendit,

127 881 389 936 Effusaeque
420 881 539 935 genis
571 881 779 924 lacrimae
818 886 860 924 et
901 896 985 924 vox
1022 882 1182 924 excidit
1222 896 1318 925 ore:

127 940 297 982 Venisti
334 939 529 990 tandem,
568 943 732 994 tuaque
780 944 1034 995 exspectata
1077 941 1251 994 parenti

129 998 244 1040 Vicit
281 999 365 1040 iter
404 996 560 1038 durum
599 998 771 1051 pietas?
812 998 942 1040 datur

126 1057 257 1108 Nate,
297 1060 374 1098 tua
413 1059 456 1097 et
493 1059 619 1096 notas
655 1055 808 1098 audire
847 1060 891 1098 et
926 1056 1106 1097 reddere
1143 1059 1302 1097 voces?

729 127 968 162 AENEIDOS
1002 131 1091 164 Lm.
1121 131 1182 165 vl.
1712 133 1794 172 307

451 240 536 284 Sed
573 254 667 293 vos,
708 242 744 284 si
782 241 869 284 fert
903 243 968 285 ita
1005 243 1138 285 corde
1173 244 1386 296 voluntas,
1710 247 1792 287 675

1707 536 1793 576 680

1709 824 1792 864 685

978 1012 1055 1039 ora
1097 998 1225 1048 tueri,

1707 1110 1790 1148 (300

128 1114 199 1156 Sic
235 1113 435 1168 equidem
471 1112 683 1155 ducebam
724 1114 867 1155 animo
908 1113 1124 1166 rebarque
1171 1112 1378 1161 futurum,

127 1172 340 1226 Tempora
375 1170 669 1222 dinumerans3
706 1184 784 1212 nec
820 1184 888 1212 me
928 1184 1025 1212 mea
1061 1184 1167 1212 cura
1204 1169 1372 1211 fefellit.

127 1230 244 1282 Quas
279 1243 358 1284 ego
399 1232 441 1270 te
478 1232 620 1271 terras
657 1232 700 1271 et
740 1232 905 1283 quanta
943 1243 1022 1282 per
1063 1241 1256 1282 aequora
1294 1229 1464 1268 vectum

125 1349 247 1379 bisunt
269 1347 428 1384 graminei
450 1351 480 1376 ut
498 1348 558 1376 0v.
578 1351 620 1377 Μ.
641 1347 693 1382 to,
718 1347 784 1376 556
805 1344 937 1387 datque

127 1398 240 1425 torum
270 1401 422 1434 caespes.
481 1396 571 1422 Fasl.
594 1394 633 1429 ·l,
661 1392 730 1422 402
765 1391 936 1422 Gramine

126 1437 264 1470 vestitis
289 1437 480 1469 accubuere
509 1437 606 1469 toris.
659 1441 709 1468 Ita
733 1438 772 1475 5,
803 1439 872 1467 388
897 1441 935 1469 nt

126 1484 307 1516 viridante
345 1488 420 1515 toro
460 1483 665 1515 consederat
712 1482 850 1514 herbae.
890 1501 935 1505 -—

124 1530 280 1562 recentia
307 1529 413 1567 rivis,
445 1531 619 1561 viridantia
649 1536 783 1567 propter
813 1538 931 1566 aquas.

125 1580 180 1609 Sic
204 1575 355 1614 frist-hes
385 1574 496 1606 Gran.

171 1623 248 1653 676.
276 1625 460 1662 superate,
486 1622 697 1657 adscendite,
730 1623 771 1652 ct.
798 1622 829 1653 2.
854 1622 932 1652 303.

125 1671 240 1701 Claud.
255 1671 299 1699 Ill
316 1677 410 1698 cons.
431 1670 514 1698 Hon.
537 1668 580 1697 46
601 1666 773 1698 adscensu
797 1667 936 1698 vincere

123 1719 270 1753 montes,
291 1713 479 1756 planitiem
507 1722 624 1744 cursu.
651 1729 691 1733 -
718 1718 883 1755 superate
903 1718 934 1744 et

125 1760 266 1792 sistam.-
293 1762 328 1791 Si
345 1761 586 1797 superaveritis
601 1760 724 1797 iugum,
742 1763 933 1790 monstrabo

124 1808 224 1838 vobis
246 1808 377 1837 facilem
402 1807 564 1836 tramitem
603 1808 671 1835 Ecl.
698 1806 735 1843 3,
761 1806 825 1836 104
858 1805 934 1845 Dic,

125 1852 252 1895 quibus
283 1851 319 1882 in
352 1850 475 1890 terris,
507 1854 539 1882 et
565 1850 633 1881 eris
664 1850 750 1881 mihi
779 1861 936 1894 magnus

127 1896 266 1940 Apotlo.
288 1915 334 1919 —
360 1897 430 1928 iam
457 1898 498 1927 cf.
532 1897 581 1934 ll,
604 1897 679 1926 708.

172 1944 251 1974 677.
276 1945 378 1975 Vides
396 1952 467 1980 eos,
493 1945 547 1979 qui
567 1948 643 1972 sunt
666 1946 699 1972 in
717 1944 847 1980 Elysio,
875 1947 933 1973 be-

124 1991 245 2027 nignos
278 1999 357 2020 esse
394 1994 426 2019 et
457 1998 588 2022 comes,
629 1997 736 2024 neque
774 1992 842 2019 ullo
875 1991 933 2019 teri

124 2039 258 2070 labore.
284 2045 324 2066 ac
349 2037 448 2072 scire,
476 2037 530 2064 ubi
555 2036 620 2064 sint
646 2036 714 2064 alii.

171 2083 250 2113 678.
277 2081 443 2122 linquunt
467 2090 554 2111 ..non
577 2079 717 2120 linquit.
757 2083 827 2110 Hoc
847 2082 933 2110 enim

125 2130 221 2159 dicit:
248 2130 385 2158 Aeneas
412 2133 442 2157 et
466 2129 596 2162 Sibylla
613 2127 764 2162 perducti
780 2129 820 2156 ad
840 2135 933 2156 sum-

124 2183 214 2205 mum
239 2176 274 2205 in
298 2177 398 2211 plana
428 2175 667 2204 descendunt.'·
694 2177 726 2202 S.

127 2251 349 2285 679—702.
412 2249 555 2283 Aeneas
598 2249 756 2293 pervenit
795 2248 838 2281 ad
877 2258 935 2292 pa-

477 2300 577 2328 trem.

173 2355 251 2385 679.
277 2357 325 2386 Eo
351 2356 426 2392 ipso
451 2361 599 2392 tempore
628 2356 838 2391 congreditur
866 2357 934 2385 Ae-

126 2410 211 2433 neas
235 2410 308 2431 cum
335 2407 444 2440 patre,
471 2411 536 2437 quo
556 2403 586 2432 is
606 2404 777 2431 Romanos
802 2404 933 2431 lustrat.

174 2447 252 2477 680.
283 2446 458 2488 Superum
486 2447 602 2477 tumen
634 2449 666 2477 in
694 2453 782 2477 terra
808 2453 858 2477 est
891 2448 932 2477 cf.

127 2492 206 2523 481.
222 2509 267 2513 -
290 2490 408 2523 Ituras
429 2492 569 2523 animas
590 2494 640 2523 bis
664 2495 795 2523 omnino
814 2495 936 2529 legitur

127 2548 182 2576 ap.
212 2541 296 2576 Vgl.,
323 2539 364 2568 cf.
390 2539 468 2568 758.
516 2541 663 2575 Utroque
689 2542 765 2569 loco
794 2538 936 2569 animas

128 2584 244 2616 ituras
260 2586 305 2614 ita
330 2585 500 2620 explicare
520 2586 609 2623 licet,
635 2594 720 2621 quas
735 2586 783 2614 ire
800 2585 868 2615 fata
884 2588 934 2614 iu-

127 2634 222 2668 bent;
252 2631 286 2660 id
311 2631 442 2660 videtur
471 2632 660 2669 probabile,
693 2637 722 2660 et
753 2631 799 2660 ita
824 2633 936 2662 Sallu-

127 2678 214 2709 slius
228 2678 310 2706 dixit
328 2679 400 2712 lug.
414 2676 429 2705 1
441 2676 462 2706 4
474 2676 638 2717 quoniam
655 2685 694 2706 eo
711 2675 935 2706 miseriarum

127 2726 299 2754 venturus
331 2731 438 2752 eram.
495 2724 574 2752 Hor.
601 2723 636 2752 C.
662 2724 697 2758 I,
732 2722 795 2759 28,
829 2721 850 2751 6
875 2730 938 2752 nec

128 2767 322 2810 quidquam
341 2766 406 2798 tibi
421 2766 566 2810 prodest
582 2789 590 2797 .
610 2789 617 2797 .
638 2787 647 2796 .
675 2766 843 2797 morituro
860 2769 883 2797 i.
907 2776 937 2797 e.

128 2815 185 2845 eui
209 2815 414 2844 moriendum
449 2818 511 2844 est.
574 2813 793 2844 Nihilominus
826 2819 936 2843 tamen

129 2862 278 2897 explica:
317 2861 373 2896 qui
401 2861 435 2890 in
467 2861 577 2890 animo
608 2862 730 2889 liabent
760 2861 828 2897 ire,
860 2867 938 2890 nam

128 2905 196 2936 719
229 2915 279 2942 sq.
312 2908 450 2937 Aeneas
484 2906 577 2943 dicit,
609 2913 695 2941 quae
728 2906 840 2936 dicere
871 2914 939 2935 non

129 2952 305 2990 potuisset,
331 2953 362 2983 si
377 2953 435 2983 illo
454 2954 550 2982 modo
567 2950 682 2982 ituras
698 2952 938 2982 intellexisset.

176 2997 255 3028 681.
285 2996 478 3030 Lustrabat
505 2998 612 3028 oculis
633 2995 752 3027 studio
767 2998 787 3026 i.
814 3006 842 3026 e.
867 3003 939 3028 stu-

132 3042 227 3074 diose
251 3044 294 3074 cf.
318 3043 357 3085 4,
391 3044 476 3083 6413
510 3041 667 3075 recolens
694 3043 729 3074 id
754 3047 806 3074 est
829 3045 938 3074 animo

983 1347 1180 1381 expendens
1206 1345 1246 1375 cs.
1275 1345 1342 1376 Cic.
1368 1345 1451 1374 Pliil.
1481 1342 1532 1378 13,
1556 1342 1611 1372 20.
1630 1341 1675 1372 45
1701 1344 1792 1383 quae

983 1390 1013 1421 si
1041 1394 1151 1421 tecum
1183 1389 1258 1432 ipse
1279 1388 1416 1428 recoli&
1447 1391 1475 1419 si
1498 1395 1605 1419 tecum
1632 1394 1781 1424 reputas.

1028 1437 1107 1467 683.
1139 1435 1302 1478 Fataque
1326 1442 1407 1469 elc.:
1433 1436 1600 1472 „felicitas
1625 1436 1709 1465 enim
1736 1440 1791 1464 aut

981 1484 1094 1514 fatalis
1130 1489 1193 1519 est,
1227 1489 1282 1513 aut
1316 1483 1468 1516 fortuita,
1507 1486 1562 1511 aut
1595 1490 1638 1511 ex
1671 1482 1792 1510 virtute

983 1531 1190 1559 descendite*
1232 1532 1266 1559 S.
1316 1532 1398 1558 Fata
1434 1531 1517 1557 bene
1550 1525 1614 1558 Ld.
1645 1528 1791 1563 explicat

987 1573 1321 1617 Lebensaufgaben,
1349 1575 1501 1605 fortunae
1536 1571 1793 1612 ll'ccltsetfcille

983 1620 1043 1651 des
1077 1619 1222 1659 Lebens,
1265 1630 1384 1651 manus
1417 1618 1566 1651 Thomu.
1630 1617 1681 1650 ΡΙ.
1705 1620 1789 1650 coni.

983 1666 1189 1709 animosque
1215 1676 1273 1703 pro
1299 1676 1505 1707 manusque.

1028 1713 1106 1743 (384.
1133 1711 1316 1755 gramina.
1366 1714 1466 1744 Vides
1491 1720 1577 1747 quae
1598 1714 1638 1742 ad
1665 1711 1696 1749 5,
1725 1711 1792 1741 102

983 1765 1095 1789 notata
1133 1765 1226 1796 sunl,
1268 1768 1335 1788 non
1371 1760 1418 1788 ita
1460 1767 1539 1788 esse
1582 1759 1790 1794 accipienda,

982 1807 1080 1841 quasi
1095 1808 1201 1841 legem
1225 1806 1371 1840 aliquam
1395 1805 1643 1841 praescribant;
1671 1806 1788 1834 docent

982 1853 1080 1882 modo
1103 1859 1237 1880 morem.

1029 1897 1107 1927 685.
1136 1895 1287 1926 alacris.-

982 1945 1206 1973 masculinum
1237 1943 1279 1973 cf.
1305 1943 1343 1979 5,
1371 1942 1449 1971 380.
1492 1939 1634 1973 Alacris
1657 1950 1731 1971 cum
1757 1949 1789 1970 v.

979 1987 1121 2030 palmas
1145 1990 1283 2025 iungere
1303 1989 1411 2018 minus
1436 1993 1614 2018 venustum
1634 1989 1699 2017 alio
1723 1987 1789 2016 iam

981 2036 1089 2065 addito
1128 2036 1305 2065 adiectixc.
1343 2051 1388 2054 —
1422 2032 1568 2075 palmas
1603 2037 1789 2073 utrasque:

981 2083 1029 2110 De
1051 2084 1115 2111 hoc
1142 2082 1261 2117 plurali
1286 2081 1326 2110 cs.
1353 2079 1393 2116 5,
1417 2080 1495 2109 233.
1516 2096 1558 2100 —-
1577 2082 1627 2109 De
1650 2080 1789 2115 repetito

981 2125 1180 2156 tendentem
1206 2143 1249 2147 -—
1272 2124 1420 2157 tetendit
1443 2126 1484 2155 cf.
1503 2126 1580 2155 901.
1625 2123 1676 2155 Pl.
1704 2126 1789 2155 coni.

980 2171 1124 2213 palmas
1163 2174 1195 2201 et
1235 2170 1380 2202 brachia
1414 2169 1545 2212 pandit
1585 2177 1640 2201 aut
1692 2169 1791 2212 isque

984 2215 1042 2247 ubi
1073 2216 1253 2247 nitentem.

1029 2263 1107 2292 686.
1135 2267 1305 2293 Summum
1336 2263 1440 2298 patris
1472 2262 1571 2291 filium
1610 2261 1790 2290 revisentis

979 2310 1124 2346 pingitur
1149 2310 1317 2346 gaudium,
1344 2309 1429 2342 quod
1446 2308 1511 2337 nisi
1535 2308 1669 2342 quando
1695 2308 1791 2336 vide-

981 2357 1046 2385 ris.
1079 2364 1145 2385 non
1179 2356 1262 2385 satis
1290 2354 1415 2391 poteris
1442 2358 1562 2389 poetae
1596 2358 1701 2382 artem
1730 2353 1791 2382 mi-

982 2403 1057 2431 rari.

1029 2446 1106 2477 687.
1134 2448 1339 2486 exspectata
1398 2446 1487 2474 FMR
1525 2444 1713 2479 explicatur
1757 2452 1788 2473 v.

983 2493 1061 2522 690.
1078 2509 1124 2513 ——
1147 2493 1272 2528 Pietas,
1297 2493 1428 2527 qualem
1452 2496 1483 2519 te
1502 2492 1625 2519 babere
1645 2498 1790 2525 exspec-

984 2545 1152 2576 taveram,
1186 2546 1283 2573 quam
1318 2543 1439 2566 tantam
1465 2536 1536 2566 fore
1563 2541 1790 2571 exspectave—

983 2593 1070 2617 ram.
1104 2590 1137 2613 ut
1170 2585 1268 2614 etiam
1295 2585 1411 2613 durum
1437 2583 1498 2612 iter
1524 2582 1698 2620 vinceres,
1725 2582 1791 2611 iam

983 2632 1062 2661 vicit
1088 2632 1160 2660 iter.

1031 2677 1110 2706 688.
1141 2673 1210 2706 lter
1253 2672 1426 2711 vincitur,
1471 2681 1570 2708 quum
1619 2675 1716 2703 labor
1759 2677 1789 2702 el

986 2724 1152 2759 pericula,
1181 2729 1268 2757 quae
1294 2726 1371 2751 sunt
1403 2721 1435 2749 in
1470 2720 1544 2758 via,
1579 2724 1789 2756 superantur.

985 2785 1029 2789 ——
1051 2765 1212 2809 parenti,
1238 2767 1316 2796 1111111
1343 2767 1383 2795 cf.
1409 2766 1448 2802 2,
1475 2764 1530 2794 79.

1031 2814 1110 2844 689.
1136 2817 1239 2843 nolas
1265 2822 1298 2842 a.
1326 2821 1353 2842 e.
1380 2820 1407 2841 r.
1433 2820 1465 2841 v.
1493 2811 1719 2849 „familiariter
1740 2813 1792 2841 lo—

985 2859 1076 2896 qui.“
1099 2863 1134 2889 S.
1160 2859 1201 2889 cf.
1228 2858 1296 2888 499

1031 2905 1111 2935 691.
1142 2903 1377 2935 Dinumerare
1402 2907 1452 2933 est
1469 2911 1544 2933 cum
1565 2910 1647 2932 eura
1669 2906 1697 2932 et
1718 2903 1792 2932 dili-

986 2953 1098 2988 gemla
1121 2958 1313 2987 numerare,
1347 2950 1397 2979 sic
1424 2947 1650 2979 dinumerare
1674 2950 1792 2978 noctes

988 3000 1049 3028 ΟΥ.
1073 3001 1116 3028 Μ.
1147 2997 1203 3034 ll,
1228 2994 1305 3026 574.
1346 2993 1470 3025 stellas
1497 2995 1555 3025 Cic
1582 2995 1642 3024 Off.
1673 2993 1710 3031 1,
1735 2992 1791 3024 43.

1599 3041 1661 3070 Ubi
1693 3048 1794 3076 prae-

1329 1897 1424 1932 ..ipse
1454 1896 1612 1926 alacris.··
1648 1899 1680 1925 S.
1733 1897 1789 1925 test

1032 3043 1102 3075 692
1127 3045 1257 3080 terras,
1289 3049 1352 3081 per
1378 3049 1557 3082 aequora.-
