2023 3350
308 130 389 167 406

879 127 915 157 P.
946 127 1138 159 leGlul
1166 127 1374 160 MARONJS

312 239 505 279 Deterior
544 236 676 276 donec
718 238 927 289 paulatim
968 252 1017 278 ao
1065 237 1237 280 decolor
1272 244 1390 280 aetas·

311 295 362 335 let
405 293 505 334 belli
541 293 682 333 rabies
717 297 759 333 et
796 307 918 334 amor
957 295 1160 335 successit
1198 295 1394 337 habendi.

309 351 415 391 'I'um
458 363 608 390 manus
643 351 831 390 Ausonia
864 354 905 391 et
947 354 1093 403 gentes
1126 365 1274 393 venere

1315 353 1504 394 Sicanae.

311 407 489 459 Saepius
525 410 566 447 et
603 420 755 446 nomen
793 407 935 460 posuit
969 407 1172 448 Saturnia
1207 409 1353 450 tellus:

311 463 415 504 'sum
453 476 572 515 reges
609 477 820 515 asperque
859 464 1032 504 immani
1067 477 1245 516 corpore
1283 465 1474 518 Thybris,

1864 463 1946 502 330

311 522 346 560 A
385 533 470 573 quo
510 524 609 572 post
643 520 740 560 Itali
783 520 953 561 fluvium
991 521 1241 572 cognomine
1282 521 1483 575 Thybrim

310 577 523 618 Diximus:
558 577 701 616 amisit
736 591 883 618 verum
913 581 1034 618 vetus
1069 577 1223 618 Albula
1263 592 1426 619 nomen.

311 633 380 674 Me
415 632 583 686 pulsum
618 633 762 685 patria
800 634 1025 687 pelagique
1062 638 1253 675 extrema
1297 639 1543 688 sequentem
1600 638 1603 640 ’

311 690 502 730 Fortuna
534 690 804 742 omnipotens
842 694 884 731 et
916 690 1192 731 ineluctabile
1232 690 1368 732 fatum

312 746 389 787 His
434 760 616 799 posuere
649 746 772 793 locis.
812 747 1046 800 matrisque
1081 761 1204 799 egere
1244 747 1466 789 tremenda

1867 751 1947 788 335

313 803 552 844 Carmentis
589 802 811 856 Nymphae
849 804 1012 844 monita
1047 808 1087 844 ct
1127 804 1231 844 (leus
1263 808 1413 845 auctor
1445 805 1614 858 Apollo.

314 860 393 900 Vix
430 874 479 900 ea
514 859 646 900 dicta:
684 860 834 900 dehine
869 874 1122 913 progressus
1154 865 1367 902 monstrat
1399 865 1441 902 et
1475 876 1607 913 aram,

311 917 367 958 Et
407 916 718 958 Carmentalem
755 917 935 958 Romani
980 918 1148 958 nominc
1184 922 1355 970 portam

313 974 449 1023 Quam
487 978 745 1023 memorant,
781 973 1002 1027 Nymphae
1039 974 1228 1027 priscum
1270 975 1507 1016 Carmentis
1537 975 1756 1026 honorem,

312 1030 436 1071 Vatis
473 1029 695 1081 fatidicae,
731 1031 886 1071 cecinit
925 1044 1038 1084 quae
1074 1031 1214 1083 prima
1254 1032 1424 1073 futuros

1868 1033 1951 1072 340

313 1086 536 1127 Aeneadas
572 1100 753 1140 magnos
794 1091 836 1128 et
870 1088 1014 1128 nobile
1048 1087 1328 1129 Pallanteum.

313 1143 424 1184 Hinc
455 1143 598 1183 lucum
638 1144 875 1193 ingentem,
912 1158 1037 1196 quem
1075 1145 1282 1187 Romulus
1320 1159 1418 1186 acer
1455 1142 1630 1196 Asylum

313 1199 514 1250 Rettulit,
549 1204 590 1240 et
630 1199 773 1252 gelida
807 1204 1019 1241 monstrat
1049 1200 1127 1241 sub
1168 1216 1272 1255 rupe
1310 1201 1532 1254 Lupercal,

360 1359 436 1390 326.
469 1358 614 1390 Decolor
639 1363 739 1390 oetas
766 1371 805 1391 ex
833 1363 974 1397 imagine
999 1364 1108 1391 eadem

313 1408 412 1443 dixit,
447 1414 509 1441 qua
543 1411 680 1435 aetatem
711 1408 861 1441 optimam
896 1415 1038 1436 auream
1063 1409 1109 1436 di-

313 1457 423 1482 xerat:
451 1449 601 1480 deterior
623 1453 710 1480 color
733 1457 779 1480 est
804 1453 878 1481 ferri
903 1458 931 1481 et
957 1453 1053 1481 aeris.
1081 1454 1110 1481 si

314 1505 386 1526 cum
412 1504 490 1526 auro
517 1503 696 1531 comparas.

361 1539 437 1570 327.
464 1544 643 1571 subsecuta
675 1546 748 1570 sunt
780 1544 874 1570 bella.
923 1546 999 1573 Mox
1025 1544 1110 1571 enim

314 1588 482 1616 exstitere.
515 1587 569 1621 qui
598 1589 683 1616 culta
719 1594 801 1615 arva
832 1592 859 1615 et
892 1589 1002 1621 fruges
1040 1589 1111 1616 sine

314 1634 423 1661 labore
457 1633 519 1660 sibi
549 1634 672 1660 vellent
700 1640 897 1666 comparare.
933 1649 971 1653 -
1013 1641 1112 1661 amor

314 1673 484 1706 habendi:
532 1678 580 1705 lta
601 1678 658 1705 Ov.
678 1679 719 1705 M.
747 1674 774 1711 1,
805 1675 861 1705 131
893 1686 990 1706 amor
1009 1675 1112 1705 scele-

314 1724 416 1750 ratus
440 1718 601 1750 habendi.
652 1723 710 1750 Ov.
738 1724 771 1750 F.
803 1719 829 1757 1,
861 1721 923 1750 195
962 1725 1113 1761 tempore

314 1764 422 1795 crevit
448 1774 546 1794 amor
576 1763 635 1805 qui
665 1775 757 1794 nunc
785 1769 833 1795 ese
866 1775 1020 1796 summus
1051 1764 1114 1795 Ῐια-

314 1808 427 1840 bendi.
477 1812 550 1839 Hor.
571 1812 628 1845 Ep.
651 1809 679 1847 1,
704 1809 734 1844 7.
760 1809 801 1839 85
827 1819 943 1841 amore
970 1809 1112 1841 senescit

313 1853 476 1885 habendi.
531 1857 658 1885 Habere
699 1858 847 1885 absolute
882 1858 1039 1892 positum.
1080 1862 1111 1885 ut

317 1896 351 1930 οἱ
377 1895 517 1939 ἔχοντες
541 1902 660 1930 divites
687 1907 770 1930 sunt.

361 1945 436 1973 32⁸3.
464 1947 500 1973 In
532 1951 648 1975 terram
677 1947 906 1979 indigenarum
939 1946 1114 1980 [Aborigi-

316 1991 413 2025 num’)
445 1991 673 2024 immigravere
693 1993 846 2020 Ausones
870 1996 898 2020 et
925 1992 1034 2019 Sicani
1061 1993 1114 2020 vel

317 2037 419 2064 Siculi
446 2036 510 2064 iam
536 2034 573 2073 7,
599 2035 664 2063 796
691 2038 866 2065 memorati.

363 2079 438 2108 329.
471 2078 599 2109 Nomen
625 2080 740 2119 poenit
769 2082 843 2111 Sat.
871 2084 894 2112 Ι.
920 2081 940 2109 i.
967 2090 994 2109 e.
1020 2083 1115 2116 depo-

316 2126 396 2155 suit.
432 2131 465 2154 ut
496 2123 529 2161 1,
551 2124 618 2154 295⁴
639 2126 809 2156 ferociam.
841 2124 897 2162 11,
920 2125 984 2154 309
1010 2135 1114 2165 spem.

319 2186 355 2190 —
387 2168 548 2209 Saepius.
576 2174 606 2200 et
632 2174 672 2199 M.
720 2173 813 2200 ..Atii
840 2173 888 2200 sic
913 2173 1114 2206 distinguunt

320 2213 488 2244 Sicanae.
528 2220 558 2245 et
595 2217 794 2254 subiungunt
832 2218 971 2252 Saepius
1008 2222 1038 2246 et
1079 2238 1086 2245 .

316 2263 420 2289 Semel
453 2262 539 2289 enim
573 2262 685 2291 Sicani
720 2271 762 2291 ex
789 2263 951 2297 Hispania
988 2263 1022 2290 in
1049 2264 1115 2290 lta-

314 2306 394 2334 liam
434 2307 567 2335 venisse
605 2309 772 2338 dicuntur:
814 2312 845 2335 at
882 2308 979 2336 ltalia
1021 2309 1115 2342 plura

315 2352 447 2379 nomina
473 2352 602 2380 habuit.
635 2353 719 2381 dicta
751 2357 798 2381 est
833 2353 918 2381 enim
944 2352 1113 2387 Hesperia,

317 2397 484 2433 Ausonia,
510 2398 682 2433 Saturnia,
709 2396 856 2426 Vitalia‘·
881 2400 912 2426 S.
961 2399 1054 2426 Adde
1088 2394 1114 2433 l,

316 2439 393 2468 532.

363 2483 437 2513 3:30.
464 2493 567 2525 reges
595 2493 766 2524 asperque
796 2483 946 2523 Thybris
976 2495 1032 2521 per
1063 2494 1117 2515 co-

316 2533 426 2565 pulam
465 2532 574 2564 generi
613 2532 818 2567 subiungitur
856 2532 989 2565 saepius
1020 2539 1115 2565 unus,

315 2577 369 2610 qui
403 2577 546 2604 maxime
580 2581 722 2610 praestat
753 2576 792 2604 cf.
834 2573 867 2611 l,
903 2574 953 2604 30.
997 2591 1034 2595 —
1071 2577 1116 2604 De

317 2622 439 2656 Thybri
464 2622 502 2649 cf.
533 2619 585 2649 72.

363 2664 438 2693 333.
464 2663 589 2705 pelagi
613 2666 777 2702 extrema,
802 2667 838 2694 de
858 2669 966 2694 struet.
989 2663 1016 2693 1.
1039 2662 1114 2693 422.

317 2711 462 2739 Evandri
490 2715 631 2745 tempore
655 2718 770 2739 revera
792 2710 951 2744 Hesperia
971 2716 1117 2739 extrema

317 2757 382 2784 noti
413 2756 499 2784 orbis
531 2763 605 2790 pars
635 2760 713 2784 erat.
764 2757 813 2784 Ita
838 2756 969 2784 Aeneas
1002 2753 1118 2784 maria

318 2798 434 2828 omnio
460 2801 597 2837 navigat
625 2797 662 2837 1,
691 2798 744 2829 32.

363 2843 438 2873 3:34.
466 2843 688 2874 ineluctabile
710 2843 825 2880 fatum
847 2848 879 2872 ut
902 2842 931 2872 2.
954 2842 1018 2873 324
1038 2841 1116 2873 incl.

319 2891 467 2928 tempus.
507 2895 616 2919 contra
647 2891 728 2924 quod
770 2891 883 2918 luctari
920 2898 980 2917 non
1017 2895 1117 2924 potest

318 2937 428 2964 homo:
462 2936 569 2969 itaque
599 2943 660 2963 non
696 2936 791 2969 culpa
821 2936 930 2968 aliqua
961 2936 1118 2969 expulsus

317 2984 382 3015 est.
407 2984 435 3007 et
463 2982 520 3008 ΟΥ.
548 2981 582 3008 F.
613 2978 645 3015 l,
679 2977 738 3007 48!
774 2977 821 3008 sic
854 2982 927 3008 erat
961 2977 996 3008 ίη
1015 2977 1119 3017 falic,

1156 1371 1217 1391 nec
1242 1365 1275 1392 te
1295 1365 1356 1392 tuo
1375 1359 1478 1400 culpa
1489 1358 1642 1398 fugavit
1663 1363 1765 1390 verba
1781 1365 1853 1390 sunt
1873 1362 1954 1391 Car-

1157 1414 1297 1438 mentae.
1322 1416 1404 1442 quae
1429 1408 1502 1436 dicit
1527 1407 1600 1435 lilio.

1205 1451 1280 1481 337.
1306 1455 1463 1481 Monstrat
1505 1459 1611 1482 aram.
1653 1454 1805 1481 honorem
1838 1453 1954 1482 matris

1159 1500 1367 1527 Carmentae.
1409 1499 1463 1526 vel
1498 1497 1679 1526 Carmentis
1717 1496 1759 1531 (a.
1793 1499 1952 1534 carmen)

1159 1552 1254 1579 quam
1276 1544 1414 1571 Romani
1435 1544 1671 1571 Carmentalem
1697 1543 1815 1572 dicunt.
1853 1538 1955 1579 ,Καὶ

1158 1582 1305 1637 βῳμοὺς
1350 1581 1560 1635 ἐθεασάμην
1601 1580 1818 1624 ἱδρυμένους
1853 1564 1955 1626 'Koto-

1157 1628 1267 1671 μέντῃ
1299 1627 1381 1671 μὲν,
1420 1625 1490 1660 ὑπὸ
1521 1628 1570 1673 τῷ
1601 1627 1811 1670 καλουμένῳ
1841 1630 1955 1661 Καπι-

1159 1674 1274 1705 ‘coalito
1307 1685 1412 1726 παρα
1445 1675 1526 1710 ταῖς
1549 1663 1779 1714 Καρμεντίσι
1813 1669 1954 1713 πίλαις,

1163 1708 1346 1762 Εὐάνδρῳ
1380 1715 1417 1750 a}
1449 1715 1542 1756 πρὸς
1574 1715 1682 1760 ἑτέρῳ
1716 1717 1789 1749 τῶν
1817 1715 1954 1760 λόφων,

1160 1750 1340 1806 Αὐεντίνῳ
1371 1761 1581 1806 kzyopts'vtpst‘
1627 1766 1722 1794 Dion.
1758 1762 1792 1801 1,
1826 1765 1878 1795 32.
1912 1781 1952 1787 -

1173 1809 1304 1839 Aram.
1331 1818 1426 1844 quam
1452 1811 1548 1839 matri
1570 1810 1644 1840 fecit
1669 1811 1858 1840 exstinctae.
1898 1814 1957 1841 Est

1161 1861 1267 1884 autem
1301 1857 1393 1884 iuxta
1422 1860 1562 1891 portam,
1596 1862 1679 1890 quae
1703 1856 1805 1891 primo
1830 1863 1852 1886 a
1875 1857 1957 1886 Car-

1161 1906 1265 1930 mente
1289 1901 1506 1930 Carmentalis
1539 1902 1624 1930 dicta
1653 1905 1717 1937 est,
1751 1906 1822 1935 post
1848 1903 1956 1931 Scele-

1160 1951 1232 1975 rata
1262 1954 1282 1975 a
1306 1947 1416 1974 Fabiis
1439 1947 1583 1981 CCCVI,
1618 1947 1673 1980 qui
1700 1954 1756 1981 per
1788 1946 1893 1981 ipsam
1922 1948 1957 1976 in

1162 1993 1280 2020 bellum
1314 1992 1460 2026 profecti.
1507 1999 1570 2020 non
1602 1995 1677 2020 sunt
1708 1990 1866 2020 reversi.“
1923 1994 1954 2021 S.

1161 2039 1266 2065 ..Pars
1280 2037 1389 2065 intima
1408 2037 1585 2071 Capitolini
1602 2037 1720 2065 montis
1737 2037 1958 2067 habitaculum

1163 2082 1327 2111 Carmenti
1355 2082 1424 2114 fuit.
1449 2082 1504 2110 ubi
1531 2081 1713 2110 Carmentis
1740 2089 1824 2111 nunc
1846 2082 1958 2112 fanum

1161 2132 1219 2156 est.
1246 2136 1265 2155 a
1283 2134 1347 2161 qua
1361 2127 1559 2155 Carmentali
1578 2131 1689 2161 portae
1711 2134 1827 2155 nomen
1847 2129 1957 2157 datum

1162 2173 1243 2201 eslf·
1293 2173 1392 2200 Solin.
1423 2169 1457 2200 1.
1487 2169 1538 2200 13.

1208 2215 1283 2245 338.
1314 2214 1465 2245 Romani
1483 2219 1537 2252 M„
1563 2217 1606 2244 al.
1631 2217 1707 2244 boni
1734 2232 1772 2236 —
1798 2214 1957 2246 Romano

1162 2264 1239 2292 Rbc.
1290 2263 1364 2294 ..Ad
1389 2269 1520 2290 sensum
1546 2262 1676 2296 perinde
1706 2266 1770 2297 est,
1808 2259 1958 2291 Romam·

1161 2315 1202 2336 an
1232 2305 1389 2335 Romano
1415 2309 1517 2340 legas.

1162 2357 1330 2387 propterea
1361 2352 1537 2386 scripsisse
1568 2352 1762 2388 Virgilium,
1801 2360 1842 2381 ne
1877 2355 1958 2382 haec

1162 2399 1193 2426 et
1239 2394 1494 2425 Carmentalem
1539 2411 1585 2416 —-
1623 2398 1760 2435 portam
1801 2406 1819 2426 e
1859 2399 1958 2426 verbo

1162 2443 1332 2470 monetrat
1362 2449 1526 2476 suspensa
1555 2442 1678 2471 faciant
1704 2443 1874 2479 legentes„
1901 2444 1959 2471 sed

1162 2486 1308 2521 proximo
1341 2488 1467 2515 demum
1498 2495 1596 2516 versu
1625 2487 1756 2516 absolvi
1781 2488 1959 2517 orationem

1163 2530 1335 2560 3911111111ῐῇί
1370 2529 1452 2571 Wg.

1210 2574 1285 2604 340.
1317 2574 1366 2604 De
1390 2579 1472 2605 vate
1502 2574 1689 2605 Carmenta
1723 2576 1762 2606 cf.
1788 2578 1847 2605 ov.
1870 2577 1957 2605 Fast.

1165 2618 1194 2651 1,
1222 2619 1286 2648 467
1313 2630 1360 2655 sq.
1390 2637 1428 2640 —
1426 2619 1573 2679 bprima
1597 2622 1697 2658 ,quia
1723 2625 1836 2657 postea
1860 2621 1959 2650 etiam

1165 2667 1293 2701 Sibylla
1318 2665 1420 2694 dixit.
1461 2668 1492 2694 S.

1209 2709 1285 2739 342.
1314 2708 1460 2749 Asylum
1490 2710 1530 2739 cf.
1561 2711 1635 2739 Liv.
1673 2706 1706 2746 1,
1736 2707 1769 2738 8.
1805 2724 1843 2730 —
1879 2717 1960 2739 acer

1164 2756 1203 2784 cf.
1233 2753 1291 2784 10.
1317 2754 1393 2784 308.

1211 2798 1287 2828 343.
1315 2796 1509 2837 „Rutuba
1534 2802 1594 2829 hoc
1615 2803 1663 2828 est
1687 2798 1761 2828 fecit
1784 2800 1824 2827 ad
1850 2799 1958 2829 imita-

1163 2846 1282 2874 tionem
1308 2845 1522 2875 Atheniensis
1543 2841 1676 2880 Asyli.“
1701 2845 1733 2872 S.
1781 2845 1888 2881 Magis
1909 2849 1957 2874 ta·-

1164 2899 1236 2920 men
1274 2891 1425 2919 convenit
1462 2890 1628 2925 explicare
1664 2888 1804 2917 restitnit
1843 2890 1883 2919 cf.
1926 2889 1956 2926 5,

1165 2933 1248 2967 598:
1274 2943 1348 2964 nam
1367 2936 1501 2964 Aeneae
1521 2935 1586 2962 iam
1610 2938 1747 2968 tempore
1766 2935 1858 2963 lucus
1877 2938 1956 2964 erat.

1168 2995 1205 3000 —
1235 2977 1410 3019 Lupercal
1439 2981 1498 3007 sub
1529 2982 1636 3007 monte
1660 2979 1810 3008 Palatino
1832 2984 1955 3015 septen-

1566 2307 1627 2334 Sed
1652 2311 1786 2341 apparet
1809 2303 1958 2336 Romani
