2023 3350
787 143 1023 179 AENEIDOS
1052 146 1138 179 LIB.
1165 147 1227 179 111.

189 261 380 315 Imperat
419 258 476 301 ad
514 272 642 301 naves
674 257 798 312 ferri,
837 259 1059 314 stipatque
1091 259 1248 301 carinis

1747 147 1824 185 140

1743 261 1825 299 465

190 319 346 373 Ingens
385 320 628 372 argentum,
670 317 1018 372 Dodonaeosque
1056 317 1231 369 lebetas,

190 377 387 418 Loricam
427 379 669 417 consertam
706 375 845 418 hamis
882 389 1076 429 auroque
1114 375 1299 417 trilicem

189 435 246 476 Et
283 448 434 476 conum
468 433 648 487 insignis
685 433 837 487 galeae
874 434 1115 488 cristasque
1151 435 1383 485 comantes,

190 493 323 534 Arma
362 491 645 545 Neoptolemi.

189 550 324 592 Addit
360 563 510 604 equos,
558 549 764 605 additque
797 550 949 602 duces,

707 491 815 534 Sunt
852 496 893 534 et
929 506 1006 534 sua
1038 492 1151 534 dona
1180 491 1361 545 parenti.

1741 547 1825 586 470

195 608 434 662 Remigium
472 607 664 662 supplet,
710 608 849 650 socios
883 607 1008 650 simul
1046 606 1222 649 instruit
1255 605 1396 648 armis.

188 784 316 813 ducitur
341 786 396 813 sed
422 785 504 814 satis*
530 792 662 822 aspere;
694 792 770 815 nam
795 786 829 814 in
859 787 983 815 nullam

191 831 309 859 desinit
335 831 594 860 consonantent.“
618 834 649 860 S.
685 832 731 861 Cf.
758 833 795 860 de
820 837 889 861 mtr.
912 834 933 868 5
953 830 981 861 9.

195 892 232 896 —
268 873 399 906 Dehinc
427 878 568 906 abundat
594 878 632 906 cf.
657 877 688 914 5,
718 875 768 907 14.

235 931 311 962 465.
340 931 493 973 Imperat
516 938 550 963 ut
572 931 603 969 7,
630 932 703 963 169.
730 944 756 964 e.
782 942 849 964 acc.
873 939 902 964 et
927 934 982 963 inf.

191 981 247 1008 sed
275 980 419 1015 passivi,
455 988 648 1015 quamquam
674 988 761 1017 raro,
794 983 847 1010 vel
874 981 906 1010 in
930 989 982 1009 so-

191 1027 260 1054 luta
276 1026 420 1055 oratione
439 1030 469 1055 et
487 1034 537 1061 ap.
554 1027 619 1056 Cic.
636 1026 674 1056 cf.
690 1029 740 1055 Gr.
755 1027 777 1061 ς
794 1023 857 1055 431
872 1028 935 1055 An.
951 1025 980 1054 3.

193 1087 230 1090 -
257 1069 434 1111 stipatque
455 1069 604 1101 carinis.-
629 1074 667 1100 Et
691 1070 824 1111 stipare
846 1070 986 1100 carinas

189 1119 340 1157 argento
369 1122 399 1146 et
425 1119 610 1156 argentum
637 1115 766 1146 carinis
794 1122 878 1147 recte
907 1117 984 1147 dici-

193 1168 261 1198 tur,
287 1167 316 1191 et
343 1164 502 1198 exemplis
527 1166 677 1198 probatur
702 1163 734 1192 in
758 1164 885 1193 lexicis.
936 1163 983 1192 Cf.

192 1206 222 1242 6,
247 1206 320 1237 229.
349 1224 386 1228 —
419 1207 557 1248 stipat,
581 1211 703 1245 densat,
730 1210 814 1237 unde
838 1207 985 1248 stipato-

189 1262 244 1283 res
269 1255 430 1290 diminuit,
465 1254 519 1289 qui
545 1255 577 1282 in
603 1255 747 1283 navibus
772 1253 985 1289 commnunst‘

189 1302 220 1329 S.
265 1301 318 1330 Sic
344 1302 378 1329 G.
405 1297 435 1337 4,
465 1297 526 1328 164
556 1299 647 1340 Apes
666 1297 857 1339 purissima
880 1297 985 1329 mella

188 1343 323 1385 stipant
361 1348 392 1376 et
434 1342 568 1385 liquido
605 1343 809 1376 distendunt
843 1348 986 1376 nectare

187 1388 305 1421 cellas.

235 1446 311 1477 466.
337 1450 439 1486 Dona,
466 1449 579 1483 qualia
602 1453 756 1478 memorat
783 1453 885 1484 poeta.
910 1457 984 1478 sae—

188 1494 262 1529 pius
302 1502 322 1523 a
355 1498 467 1523 senatu
493 1496 638 1523 Romano
666 1496 796 1531 regibus
825 1496 924 1525 sociis
954 1500 982 1524 et

188 1541 304 1570 amicis
326 1541 434 1575 populi
453 1541 589 1570 Romani
611 1542 825 1570 mittebantur.
882 1539 982 1569 Dona

187 1594 274 1615 auro
296 1589 451 1625 sectoque
477 1584 660 1626 elephanto
686 1588 842 1616 intellexit
867 1589 982 1616 sellam

187 1634 368 1665 eburneam,
391 1640 486 1667 quam
507 1634 612 1661 datam
632 1641 706 1662 esse
728 1634 863 1668 saepius
888 1634 982 1662 tradit

186 1678 260 1707 Liv.
289 1675 348 1714 27,
373 1677 402 1707 4.
450 1679 503 1707 Ad
534 1681 716 1715 Syphacem
747 1680 845 1713 legati
876 1681 982 1710 ..dona

185 1725 303 1758 tulere,
332 1728 436 1760 togam
463 1728 492 1753 et
512 1726 652 1754 tunicam
677 1734 889 1760 purpuream.
916 1728 981 1754 sel-

186 1771 252 1798 lam
269 1772 458 1807 eburneam,
481 1775 625 1806 pateram
649 1781 689 1801 ex
714 1772 855 1807 quinque
879 1774 981 1807 pondo

187 1816 259 1845 auri
282 1816 433 1850 factam,“
458 1820 488 1845 et
511 1818 695 1846 Ptolemaeo
720 1819 787 1852 regi
813 1819 894 1846 inter
915 1819 981 1846 alia

185 1863 269 1890 sella
312 1865 453 1891 eburnea
483 1864 634 1897 mittitur,
676 1868 705 1892 et
738 1864 872 1893 Eumeni
913 1865 981 1898 regi

185 1909 383 1944 Pergameno
417 1907 477 1946 42,
508 1907 557 1938 14.
622 1911 725 1938 Posse
763 1911 861 1939 etiam
898 1912 983 1939 dona

186 1961 286 1983 aurea
310 1963 382 1983 esse
405 1958 550 1993 pateras
575 1956 664 1985 docet
692 1954 723 1993 7,
750 1954 826 1985 245.
856 1972 893 1975 —
927 1954 982 1984 Ιη-

186 2008 275 2040 gens
305 2006 410 2029 autem
443 2003 631 2041 argentum
659 2002 678 2029 i.
705 2010 731 2030 e.
758 2009 843 2031 vasa
867 2010 983 2038 argen-

185 2050 239 2075 tea
263 2046 322 2080 (cf.
354 2044 380 2078 1,
407 2044 492 2082 640]
525 2047 641 2075 dantur
667 2048 805 2076 Prusiae
834 2049 902 2083 regi
927 2047 983 2081 45,

187 2089 240 2121 44.
266 2097 295 2121 et
329 2093 449 2127 regulis
477 2094 642 2121 Gallorum
667 2090 720 2122 43.
746 2093 776 2122 5.
802 2109 838 2113 —
868 2091 983 2122 Dodo—

185 2146 360 2177 naeosque
391 2135 519 2167 lebetas
552 2140 659 2169 ..ollas
689 2146 804 2168 aereas
834 2140 982 2168 laudavit

186 2191 207 2212 a
231 2185 370 2220 regione,
388 2189 423 2213 ut
443 2192 527 2213 vasa
554 2185 743 2214 Corinthia·'
770 2188 800 2214 S.
850 2186 983 2214 Dodona

186 2234 307 2265 autem,
333 2231 425 2259 Iovis
451 2234 479 2259 et
505 2231 625 2259 Diones
649 2233 832 2264 oraculum,
865 2239 983 2260 secun-

186 2277 260 2305 dum
285 2276 404 2305 famam
430 2278 470 2305 ad
495 2278 610 2306 Heleni
638 2285 771 2314 regnum
794 2278 982 2313 pertinebat.

186 2322 368 2358 Dionysius
401 2324 487 2351 enim
517 2324 558 2351 A.
585 2324 623 2351 R.
650 2320 679 2355 1.
705 2321 745 2351 51
783 2325 927 2352 Aeneam
963 2330 984 2351 a

186 2369 357 2401 Buthroto,
390 2374 422 2397 ut
452 2371 563 2398 Iovem
589 2372 785 2399 consuleret.
820 2371 984 2398 Dodonam

186 2414 360 2449 profectum
390 2423 462 2443 esse
493 2415 600 2450 ibique
625 2417 780 2445 Helenum
810 2416 980 2444 invenisse

186 2464 307 2488 narrat.
355 2461 428 2494 vgl.
449 2465 573 2491 autem.
595 2462 650 2496 qui
674 2463 775 2490 noluit
801 2462 980 2490 describere

188 2506 269 2534 illud
296 2507 354 2534 iter
383 2514 403 2534 a
428 2507 510 2535 mari
542 2515 644 2542 usque
669 2510 709 2537 ad
731 2509 912 2541 Dodonam,
946 2512 980 2536 ut

189 2551 254 2579 iam
279 2553 427 2580 videatur
452 2560 516 2580 non
545 2555 641 2589 longe
673 2561 693 2582 a
723 2555 814 2582 litore
836 2555 980 2582 Helenus

188 2598 372 2630 habitasse,
408 2602 517 2626 servat
541 2603 647 2628 tamen
668 2600 834 2635 antiquam
860 2600 981 2628 famam

186 2645 247 2672 hoc
271 2644 430 2672 adiectivo
458 2640 678 2673 Dodonacos.

234 2698 310 2729 4t37.
336 2700 453 2729 Lorica
477 2701 587 2735 qualis
609 2700 703 2730 fuerit
728 2701 767 2730 cf.
792 2703 832 2730 ad
855 2702 886 2739 5,
905 2699 980 2730 259.

234 2756 309 2787 468.
343 2756 457 2787 sonus
479 2754 609 2797 galeae
633 2762 681 2787 est
701 2765 743 2795 „a
764 2763 853 2793 parte
874 2762 981 2795 totum,

189 2804 263 2839 [Sic
292 2812 399 2839 penna
420 2815 462 2826 =
493 2804 569 2832 avis
603 2801 684 2839 3613
722 2807 815 2833 umbo
840 2815 882 2829 Ξ
907 2812 981 2834 scu-

188 2854 255 2879 tum
285 2848 322 2887 7,
342 2848 423 2885 633;
465 2850 532 2878 alia
557 2852 661 2879 multa
696 2850 733 2880 cf.
758 2852 810 2879 Gr.
833 2850 855 2886 5
884 2849 981 2886 506.)

190 2904 264 2925 nam
288 2904 395 2925 conus
417 2900 463 2924 est
489 2900 682 2932 curvatura,
725 2904 807 2931 quae
832 2897 864 2925 in
888 2898 984 2933 galea

189 2943 354 2979 prominet,
378 2950 475 2977 super
499 2949 595 2976 quam
618 2939 782 2971 crisraef'·
811 2944 842 2971 S.
892 2943 984 2972 Dedit

190 2987 286 3023 igitur
312 2988 408 3017 etiam
429 2989 566 3024 galeam.
602 2988 731 3017 Similia
751 2992 823 3017 sunt
845 2986 985 3028 insigne

191 3029 293 3071 clipei
318 3031 445 3071 2,392;
478 3030 592 3063 litoris
616 3041 677 3063 ora
698 3032 728 3071 3,
743 3032 817 3063 396.
852 3035 986 3064 Rectius

194 3081 296 3108 tamen
322 3081 413 3110 Serv.
439 3080 597 3116 explicat:
638 3089 659 3109 a
679 3081 782 3121 parte
806 3082 915 3111 totum
940 3089 985 3110 sc.

1033 786 1240 822 intelligitur,
1282 790 1378 819 quam
1412 789 1497 811 nunc
1534 780 1597 810 dici
1636 779 1717 807 solet
1752 786 1825 806 esse

1029 821 1165 872 partem
1189 838 1252 871 pro
1276 831 1360 859 toto.
1409 830 1456 857 De
1481 829 1576 864 galea
1598 825 1637 855 cf.
1663 822 1694 862 7,
1718 821 1794 852 785.

1077 885 1152 916 469.
1182 886 1289 917 Arma
1317 881 1550 924 Neoptolemi,
1592 881 1760 912 fortissimi
1795 886 1823 909 et

1030 933 1237 963 infestissimi
1262 933 1364 962 hostis
1394 930 1427 958 in
1452 931 1586 959 Aeneae
1608 928 1743 957 veniunt
1768 935 1824 962 po—

1030 984 1185 1009 testatem.
1227 994 1265 998 -—
1309 985 1374 1006 sua
1400 973 1512 1005 dona:
1544 981 1725 1012 „congrua,
1749 977 1825 1008 apta

1032 1026 1152 1055 aetati“
1178 1027 1210 1053 S.
1237 1024 1277 1053 cf.
1298 1021 1373 1052 493.

1078 1080 1153 1111 470.
1180 1077 1283 1110 addit
1308 1087 1432 1119 equos.-
1470 1078 1587 1113 Epirus
1617 1076 1703 1105 enim
1728 1082 1824 1109 equo-

1032 1136 1103 1157 rum
1132 1131 1179 1156 est
1211 1127 1303 1155 ferax
1331 1126 1373 1155 cf.
1399 1126 1433 1153 G.
1461 1122 1490 1157 1,
1514 1121 1568 1151 59.
1605 1120 1636 1157 3,
1665 1118 1738 1149 121.
1783 1135 1820 1139 —-

1032 1171 1202 1212 additque
1237 1172 1358 1200 duces:
1395 1169 1565 1205 Quaeritur
1594 1168 1698 1197 sintne
1728 1167 1824 1195 duces

1032 1227 1202 1255 equorum,
1245 1225 1424 1254 agasoneS.
1463 1220 1497 1244 ut
1531 1211 1583 1249 10,
1610 1210 1676 1241 574
1708 1212 1824 1246 auriga

1033 1266 1098 1294 dux
1136 1272 1288 1299 equorum
1324 1263 1457 1298 dieitur,
1499 1268 1541 1290 an
1592 1261 1688 1288 duces
1729 1258 1824 1287 itine-

1031 1311 1087 1340 ris.
1130 1312 1198 1339 Hoc
1224 1311 1330 1345 potius
1358 1309 1484 1338 videtur
1508 1307 1641 1341 firmari,
1665 1305 1823 1351 siquidem

1032 1358 1124 1385 Dion.
1153 1358 1224 1385 llal.
1258 1356 1283 1390 t.
1309 1352 1349 1383 51
1384 1355 1477 1383 refert
1507 1362 1548 1381 ex
1574 1353 1669 1387 Epiro
1693 1344 1823 1389 ἠγεμο-

1029 1410 1097 1437 vag
1119 1397 1184 1441 τῆς
1212 1397 1400 1435 ναυτιλίας
1420 1394 1677 1428 συνεκπλεῦσαι
1690 1390 1825 1436 Αἰνείᾳ,

1030 1452 1058 1477 et
1087 1450 1194 1481 locus,
1232 1448 1287 1482 qui
1310 1452 1356 1475 est
1383 1446 1469 1474 infra.
1494 1446 1524 1481 5,
1549 1442 1632 1478 298,
1666 1452 1723 1471 nec
1750 1449 1825 1476 pos-

1029 1499 1104 1523 sunt
1130 1495 1181 1523 his
1204 1498 1349 1523 carentes
1374 1493 1407 1523 ii.
1433 1492 1487 1527 qui
1512 1497 1600 1519 mare
1618 1498 1680 1518 non
1698 1491 1825 1524 norunt⁷

1029 1540 1101 1569 sine
1123 1549 1246 1569 summo
1279 1540 1420 1574 periculo
1447 1538 1613 1572 navigare.
1649 1551 1686 1555 ——
1718 1536 1825 1568 Neque

1030 1591 1136 1615 tamen
1160 1594 1339 1621 agasonum
1365 1587 1480 1613 donum
1505 1589 1569 1612 tam
1600 1582 1667 1612 vile
1693 1585 1757 1615 est,
1790 1584 1825 1608 ut

1030 1642 1092 1661 non
1116 1633 1209 1661 fuerit
1235 1632 1487 1664 memorandum,
1512 1637 1607 1664 quum
1630 1629 1726 1657 etiarn
1744 1626 1824 1655 alibi

1028 1679 1051 1707 ii
1078 1679 1160 1707 inter
1187 1680 1269 1707 dona
1301 1678 1489 1707 referantur.
1538 1678 1587 1704 Ita
1613 1675 1780 1703 mittuntur
1804 1679 1825 1700 a

1032 1729 1146 1753 senatu
1168 1732 1218 1759 ap.
1246 1724 1318 1753 Liv.
1346 1722 1399 1754 43.
1425 1723 1462 1751 5;
1499 1724 1644 1755 ..duobus
1670 1719 1824 1749 fratribus

1027 1772 1151 1805 regulis
1178 1770 1353 1806 (munera)
1379 1773 1458 1798 haec
1486 1768 1669 1804 praecipua.
1697 1771 1823 1800 torques

1029 1818 1090 1845 duo
1118 1826 1159 1846 ex
1183 1817 1323 1851 (utinque
1346 1817 1448 1851 pondo
1474 1815 1547 1843 auri
1572 1813 1659 1847 facti,
1686 1817 1716 1841 et
1739 1818 1824 1840 vasa

1027 1868 1182 1899 argentea
1209 1863 1349 1897 quinque
1373 1871 1413 1891 ex
1436 1861 1553 1895 viginti
1578 1861 1689 1895 pondo.
1713 1862 1743 1887 et
1763 1858 1823 1885 duo

1027 1910 1101 1944 eqni
1132 1909 1290 1944 phalerati
1321 1908 1380 1943 (cf.
1408 1908 1447 1941 5,
1474 1904 1560 1942 310)
1588 1913 1663 1934 cum
1693 1911 1824 1943 agaso-

1027 1953 1130 1984 nibus
1153 1960 1180 1984 et
1205 1955 1369 1990 equestria
1389 1961 1477 1982 arma
1503 1960 1541 1982 ac
1562 1952 1696 1986 sagula3
1721 1954 1749 1977 et
1771 1957 1823 1978 co-

1028 2002 1162 2030 mitibus
1193 2010 1303 2030 eorum
1332 2001 1526 2030 vestimenta
1557 1998 1669 2026 liberis
1700 1995 1823 2024 servis-

1029 2046 1122 2081 que.·'·
1184 2049 1348 2076 Habemus
1384 2047 1497 2075 iterum
1536 2052 1667 2073 versum
1706 2042 1824 2076 imper-

1028 2093 1163 2127 fectum,
1193 2094 1227 2121 in
1253 2102 1314 2128 quo
1337 2093 1496 2122 sententia
1523 2095 1569 2119 est
1595 2096 1724 2123 anceps
1775 2087 1822 2116 Cf.

1030 2137 1095 2166 340
1121 2143 1150 2167 et
1173 2135 1201 2171 1,
1226 2137 1301 2167 636.
1354 2136 1407 2167 la.
1431 2139 1485 2173 qui
1507 2146 1547 2166 ex
1573 2145 1604 2165 v.
1628 2133 1692 2163 569
1718 2131 1823 2174 igna-

1027 2182 1127 2223 rique
1155 2183 1248 2220 viae,
1280 2186 1377 2213 duces
1407 2183 1531 2212 itineris
1556 2191 1619 2210 non
1644 2181 1747 2209 fuisse
1771 2187 1823 2207 ar-

1028 2234 1246 2266 gumentatur,
1293 2238 1396 2264 neque
1442 2237 1522 2263 opus
1565 2236 1638 2256 esse
1677 2226 1822 2259 ducibus,

1030 2284 1127 2310 quum
1160 2277 1301 2303 Helenus
1332 2276 1421 2303 viam
1455 2271 1695 2308 descripseritss
1729 2271 1823 2305 quasi

1030 2326 1133 2350 strata
1170 2322 1228 2350 via
1269 2326 1351 2350 esset
1390 2321 1469 2355 iter]
1514 2319 1594 2347 coni.
1637 2315 1740 2345 decus
1776 2324 1820 2344 sc.

1029 2376 1183 2402 equorum
1221 2368 1240 2395 i.
1285 2377 1311 2396 e.
1350 2368 1511 2402 phaleras.
1568 2365 1609 2392 At
1646 2363 1719 2397 quis
1758 2367 1822 2390 tam

1030 2416 1113 2442 nude
1144 2414 1283 2448 positum
1315 2413 1491 2448 intelliget?
1539 2409 1690 2443 Proponit
1723 2408 1822 2436 etiarn

1024 2468 1146 2499 pecus,
1187 2460 1206 2487 i.
1242 2470 1268 2487 e.
1303 2466 1417 2493 pecora
1442 2459 1557 2492 quibus
1586 2452 1820 2489 vescantur[l)

1026 2507 1121 2535 Vers.
1149 2503 1214 2533 470
1237 2510 1264 2534 et
1290 2502 1329 2533 71
1358 2505 1428 2533 eiic.
1461 2501 1512 2532 Pl.
1539 2499 1601 2531 Rb.

1073 2571 1149 2603 471.
1176 2571 1360 2615 remigium
1388 2569 1541 2612 supplet:
1570 2565 1769 2608 Remigium
1792 2570 1822 2596 et

1026 2629 1136 2650 remos
1171 2621 1242 2650 licet
1279 2621 1443 2655 explicare
1480 2622 1506 2646 et
1548 2612 1717 2655 remiges3
1765 2616 1821 2642 ab·

1028 2671 1183 2696 stractum
1209 2675 1264 2701 pro
1289 2670 1434 2696 concreto
1454 2666 1505 2692 Gr.
1523 2663 1545 2697 ς
1564 2658 1639 2690 361.
1668 2676 1705 2680 -
1730 2656 1821 2698 Sup-

1027 2711 1121 2752 plere
1139 2717 1245 2741 autem
1269 2710 1418 2752 remiges·
1440 2714 1468 2738 et
1494 2705 1662 2748 remigum
1684 2703 1822 2746 supple-

1028 2761 1178 2788 mentum
1205 2759 1338 2793 saepius
1364 2757 1489 2786 dicitur.
1526 2754 1572 2783 Cf.
1600 2753 1674 2782 Liv.
1697 2750 1750 2789 26,
1768 2750 1820 2781 35.

1034 2802 1084 2834 De
1107 2802 1279 2845 remigum
1305 2800 1541 2843 supplemento
1565 2798 1630 2841 agi
1654 2800 1820 2839 coeptum.

1030 2848 1071 2879 39
1111 2848 1343 2890 ¹suppleverat
1383 2844 1530 2888 remigio
1569 2853 1688 2874 naves.
1757 2846 1823 2873 Nec

1030 2898 1140 2926 minus
1170 2904 1280 2924 remos
1313 2892 1473 2934 supplere
1504 2897 1586 2922 recte
1617 2892 1677 2920 dici
1712 2892 1822 2919 docent

1032 2944 1149 2972 lexica.
1198 2942 1304 2975 Atque
1327 2944 1385 2969 hoc
1411 2943 1567 2975 praestat,
1593 2938 1712 2972 ubique
1735 2936 1821 2965 enim

1031 2990 1164 3017 Aeneae
1188 2987 1279 3021 socii,
1303 2990 1335 3014 ut
1362 2987 1446 3020 apud
1464 2986 1635 3014 Homerum
1660 2983 1724 3018 ipsi
1747 2986 1822 3011 sunt

1032 3035 1186 3071 remiges;
1226 3041 1328 3066 neque
1351 3032 1557 3068 distinguitur
1579 3031 1661 3059 inter
1686 3029 1822 3064 remiges

1031 3084 1061 3110 et
1088 3081 1217 3110 milites,
1255 3078 1302 3107 Cf.
1331 3075 1405 3106 129.
1429 3075 1505 3106 207.
1531 3077 1562 3115 5,
1589 3074 1655 3105 190
1677 3083 1724 3111 sq.
1762 3075 1822 3103 Sed
