2023 3350
197 105 276 143 184

766 100 804 131 P.
833 99 1028 132 VIRGILII
1053 98 1263 134 MARONlS

309 211 483 254 Talibus
522 213 717 252 orantem
757 210 884 252 dictis
921 225 1104 265 arasque
1144 215 1360 253 tenentem
1399 260 1402 261 ⁷

196 269 343 311 Audiit
378 268 667 320 omnipotens,

194 325 329 378 Regia
368 329 410 366 et
444 324 600 365 oblitos
641 324 783 366 famae
816 325 1008 366 melioris

195 383 301 424 Tum
338 382 399 422 sic
430 380 694 422 Mercurium
731 380 1004 435 adloquitur,

196 439 316 480 Vade
354 451 450 491 age,
495 442 617 488 nate,

709 267 946 320 oculosque
976 268 1032 309 ad
1063 269 1232 310 moenia
1270 269 1400 311 torsit:

656 452 762 480 voca
794 438 1012 492 Zephyros
1022 472 1031 490 ,

197 495 551 548 Dardaniumque
590 494 761 547 ducem,
806 495 934 550 Tyria
977 495 1239 549 Carthagine
1282 497 1354 549 qui
1390 509 1502 537 nunc

196 554 450 605 Exspectat,
488 552 676 605 fatisque
713 553 838 594 datas
872 567 956 594 non
993 554 1170 606 respicit
1202 553 1342 604 urbes,

197 609 459 661 Adloquere,
502 613 545 650 et
585 610 743 651 celeres
782 609 902 651 defer
937 624 1034 652 mea
1068 609 1185 652 dicta
1220 624 1298 664 per
1331 624 1483 651 auras:

197 667 293 708 Non
326 666 446 707 illum
485 666 610 708 nobis
652 667 846 720 genetrix
877 667 1168 720 pulcherrima
1212 668 1343 708 talem

197 723 420 774 Promisit,
459 723 723 778 Graiumque
758 723 855 766 ideo
893 724 958 766 bis
988 724 1179 766 vindicat
1217 725 1365 775 armis3

201 780 286 822 Sed
324 779 435 831 fore,

204 999 256 1029 39.
300 1016 338 1020 —
382 998 525 1030 Famam
552 999 691 1030 inanem
717 1003 786 1038 dei,
823 1011 906 1038 quae
938 1012 1001 1032 nou

201 1047 314 1075 nititur
335 1047 446 1081 aliqua
471 1047 521 1075 dei
548 1048 708 1083 potentia,
738 1047 920 1085 fovemus,
947 1057 1002 1078 su-

201 1096 381 1121 stentamus
425 1093 533 1121 sacris
576 1093 755 1129 faciundis,
804 1103 846 1123 ex
886 1095 1002 1129 quibus

203 1139 339 1166 subesse
382 1138 505 1171 aliquid
548 1138 709 1172 potentiae
759 1140 868 1175 colligi
917 1140 1001 1168 licet.

202 1183 311 1211 Oratio
338 1185 418 1211 haec
439 1184 564 1220 Iarbae,
587 1184 716 1212 barbari
741 1188 768 1212 et
794 1185 880 1213 Afri.
907 1185 1004 1221 signa

202 1229 297 1257 habet
322 1228 462 1257 hominis
485 1229 570 1257 irati.
619 1229 762 1257 Primum
791 1230 899 1259 obiicit
924 1231 997 1259 Iovi

203 1281 285 1308 quae
324 1274 459 1309 dederit,
510 1274 623 1302 deinde
655 1274 688 1302 in
731 1271 885 1314 adspicis
916 1272 1001 1304 haec

205 1319 343 1347 ostendit
360 1320 451 1347 modo
476 1327 552 1354 rem,
571 1328 633 1348 non
650 1321 810 1356 declarat,
839 1321 1001 1350 immisce-

203 1368 255 1392 tur
279 1365 316 1392 de
348 1364 394 1392 dii
427 1365 567 1399 potentia
597 1366 761 1394 dubitatio.
810 1367 999 1402 Indignatur

204 1414 311 1438 autem
342 1410 394 1438 vir
418 1410 526 1446 fortis,
569 1412 651 1444 quod
683 1418 703 1439 a
731 1411 852 1440 femina
875 1416 1003 1446 spretus

204 1459 271 1490 est,
312 1462 415 1490 eaque
449 1457 655 1490 pauperrima
692 1464 813 1491 suoque
851 1457 1003 1486 beneficio

210 1500 362 1529 devincta
397 1500 524 1535 sibique
563 1502 725 1539 subiecta,
773 1502 825 1530 cui
867 1503 1004 1531 maritus

205 1553 279 1574 esse
317 1546 475 1582 voluerit;
517 1554 588 1575 eam
623 1556 708 1576 nunc
745 1547 809 1575 sibi
840 1548 1003 1576 dominum

205 1598 374 1627 quaerere,
412 1591 620 1627 semivirum,
656 1594 786 1621 mollem
811 1597 840 1621 et
865 1600 1004 1621 enerva-

205 1639 287 1671 tun1·,
331 1641 425 1671 atque
461 1644 501 1665 ea
536 1638 646 1666 omnia
684 1638 788 1666 videri
830 1640 1003 1667 concedere

205 1682 331 1719 Iovem,
373 1682 469 1716 quasi
494 1683 672 1717 praemium
697 1690 880 1721 sacrorum,
920 1691 1004 1719 quae

206 1726 271 1762 ipsi
298 1727 415 1756 tulerit.

206 1802 271 1833 219
290 1820 333 1824 —-
352 1802 427 1834 237.
478 1804 634 1845 luppiter
659 1804 872 1837 Mercurium
900 1805 1006 1836 mittit

483 1849 525 1881 ad
551 1850 718 1882 Aeneam.

251 1903 327 1934 219.
354 1910 523 1937 orantem.
588 1911 659 1938 Mos
699 1911 859 1947 antiquis,
907 1914 941 1938 ut
975 1910 1005 1938 si

206 1952 282 1986 quid
318 1954 458 1982 maxime
493 1957 643 1992 orabant,
683 1962 760 1983 aras
795 1959 937 1984 tenerent
974 1959 1002 1984 et

206 1997 303 2033 signa
341 2001 625 2036 amplecterentur3
666 2008 765 2035 quare
798 2002 893 2035 quasi
928 2002 1004 2029 deos

206 2042 296 2076 ipsos
321 2044 449 2072 adulari
473 2045 674 2074 videbantur.
725 2046 771 2075 Cf.
805 2045 836 2083 2,
863 2043 938 2074 517.
974 2044 1004 2083 6,

208 2085 285 2115 124.
321 2086 372 2125 12,
400 2087 475 2118 201.
509 2092 567 2119 Ov.
594 2092 670 2119 Am.
700 2088 730 2128 1,
759 2088 789 2128 4,
816 2089 868 2120 27.
903 2094 1004 2121 Macr.

207 2133 273 2161 Sat.
302 2131 331 2169 3,
359 2131 387 2162 2.
419 2150 456 2154 —
486 2143 570 2165 aras
595 2138 637 2171 pl.
664 2136 702 2166 cf.
730 2134 760 2174 7,
789 2134 842 2165 98.

251 2175 328 2206 221.
355 2176 479 2208 nblitos·
496 2179 622 2217 famae
646 2179 797 2211 melioris
824 2182 863 2212 cf.
885 2179 960 2211 170.

253 2221 328 2251 222.
361 2221 556 2255 Mercurius
584 2227 621 2255 cf.
653 2224 680 2264 1,
709 2225 786 2256 297.

254 2277 328 2308 223.
362 2278 459 2309 Iade
478 2290 549 2322 age
574 2283 612 2312 cf.
642 2282 671 2320 3,
699 2282 774 2313 462.
803 2300 841 2304 -
870 2281 1006 2324 Zephy-

206 2332 275 2361 ros,
301 2326 356 2360 qui
380 2328 525 2356 xolatum
550 2331 733 2368 secundent,
759 2334 793 2358 ut
818 2330 849 2367 5,
867 2328 942 2358 607.
965 2346 1002 2349 —

205 2367 323 2399 labere
345 2369 471 2410 pennis
495 2373 533 2402 cf.
562 2372 591 2411 2,
618 2372 694 2403 225.

254 2424 330 2455 223.
361 2425 551 2466 Exspectat
576 2431 596 2458 i.
611 2439 638 2459 e.
664 2436 808 2460 moratur
833 2434 931 2460 verbo
957 2432 1006 2459 in—

208 2473 382 2501 transitivo
417 2474 456 2503 cf.
491 2473 528 2511 1,
557 2473 629 2504 104.
679 2478 811 2505 Praeter
842 2479 926 2506 hunc
959 2478 1007 2504 lo-

207 2525 280 2546 cum
313 2518 430 2553 legitur
461 2527 511 2554 ap.
539 2521 644 2549 Plaut.
669 2522 830 2556 Amphitr.
863 2523 896 2550 in
930 2530 1008 2556 sup-

207 2563 322 2597 positis
348 2571 393 2592 sc.
421 2562 451 2601 2,
479 2563 531 2594 12.
557 2570 585 2594 et
611 2574 662 2601 ap.
690 2568 768 2595 Iust.
799 2567 829 2603 5,
856 2565 886 2595 4.

256 2618 332 2648 226.
363 2618 504 2657 Celeris,
530 2625 612 2657 quod
634 2628 681 2652 est
702 2624 737 2651 in
762 2625 853 2657 Mss.,
878 2627 907 2651 et
931 2625 961 2651 h,
984 2624 1005 2650 l.

207 2668 235 2692 et
265 2663 328 2691 357
362 2666 437 2695 licet
467 2669 572 2703 accipi
602 2677 659 2703 pro
688 2669 889 2697 nominativo
919 2666 1008 2696 celer

209 2708 248 2737 cf.
284 2711 334 2738 Gr.
366 2711 388 2746 S
419 2710 498 2748 1073
541 2718 569 2742 et
594 2715 792 2750 acciperem,
826 2714 889 2742 nisi
921 2717 1008 2742 esset

209 2761 241 2781 v.
270 2752 347 2789 270,
373 2757 426 2784 ubi
451 2762 497 2786 est
526 2760 738 2788 accusativus
764 2768 819 2794 pro
847 2756 985 2787 celeres.

257 2807 332 2838 228.
364 2809 424 2840 Bis
448 2820 575 2849 ereptus
600 2821 647 2844 est
668 2816 760 2845 morti
784 2816 926 2848 Aeneas,
954 2822 1006 2843 se-

209 2857 272 2883 mel
306 2863 327 2884 a
355 2857 481 2887 Venere
513 2862 604 2890 Hom.
636 2863 673 2890 Il.
706 2861 738 2897 5,
765 2857 840 2888 311.
884 2861 957 2888 dein
987 2868 1007 2889 a

210 2901 355 2935 Nemuno
381 2900 433 2934 20,
461 2901 535 2934 291.
570 2922 608 2926 —
647 2907 759 2936 Potius
785 2909 891 2934 tamen
916 2905 1007 2934 vide-

213 2949 264 2974 tur
302 2946 482 2984 intelligere
522 2951 612 2980 illam
652 2961 694 2981 ex
745 2952 835 2980 urhis
877 2950 1006 2979 interitu

210 2991 405 3025 ereptionem
432 2990 461 3030 2,
489 2993 571 3033 589,
606 3002 634 3026 et
666 3005 723 3033 per
745 2998 885 3026 Graecos
910 2996 1007 3024 navi-

482 780 557 833 qui
595 781 820 835 gravidam
852 782 1046 836 imperiis
1082 782 1281 835 belloque
1319 780 1572 822 frementem

199 837 373 879 Italiam
405 841 595 890 regeret,
639 852 770 892 genus
809 840 898 880 alto
937 853 963 880 a
997 839 1202 893 sanguine
1237 837 1390 880 Teucri

1755 269 1838 307 220

1045 329 1250 367 amantes.

1054 396 1104 423 ac
1142 383 1250 423 talia
1286 381 1485 422 mandat:

1077 442 1120 480 et:
1154 439 1301 481 labere
1339 439 1515 492 pennis,

1757 551 1838 590 225

1760 836 1842 876 230

1049 1004 1211 1040 gationem
1238 1002 1268 1037 3,
1294 1000 1369 1031 282.
1396 1017 1434 1022 -
1463 998 1636 1031 vindicat.
1677 1001 1847 1029 Praesenti

1050 1054 1189 1084 tempore
1221 1054 1333 1084 poetas
1367 1048 1499 1082 saepius
1523 1048 1570 1077 uti
1593 1053 1689 1082 quam
1718 1048 1846 1076 solutae

1051 1095 1207 1124 orationis
1231 1095 1404 1129 scriptores
1423 1094 1506 1122 satis
1528 1098 1638 1122 notum
1662 1095 1721 1128 est,
1743 1100 1846 1127 neque

1051 1148 1172 1169 caussa
1195 1143 1283 1176 latet,
1305 1149 1361 1169 cur
1385 1141 1416 1168 id
1441 1140 1572 1169 faciant.
1621 1140 1775 1166 Nostrum
1799 1141 1849 1166 est

1051 1187 1142 1215 modo
1169 1187 1396 1215 demonstrare.
1419 1186 1546 1219 quando
1570 1184 1602 1212 id
1626 1183 1757 1213 faciant.
1784 1184 1846 1212 At-

1051 1232 1183 1267 tigimus
1206 1232 1272 1260 iam
1297 1239 1451 1265 praesens
1476 1228 1507 1267 2,
1533 1228 1608 1258 663.
1650 1229 1765 1258 Alium
1786 1231 1847 1257 ha-

1047 1279 1160 1305 bemus
1186 1285 1280 1305 usum
1303 1279 1363 1306 hoc
1387 1278 1468 1305 loco.
1518 1275 1647 1305 Scilicet
1679 1281 1847 1311 praesens,

1049 1330 1147 1357 quum
1170 1326 1296 1356 tempus
1322 1326 1351 1351 et
1376 1329 1443 1350 rem
1465 1321 1605 1357 gerentis
1631 1323 1659 1349 el
1685 1328 1751 1348 rem
1770 1328 1847 1349 nar-

1049 1368 1152 1396 rantis
1177 1368 1259 1396 idem
1286 1376 1359 1396 esse
1383 1368 1510 1403 indicet,
1534 1370 1637 1401 potest
1661 1366 1796 1403 admitti,
1816 1365 1847 1394 si

1049 1420 1133 1447 quae
1159 1421 1211 1441 res
1236 1417 1311 1441 ante
1335 1413 1421 1442 facta
1445 1416 1511 1448 aut,
1532 1412 1659 1446 quando
1685 1415 1847 1449 narratur,

1051 1459 1124 1493 ipsa
1151 1462 1330 1494 permanet,
1370 1462 1403 1486 ut
1434 1457 1555 1486 factum
1584 1457 1715 1491 aliquod
1744 1457 1846 1486 conti-

1051 1507 1183 1537 nuetur;
1215 1508 1271 1532 aut
1295 1508 1378 1533 certe
1403 1503 1451 1539 id,
1477 1504 1561 1537 quod
1585 1511 1653 1531 rem
1677 1502 1848 1537 consequi-

1050 1553 1111 1584 tur,
1138 1553 1171 1576 ut
1197 1549 1400 1578 continuetur
1426 1553 1572 1578 eventus.
1621 1548 1769 1577 Alterius
1793 1556 1848 1585 ge-

1050 1594 1138 1623 neris
1171 1597 1271 1623 habes
1300 1597 1389 1623 locos
1426 1592 1459 1632 1,
1485 1591 1526 1622 79
1567 1590 1618 1622 'I'u
1647 1591 1712 1621 das
1737 1591 1850 1632 epulis

1052 1638 1252 1668 accumbere
1281 1637 1395 1669 divom
1427 1640 1447 1668 i.
1470 1648 1496 1668 e.
1529 1643 1559 1668 et
1582 1639 1660 1668 olim
1679 1639 1796 1668 dedisti
1819 1643 1849 1668 et

1050 1685 1147 1714 etiam
1177 1694 1263 1714 nunc
1294 1687 1362 1714 das.
1413 1683 1477 1712 630
1503 1681 1579 1713 Non
1605 1681 1738 1724 ignara
1764 1681 1851 1713 mali

1051 1727 1187 1759 miseris
1208 1738 1408 1759 succurrere
1430 1727 1524 1758 disco
1550 1730 1570 1758 i.
1597 1738 1624 1758 e.
1651 1733 1680 1758 et
1702 1729 1799 1759 didici
1823 1734 1854 1759 et

1052 1784 1178 1810 semper
1206 1777 1293 1805 disco
1328 1778 1486 1805 malorum
1522 1783 1663 1804 meorum
1699 1776 1849 1804 recorda-

1053 1822 1147 1850 tione.
1188 1820 1224 1858 9,
1255 1818 1329 1850 219.
1379 1822 1526 1850 Alterius
1559 1820 1686 1857 generis
1717 1824 1766 1850 est
1797 1821 1851 1850 hic

1051 1868 1141 1896 locus
1162 1871 1191 1895 et
1218 1864 1247 1903 1,
1275 1865 1340 1894 517
1367 1864 1539 1906 linquant.
1588 1864 1618 1901 2,
1643 1863 1706 1893 665
1735 1864 1851 1906 eripis.

1052 1913 1106 1942 Sic
1131 1912 1161 1947 5,
1185 1910 1226 1940 57
1253 1909 1350 1941 haud
1377 1910 1450 1941 sine
1478 1909 1620 1940 numine
1646 1908 1761 1940 divom
1787 1909 1854 1940 ad-

1052 1965 1171 1986 sumus
1197 1959 1227 1986 et
1250 1959 1370 1996 portus
1397 1954 1692 1986 ‹letatiintramus
1710 1953 1853 1995 amicos,

1052 2004 1126 2032 dicit
1153 2004 1192 2037 is,
1214 2003 1268 2038 qui
1289 2003 1354 2031 iam
1380 2004 1434 2032 diu
1453 2003 1587 2038 appulit.
1623 2003 1657 2031 Is
1683 2009 1765 2031 usus
1790 2011 1850 2032 va-

1052 2049 1113 2077 luit
1144 2049 1242 2077 etiam
1272 2049 1305 2076 in
1331 2049 1508 2077 enuntiatis
1535 2048 1696 2077 relativis.
1746 2047 1794 2077 Cf.
1819 2046 1849 2086 2,

1054 2092 1117 2121 275
1152 2091 1328 2132 Quantum
1356 2096 1512 2123 mutatus
1535 2091 1578 2122 ab
1604 2090 1665 2122 illo
1692 2089 1852 2129 Hectore,

1054 2137 1114 2178 qui
1130 2136 1222 2168 redit
1246 2140 1307 2167 etc.
1329 2140 1350 2168 i.
1367 2148 1393 2168 e.
1417 2141 1576 2169 redeunte.
1599 2135 1726 2174 10,143
1746 2135 1851 2177 affuit

1054 2187 1086 2214 et
1134 2181 1353 2221 Mnestheus,
1412 2193 1508 2224 quem
1556 2181 1652 2223 pulsi
1697 2180 1852 2222 pristina

1058 2227 1170 2259 Turni
1195 2250 1224 2258 ..
1251 2227 1427 2258 sublimem
1453 2226 1573 2269 gloria
1595 2226 1700 2273 tollit,
1739 2226 1769 2264 9,
1788 2228 1853 2258 266

1060 2273 1156 2304 Dabo
1185 2277 1321 2303 cratera
1348 2272 1548 2314 antiquum,
1581 2283 1678 2313 quem
1690 2265 1768 2301 dat
1796 2272 1854 2304 Si-

1054 2317 1161 2349 donia
1192 2317 1294 2348 Dido.
1341 2318 1402 2347 361
1441 2317 1595 2359 Cingula
1626 2316 1761 2348 Tiburti
1786 2318 1854 2349 Re-

1054 2362 1148 2393 mulo
1179 2362 1373 2393 ditissimus
1399 2362 1479 2393 olim
1503 2373 1592 2404 quoe
1614 2363 1721 2395 mittit
1747 2363 1854 2394 dorm.

1056 2408 1115 2445 10,
1141 2407 1207 2437 518
1256 2407 1433 2447 Quattuor
1470 2407 1525 2438 hic
1561 2408 1718 2446 invenes,
1770 2419 1854 2450 quos

1055 2453 1180 2483 educat
1215 2452 1342 2492 Ufens,
1370 2453 1525 2484 viventes
1551 2453 1656 2495 rapit.
1706 2453 1759 2494 11,
1790 2453 1853 2484 172

1060 2498 1198 2539 Magna
1230 2502 1374 2540 tropaea
1399 2499 1543 2538 ferunt,
1575 2510 1660 2541 quos
1693 2499 1755 2530 dat
1791 2503 1853 2530 tua

1056 2542 1199 2573 dextera
1221 2542 1299 2574 leto.
1347 2549 1397 2575 Ex
1420 2547 1557 2575 aliorum
1581 2547 1780 2576 carminibus
1803 2547 1851 2575 af-

1055 2590 1136 2619 ferre
1163 2593 1323 2627 exempla,
1347 2600 1444 2626 quum
1467 2597 1531 2620 tam
1557 2594 1658 2621 multa
1684 2593 1852 2627 praebuis-

1054 2640 1101 2664 set
1136 2644 1220 2664 uuus
1252 2638 1431 2673 Virgilius,
1473 2645 1554 2671 opus
1587 2646 1650 2666 non
1683 2638 1852 2666 videbatur

1053 2689 1136 2709 esse.
1187 2682 1234 2710 Cf.
1260 2684 1311 2710 Gr.
1337 2682 1358 2715 S
1387 2681 1462 2710 455.
1488 2683 1553 2711 An.

1101 2724 1175 2754 229.
1209 2724 1369 2755 Gravida
1394 2732 1441 2756 est
1458 2728 1556 2756 Italia
1579 2723 1746 2765 imperiis,
1771 2735 1854 2762 quae

1054 2774 1157 2800 multa
1181 2773 1340 2801 exercebit
1366 2773 1518 2809 imperia,
1559 2773 1668 2801 multis
1705 2773 1853 2807 gentibus

1055 2817 1240 2852 imperabit;
1268 2822 1299 2846 ut
1329 2815 1377 2853 10,
1395 2816 1437 2846 s7
1460 2815 1649 2858 gravidam
1679 2814 1780 2845 bellis
1805 2819 1854 2846 di-

1053 2863 1101 2891 xit
1127 2865 1237 2891 urbem
1262 2864 1460 2893 bellicosam.
1495 2863 1601 2891 Simili
1627 2864 1718 2891 modo
1737 2863 1850 2892 claud.

1055 2909 1144 2936 Fesc.
1178 2906 1234 2943 12,
1260 2907 1301 2936 24
1337 2906 1483 2948 Imperio
1511 2906 1592 2943 feta
1619 2904 1740 2936 domus
1768 2907 1855 2943 (Ho-

1054 2953 1157 2987 norii]
1191 2950 1256 2981 Vis
1278 2955 1439 2982 numerat
1466 2948 1670 2991 triumphos.

1101 2995 1178 3026 230.
1208 2995 1310 3027 Altus
1337 2999 1413 3033 quid
1437 2997 1592 3034 significet
1617 2998 1656 3027 cf.
1683 2995 1714 3036 9,
1739 2995 1816 3028 697.
