2023 3350
110 243 229 284 Dant
265 241 456 296 signum,
500 240 660 284 fulsere
692 241 813 296 ignes
851 246 894 285 et
933 243 1128 286 conscius
1163 242 1315 286 aethei

115 299 367 352 Connubiis,
415 313 668 353 summoque
703 300 928 343 ulularunt
959 301 1121 344 vertice
1159 301 1396 358 Nymphae.

112 358 194 400 Ille
233 357 324 400 dies
357 357 521 411 primus
557 357 635 399 leti
674 358 927 423 primusque
964 359 1177 401 malorum

113 415 276 458 Caussa
312 414 406 456 fuit.

111 474 202 515 Nec
237 473 325 514 iam
360 472 568 514 furtivum
599 472 714 514 Dido
750 474 988 516 meditatur
1026 488 1243 526 amor3em

113 530 371 584 Coniugium
405 534 549 582 vocat3
591 530 673 572 hoc

226 587 455 641 Extemplo
494 587 658 643 Libyae
696 603 877 643 magnas
910 590 946 631 it
982 590 1116 631 Fama
1151 603 1229 643 per
1264 588 1406 640 urbes,

111 646 266 697 Fama,
309 646 471 687 malum
505 660 592 700 qua
627 660 714 688 non
753 647 872 689 aliud
909 647 1100 689 velocius
1138 647 1294 689 ullum:

111 703 357 745 Mobilitate
391 704 523 757 viget,
568 704 766 758 viresque
804 704 998 759 adquirit
1031 704 1189 757 eundo,

110 761 250 803 Parva
286 764 407 802 metu
440 761 601 815 primo,
641 775 743 803 mox
778 776 870 804 sese
913 763 1078 804 attollit
1112 762 1157 803 in
1199 774 1342 811 auras,

109 818 446 873 Ingrediturque
481 819 573 861 solo
615 823 658 860 et
697 824 830 874 caput
866 820 981 862 inter
1016 819 1167 861 nubila
1205 818 1364 860 condit.

109 877 236 919 Illam
274 876 408 918 Terra
440 890 615 930 pareDS,
655 876 722 919 ira
756 878 939 920 inritata
977 877 1170 928 deorum,

111 934 386 986 Extremam,
429 937 478 975 ut
518 948 596 987 per
598 933 769 986 hibent,

713 127 947 163 AENEmos
978 130 1068 163 Lm.
1099 131 1159 163 1v.
1688 134 1764 174 181

466 415 615 469 Neque
652 415 766 457 enim
799 417 941 469 specie
975 416 1145 459 famave
1180 419 1389 468 movetur,
1682 419 1763 459 170

706 532 926 585 praetexit
959 533 1132 574 nomine
1171 532 1353 586 culpam.

1681 705 1760 744 175

816 935 927 977 Coeo
959 934 1266 988 Enceladoque
1307 946 1498 975 sororem
1679 990 1759 1030 180

110 992 365 1045 Progenuit,
411 990 593 1045 pedibus
632 992 815 1034 celerem
853 995 896 1034 et
931 992 1179 1046 pernicibus
1213 991 1313 1042 alis,

112 1049 357 1091 Monstium
397 1049 680 1101 horiendum,
712 1050 884 1104 ingens,
921 1050 1009 1101 6111,
1049 1052 1156 1103 quot
1192 1052 1292 1090 sunt
1325 1060 1507 1101 colpore
1548 1045 1733 1100 plumae,

111 1107 195 1149 Tot
226 1107 377 1161 vigiles
415 1107 528 1148 oculi
568 1106 732 1159 51111161,

111 1165 194 1206 Το1
230 1164 424 1218 linguae,

777 1106 978 1148 mirabile
1011 1106 1141 1157 dictu,

468 1155 651 1206 totidem
687 1178 765 1206 016
804 1168 979 1215 50116111,
1018 1167 1086 1205 101
1124 1161 1310 1215 subrigit
1348 1175 1486 1203 aures.

111 1223 248 1264 Nocte
279 1222 398 1264 volat
435 1222 543 1263 caeli
580 1221 720 1263 medio
754 1225 986 1276 terraeque
1021 1235 1099 1275 pei
1138 1219 1350 1270 umbram,

114 1279 331 1331 Stridens,

377 1293 455 1321 1166
491 1278 606 1320 dulci
645 1278 833 1320 declinat
869 1279 1032 1320 lumina
1070 1291 1238 1328 5011111ος

1679 1279 1759 1318 185

111 1338 226 1380 Luce
266 1337 388 1380 sedet
423 1340 566 1379 custos
603 1340 681 1379 aut
714 1337 869 1378 summi
910 1337 1094 1378 culmine
1130 1334 1248 1386 tecti,

110 1504 291 1539 pronubae,
347 1502 505 1540 fulmina,
573 1503 685 1531 taedae
733 1502 910 1539 nuptiales,

111 1546 336 1583 Nympharum
389 1549 479 1577 chori
527 1550 744 1584 hymenaeum
791 1556 912 1577 canen-

111 1594 205 1622 tium:
256 1596 337 1623 haec
372 1594 484 1622 omnia
522 1598 598 1622 sunt
637 1594 910 1627 extraordinaria,

109 1647 169 1668 nec
207 1643 342 1674 possunt
378 1640 456 1669 certi
489 1640 608 1668 ominis
641 1648 724 1669 esse.
772 1655 810 1659 —
857 1637 908 1668 Pl.

110 1685 191 1715 coni.
221 1682 376 1714 Tremuit
397 1687 494 1714 tellus
518 1690 547 1714 et
570 1694 603 1724 Ι).
630 1683 654 1714 Ι.
681 1682 743 1715 dat
774 1686 912 1722 signum.

112 1727 257 1760 Richter
280 1727 494 1769 (Meseritz)
529 1727 727 1759 Devcniunt
754 1728 915 1769 rima(.')

116 1773 166 1805 Et
192 1773 315 1812 tellus,
356 1780 385 1805 et
417 1777 574 1811 explicat:
613 1778 761 1811 Irrepuut
786 1785 842 1811 per
869 1777 914 1805 ri-

115 1828 202 1851 mam
224 1822 394 1856 subitoque
416 1823 500 1851 inter
523 1831 559 1851 se
583 1823 795 1857 conspiciunt.

163 1864 234 1895 167.
268 1865 437 1896 Conscius
479 1872 524 1896 est
568 1871 677 1897 aether
718 1873 749 1896 ut
795 1865 913 1896 sidera

113 1909 252 1941 conscia
291 1910 329 1948 9,
357 1910 420 1940 429
465 1918 493 1942 et
532 1915 567 1942 Ο.
594 1916 637 1941 Μ.
671 1912 707 1949 6,
735 1911 801 1942 588
846 1922 914 1942 nos

114 1955 252 1986 conscia
283 1956 403 1986 sacris.

162 2000 236 2031 169.
265 1999 316 2031 Pl.
342 2003 425 2032 coni.
457 2000 482 2031 Ι.
505 2000 538 2030 (Ι.
562 2000 696 2042 primus
722 2001 828 2032 labes.

164 2046 239 2076 170.
265 2049 317 2077 Ab
343 2052 403 2078 hoc
428 2049 479 2077 die
504 2050 615 2083 palam
640 2057 676 2077 se
706 2050 805 2085 gessit
833 2058 916 2078 uxo-

117 2102 185 2123 rem
204 2095 347 2132 Aeneae,
366 2102 470 2129 neque
489 2094 596 2123 decori
615 2095 723 2129 specie
748 2103 806 2124 nec
828 2095 917 2123 fama

115 2144 273 2170 movetur.

164 2183 238 2214 171.
270 2183 482 2218 Meditatur,
510 2185 639 2221 cogitat,
664 2187 757 2218 parat
783 2184 822 2213 cf.
848 2185 915 2212 Ecl.

115 2228 146 2266 1,
163 2229 182 2258 2
205 2229 406 2260 Silvestrem
429 2239 563 2259 musam
584 2226 769 2259 meditaris
791 2236 916 2257 avena.

114 2277 191 2305 Hor.
217 2277 251 2306 C.
279 2274 315 2314 4,
343 2274 396 2310 14,
427 2274 467 2304 27
500 2273 649 2315 Aufidus
678 2297 707 2304 ..
735 2272 839 2304 cultis
864 2271 919 2303 cli-

115 2319 243 2351 luviem
267 2319 461 2352 meditatur
485 2320 598 2361 agris.

164 2365 239 2396 172.
270 2365 447 2397 Praeterit
479 2367 518 2397 cf.
551 2364 627 2395 500.
683 2366 737 2394 Ad
769 2373 836 2394 rem
877 2364 916 2394 cf.

115 2414 175 2442 Ov.
202 2415 275 2442 Met.
300 2412 331 2451 7,
356 2411 396 2441 69
427 2411 686 2451 Coniugiumne
715 2420 817 2439 vocas
843 2419 918 2449 spe-

115 2455 280 2497 ciosaque
304 2457 446 2488 nomina
473 2455 597 2498 culpae
620 2454 769 2497 imponis
792 2453 917 2485 Medea

119 2500 229 2533 tuae!

325 2579 387 2611 173
403 2579 544 2611 -197,
598 2581 714 2612 Fama.

168 2637 245 2669 173.
271 2639 398 2668 Nobilis
450 2639 511 2668 illa
561 2640 681 2668 Famae
737 2640 919 2677 descriptio,

119 2687 214 2717 cuius
254 2687 415 2714 elementa
463 2686 577 2719 aliqua
625 2686 837 2720 deprehendis
885 2686 919 2714 in

116 2732 225 2762 Eridis
249 2731 392 2767 imagine
416 2737 467 2765 ap.
495 2723 919 2781 Ηο111.11.4,442’Έρις,

116 2769 172 2827 ἤτ’
199 2769 301 2815 ὀλίγη
327 2770 408 2826 μὲν
422 2771 558 2826 πρῶητα
577 2770 810 2825 κορύσσεται,
850 2769 921 2805 αὕ-

116 2816 187 2874 τὰρ
213 2816 338 2851 ἔπειτα
365 2813 513 2863 οὐρανῷ
543 2814 706 2860 ἐστήριξε
738 2814 832 2860 κάρη
856 2815 920 2850 καὶ

117 2862 176 2898 ἐπὶ
203 2862 315 2906 χθονὶ
345 2862 474 2907 βαίνει.
530 2868 591 2895 Sed
624 2867 757 2896 diversa
790 2875 842 2896 res
871 2867 920 2895 di-

118 2921 216 2943 verso
241 2914 334 2943 modo
359 2912 562 2948 describitur,
588 2921 691 2948 neque
715 2920 757 2942 ex
781 2914 918 2942 Homero

120 2960 233 2995 aliqua
256 2962 358 2988 verba
382 2959 559 2993 exscripsit
582 2958 761 2996 Virgilius,
797 2959 854 2988 sed
878 2966 921 2987 ex

121 3012 180 3034 suo
203 3005 334 3042 ingenio
358 3005 465 3034 bausit
484 3008 513 3033 et
534 3004 582 3034 rei
606 3008 734 3034 natura.

166 3046 243 3079 174.
269 3052 373 3080 Fama
419 3052 540 3080 malum
585 3057 652 3089 quo
700 3046 792 3079 vpt.
851 3057 921 3089 qua

958 1498 1084 1531 MRP2.
1145 1501 1324 1534 Utrumque
1364 1499 1429 1528 iam
1471 1500 1589 1528 lectum
1630 1506 1651 1528 a
1687 1500 1759 1528 Ser—

958 1548 1025 1577 vio.
1047 1551 1216 1582 utrumque
1241 1548 1392 1581 probum,
1417 1545 1491 1573 sive
1517 1545 1634 1574 scribis
1655 1543 1761 1582 fama

960 1591 1112 1629 malum,
1154 1600 1220 1632 quo
1254 1592 1327 1620 sive
1354 1590 1475 1627 fama.
1516 1587 1646 1619 malum
1680 1599 1760 1630 qua,

960 1640 1043 1674 quod
1071 1638 1212 1667 fecerunt
1246 1634 1330 1676 Wg.
1367 1633 1430 1667 Ld.
1460 1632 1526 1664 Rb.
1560 1640 1589 1665 et
1620 1636 1763 1666 firmatur

961 1685 1115 1713 librorum
1143 1683 1342 1713 auctoritate.
1371 1697 1408 1701 —-
1441 1678 1617 1717 Velocius,
1645 1683 1762 1718 quippe

963 1731 1056 1759 cuius
1080 1731 1237 1759 movendo
1261 1728 1377 1758 crescit
1409 1727 1576 1763 celeritas,
1617 1735 1701 1762 quae
1729 1729 1763 1757 in

961 1777 1039 1805 aliis
1062 1776 1264 1805 animalibus
1288 1779 1371 1804 certe
1394 1775 1475 1803 solet
1501 1775 1695 1803 decrescere.

1009 1831 1084 1861 176.
1115 1829 1233 1861 Parva
1253 1834 1358 1860 metu.
1396 1831 1540 1859 Primum
1561 1831 1675 1860 timida
1693 1839 1762 1860 ser-

962 1879 1006 1914 pit
1041 1884 1069 1907 et
1101 1883 1196 1907 cauta
1231 1877 1389 1907 contrahit
1427 1877 1568 1911 corporis
1608 1877 1760 1913 speciem,

962 1933 1038 1954 mox
1075 1925 1162 1954 facta
1195 1924 1350 1952 audacior
1387 1924 1455 1951 alta
1497 1922 1623 1951 incedit.
1680 1924 1761 1951 Nam

963 1968 1102 2009 5,primo
1133 1970 1323 1999 adverbium
1355 1972 1403 1998 est
1443 1976 1507 1996 nou
1543 1966 1693 1997 nomen.“
1728 1970 1759 1997 S.

964 2017 1070 2050 Quare
1102 2016 1178 2051 quid
1209 2016 1242 2044 in
1271 2022 1387 2054 parva
1418 2015 1510 2042 melu
1537 2011 1651 2052 primo
1684 2014 1763 2042 insit

963 2061 1163 2090 difficultatis
1193 2069 1256 2089 non
1280 2060 1438 2096 intelligo,
1463 2067 1522 2088 uec
1546 2066 1646 2093 quare
1668 2067 1762 2095 prae·

963 2111 1023 2135 stet
1045 2115 1161 2145 parva
1189 2104 1284 2135 veuit
1307 2103 1439 2145 primo,
1480 2106 1564 2139 quod
1591 2106 1675 2134 coni.
1710 2102 1761 2134 Pl.

963 2152 1071 2186 Atque
1096 2152 1213 2186 optime
1239 2152 1292 2180 his
1316 2152 1426 2179 verbis
1452 2159 1571 2179 morem
1596 2152 1763 2180 hominum

963 2205 1155 2231 expressum
1179 2205 1254 2225 esse
1279 2197 1386 2229 video,
1407 2204 1468 2230 quo
1492 2196 1546 2231 qui
1570 2197 1665 2230 primi
1686 2203 1764 2226 nar-

966 2246 1055 2277 rant,
1091 2242 1196 2276 ipsum
1224 2243 1307 2276 quod
1332 2245 1466 2269 narrant
1490 2241 1622 2275 cupiunt
1647 2246 1761 2277 tegere.

963 2290 1108 2316 Metuant
1136 2287 1224 2316 enim
1249 2295 1289 2315 ne
1315 2285 1422 2315 famae
1448 2290 1598 2315 auctores
1616 2287 1764 2316 dicantur

965 2341 1047 2362 esse.

1012 2375 1088 2407 177.
1114 2378 1203 2406 Idem
1227 2385 1259 2406 v.
1288 2373 1341 2414 10,
1361 2373 1437 2405 767.

1013 2432 1088 2463 178.
1119 2433 1177 2463 Ira
1211 2431 1353 2463 deorum
1389 2438 1437 2462 est
1465 2434 1515 2462 ira
1547 2437 1658 2462 contra
1688 2434 1764 2463 deos

965 2481 1004 2510 cf.
1038 2483 1092 2510 Gr.
1121 2481 1142 2514 ς
1170 2478 1233 2508 255
1272 2481 1335 2509 An.
1363 2477 1391 2508 2.
1442 2481 1530 2508 Irata
1560 2484 1668 2508 autem
1700 2480 1763 2508 diis

965 2531 1030 2563 est,
1066 2528 1149 2562 quod
1180 2527 1312 2555 Titanes
1341 2526 1374 2554 in
1405 2526 1576 2554 Tartarum
1608 2525 1763 2562 deiecere,

964 2577 1158 2608 quapropter
1182 2572 1353 2609 generavit
1372 2572 1528 2607 Gigantes
1559 2574 1588 2599 et
1617 2571 1762 2600 Famam.

968 2615 1185 2654 Extremam,
1215 2619 1450 2653 degeneratam,
1471 2616 1657 2651 pessimam.
1706 2619 1764 2645 Se-

964 2668 1058 2693 cutus
1091 2664 1165 2692 Liv.
1200 2661 1262 2699 30,
1288 2660 1328 2690 29
1361 2664 1549 2692 extremum
1579 2659 1765 2702 ingenium

965 2710 1047 2738 dixit.
1091 2709 1321 2738 stultissimum
1357 2712 1387 2737 et
1427 2710 1513 2736 Suet.
1547 2707 1616 2737 Cal.
1643 2705 1695 2736 35.
1733 2711 1764 2736 et

965 2757 1044 2784 lust.
1074 2753 1128 2792 35,
1157 2752 1170 2782 l
1196 2756 1385 2783 extremam
1407 2755 1531 2782 sortem
1559 2753 1710 2783 infimam.

1011 2808 1088 2839 179.
1118 2812 1152 2838 ut
1180 2807 1381 2849 perhibent.-
1405 2810 1695 2846 „Quotiescumque
1714 2810 1764 2838 fa-

967 2859 1119 2886 bulosum
1137 2857 1261 2890 aliquid
1287 2855 1379 2891 dicit,
1404 2857 1485 2884 solet
1508 2855 1627 2885 inferre
1651 2852 1764 2884 Fama

967 2901 1053 2931 est.·‘
1086 2904 1116 2930 S.
1149 2903 1204 2930 vel
1243 2901 1351 2930 simile
1380 2901 1513 2936 aliquid.
1563 2901 1610 2930 Cf.
1644 2899 1679 2937 1,
1714 2899 1763 2928 15.

967 2946 998 2985 3,
1029 2945 1107 2976 578.

1014 3001 1091 3033 186.
1118 3005 1233 3032 custos
1265 3004 1503 3041 „speculati-ix,
1530 3011 1570 3032 ne
1594 3003 1670 3037 quid
1693 3009 1766 3032 eam

968 3046 1183 3087 praetereatf·
1209 3051 1240 3077 S.
