2023 3350
136 224 277 265 Multa
313 226 490 277 putans,
534 225 781 276 sortemque
819 223 961 264 animo
996 223 1228 265 miseratus
1267 223 1473 278 iniquam.

141 281 288 323 Cernit
325 281 386 322 ibi
423 284 611 322 maestos
648 284 691 321 et
724 281 878 322 mortis
919 281 1079 322 honore
1118 284 1315 323 carentes

138 339 392 391 Leucaspim
429 342 472 380 et
508 338 665 391 Lyciae
705 338 927 380 ductorem
967 339 1117 380 classis
1152 338 1369 390 Orontem,

139 396 254 446 Quos
292 395 436 447 simul,
485 409 510 436 a
547 395 675 436 Troia
708 400 888 438 ventosa
926 410 1003 450 per
1039 409 1230 449 aequora
1267 399 1426 447 vectos,

140 453 298 495 Obruit
334 455 510 504 Auster,
556 466 672 506 aqua
705 453 924 496 involvens
966 467 1202 507 navemque
1241 453 1454 508 virosque.

254 511 366 552 Ecce
402 509 667 564 gubernator
703 525 795 553 sese
836 511 1065 552 Palinurus
1100 510 1269 565 agebat,

141 567 222 618 Qui
262 567 423 622 Libyco
464 582 602 621 nuper
640 582 785 620 cursu,
826 568 927 610 dum
964 569 1107 610 sidera
1146 571 1302 619 servat,

140 625 375 671 Exciderat
412 625 547 679 puppi
587 626 740 668 mediis
781 626 942 668 effusus
972 627 1017 667 in
1052 625 1190 667 undis.

140 682 266 724 Hunc
307 682 383 724 ubi
417 683 486 723 vix
523 683 660 725 multa
698 688 910 726 maestum
947 683 1149 737 cognovit
1187 683 1230 724 in
1266 681 1432 733 umbra,

142 740 212 782 Sic
243 740 364 793 prior
403 740 676 794 adloquitur:
725 742 827 792 Quis
865 746 927 793 te,
968 742 1191 791 Palinure,
1238 738 1417 781 deorum

141 797 314 851 Eripuit
345 797 471 839 nobis
505 798 731 853 medioque
771 798 850 841 sub
886 813 1074 852 aequore
1109 797 1288 839 mersit?

140 855 222 896 Dic
247 869 352 908 age.

141 912 235 954 Hoc
271 926 355 954 uno
390 927 598 967 responso
638 915 827 956 animum
868 914 1028 956 delusit
1066 912 1233 967 Apollo,

143 969 225 1020 Qui
263 969 355 1012 fore
393 974 437 1012 te
472 974 607 1024 ponto
644 972 920 1023 incolumem,
962 971 1153 1023 finesque
1193 967 1377 1010 canebat

142 1027 382 1069 Venturum
419 1029 644 1070 Ausonios.

143 1085 223 1127 Ille
258 1089 422 1127 autem:
472 1086 622 1140 Neque
659 1090 702 1128 te
735 1086 899 1128 Phoebi
936 1086 1106 1128 cortina
1141 1082 1307 1132 fefellit,

143 1143 243 1184 Dux
280 1142 562 1195 Anchisiada,
605 1158 683 1186 nec
720 1158 787 1186 me
828 1144 932 1186 deus
968 1155 1157 1195 aequore
1192 1139 1355 1181 mersit.

144 1200 342 1254 Namque
376 1201 687 1254 gubernaclum
720 1201 858 1243 multa
895 1200 936 1241 vi
971 1199 1085 1241 sorte
1121 1197 1348 1246 revolsum,

736 109 973 143 AENEIDOS
1004 110 1091 143 LIB.
1117 111 1178 143 VI.
1699 111 1781 151 283

1701 400 1783 439 335

1704 684 1787 722 340

411 856 607 909 Namque
644 857 769 908 mihi,
813 855 947 898 fallax
982 856 1098 898 haud
1131 858 1230 896 ante
1260 856 1470 908 repertus,

1708 969 1789 1007 345

704 1030 769 1071 En
809 1029 917 1070 haec
950 1029 1165 1082 promissa
1201 1025 1306 1066 fides
1342 1024 1436 1065 est‘?

1712 1253 1794 1291 350

147 1258 225 1300 Cui
268 1258 396 1299 datus
433 1258 665 1300 haerebam
705 1262 849 1301 custos
889 1271 1125 1311 cursusque
1159 1254 1375 1309 regebam,

145 1315 446 1369 Praecipitans
480 1317 596 1358 traxi
631 1331 809 1358 mecum.
868 1315 1009 1357 Maria
1046 1328 1202 1368 aspera
1234 1314 1341 1363 iuro,

144 1374 243 1415 Non
281 1373 417 1415 ullum
454 1387 534 1427 pro
571 1388 639 1416 me
676 1377 846 1415 tantum
881 1373 1045 1426 cepisse
1076 1372 1288 1417 timorem,
1449 1422 1455 1429 .

147 1431 285 1481 Quam
325 1434 402 1473 tua
438 1445 508 1483 ne,
555 1432 743 1486 spoliata
780 1431 934 1482 armis,
982 1443 1160 1472 excussa
1198 1427 1420 1481 magistro,
1448 1431 1458 1441 ⁹

194 1569 270 1601 332.
297 1573 406 1609 „Bene
430 1573 526 1607 quasi
557 1573 664 1601 animo
697 1573 743 1601 rei
774 1579 944 1608 praesage.

148 1618 219 1653 ipse
247 1619 333 1647 enim
356 1619 489 1647 Aeneas
517 1619 700 1654 insepultus
732 1619 847 1647 iacebit
881 1626 946 1646 me-

149 1664 267 1699 diaque
284 1665 472 1693 inhumatus
491 1671 590 1693 arena
607 1662 637 1701 4,
653 1662 752 1693 620.“
770 1666 800 1692 S.
831 1660 948 1692 Animi

148 1712 192 1747 M,
220 1714 253 1739 ut
279 1711 416 1747 videtur,
443 1718 528 1739 unus
554 1713 658 1743 habet.
681 1714 784 1738 ortum
811 1709 949 1737 fortasse

149 1765 191 1784 ex
212 1764 292 1785 voce
321 1756 485 1791 sequenti3
511 1765 572 1785 rec.
603 1753 686 1794 Wg.
705 1757 751 1784 ed.
773 1755 849 1783 min.
871 1752 948 1790 L‹l.,

150 1802 328 1830 defenditur
353 1802 405 1837 iis,
427 1809 510 1836 quae
535 1806 610 1830 sunt
637 1799 688 1837 10,
714 1799 790 1828 656.
831 1797 949 1828 animo

150 1848 294 1921 expllffigat
321 1849 412 1875 Serv.
440 1856 503 1876 rec.
537 1844 604 1876 Hn.
627 1850 657 1875 et
690 1844 775 1886 Wg.
801 1847 848 1874 ed.
875 1846 950 1874 mai.

151 1897 183 1921 et
262 1914 269 1921 .

198 1946 276 1978 334.
304 1945 512 1988 Leucaspim
538 1950 600 1978 etc.
624 1948 662 1977 cf.
688 1944 717 1985 1,
746 1945 820 1976 113.

270 2036 335 2068 337
354 2054 399 2058 —-
415 2037 492 2068 383.
542 2036 640 2068 Mors
670 2035 836 2067 Palinuri.

201 2092 278 2124 337.
305 2096 420 2124 Statim
451 2097 673 2124 documentum
708 2096 802 2123 datur
838 2094 953 2123 doctri-

155 2149 217 2170 nae
242 2149 262 2170 a
284 2141 413 2176 Sibylla
447 2142 646 2176 propositae,
684 2141 792 2175 itaque
818 2141 956 2169 Palinu-

157 2196 212 2216 rus
243 2187 414 2222 aptissime
446 2187 582 2215 infertur
613 2187 775 2221 simulque
801 2187 890 2214 valet
915 2187 955 2214 ad

157 2233 296 2267 gloriam
327 2234 509 2269 augendam
532 2233 666 2261 Aeneae
689 2236 717 2260 et
741 2233 956 2261 assumendas

158 2285 240 2312 quae
271 2282 363 2307 erunt
394 2279 529 2307 traditae
558 2280 596 2306 de
627 2279 783 2307 Palinuro
816 2278 956 2306 fabulas.

159 2326 246 2352 Male
271 2324 369 2359 igitur
395 2333 427 2353 v.
450 2322 564 2352 337—
580 2322 644 2351 :383
670 2324 743 2353 eiic.
772 2321 823 2353 Pl.
845 2328 875 2352 et
898 2320 957 2351 Gr.

161 2385 199 2389 —
228 2377 300 2398 sese
326 2367 471 2409 agebat,
502 2370 541 2400 cf.
569 2367 600 2407 9,
625 2366 701 2397 696.

207 2436 283 2466 338.
314 2435 439 2477 Libyco
463 2447 565 2467 cursu
596 2442 642 2467 est
670 2446 725 2473 e0,
763 2437 818 2472 qui
845 2437 877 2464 in
904 2436 958 2464 Li-

162 2487 259 2520 byam
286 2484 400 2519 tendit,
426 2488 481 2512 aut
504 2485 559 2519 qui
586 2485 619 2512 in
641 2484 724 2512 mari
750 2487 799 2512 est
824 2483 958 2517 Libyen.

162 2532 315 2558 Neutrum
339 2532 397 2558 hoc
424 2531 492 2557 loco
516 2534 582 2564 θεν,
613 2530 793 2565 navigabat
818 2529 851 2556 in
878 2528 960 2557 mari

162 2577 342 2611 Tyrrheno,
368 2576 513 2603 tendebat
538 2576 570 2603 in
590 2576 729 2603 Italiam.

209 2642 285 2671 339.
315 2640 461 2682 Effusus
503 2640 537 2672 iu
581 2640 686 2672 undis
736 2642 963 2679 „archaismus

164 2688 244 2719 vstf‘
272 2691 303 2716 S.

211 2756 286 2786 3⁴0.
314 2754 519 2786 inumbra:
557 2758 720 2785 Obscurus
758 2757 843 2785 enim
879 2760 964 2784 totus

164 2808 212 2833 est
249 2806 360 2839 locus,
394 2803 427 2830 in
460 2810 522 2836 quo
555 2806 736 2830 versantur.
792 2803 860 2830 Hoc
895 2803 964 2830 loco

163 2851 238 2886 Vgl.
262 2850 395 2884 aliquod
422 2850 459 2876 de
483 2848 639 2875 Palinuro
663 2849 832 2876 oraculum
857 2849 966 2876 datum

165 2903 239 2924 esse
264 2895 370 2931 fingit,
397 2902 457 2928 11110
483 2893 655 2922 incolumis
680 2893 712 2920 in
740 2894 871 2921 Italiam
898 2897 967 2921 erat.

165 2944 401 2975 perventurus3
449 2940 532 2974 quod
567 2939 688 2967 factum
722 2946 796 2967 esse
833 2939 966 2967 Aeneas

166 2995 229 3014 11011
258 2990 360 3021 potest
388 2987 533 3021 credere,
573 2984 628 3019 qui
652 2992 726 3013 eum
751 2985 855 3013 medio
884 2985 966 3013 mari

166 3032 323 3061 incidisse
349 3032 510 3068 cognovit.

1039 1568 1115 1599 344.
1143 1566 1283 1599 delusit.
1332 1568 1385 1596 Sic
1417 1563 1442 1599 1,
1469 1563 1545 1593 4⁰7.

1042 1626 1118 1657 346.
1148 1625 1202 1657 En
1236 1628 1318 1655 idem
1351 1625 1553 1654 enuntiatum
1594 1622 1797 1656 interrogati-

996 1683 1073 1703 vum
1110 1674 1230 1702 inducit
1266 1673 1349 1707 qnod
1386 1679 1486 1703 num,
1523 1669 1562 1697 cf.
1594 1670 1659 1697 Ecl.
1690 1667 1726 1701 1,
1755 1666 1798 1695 tis

1001 1717 1054 1748 En
1082 1727 1236 1758 unquam
1263 1715 1415 1746 mirabor
1435 1710 1594 1743 aristas?
1641 1712 1673 1749 S,
1696 1712 1714 1741 7
1743 1711 1798 1742 [Gn

997 1763 1061 1794 erit
1088 1772 1239 1803 unquam
1266 1760 1325 1791 ille
1351 1757 1450 1791 dies?

1044 1818 1122 1850 349.
1146 1820 1241 1856 forte
1267 1820 1286 1848 i.
1306 1829 1332 1848 e.
1353 1818 1461 1847 nescio
1480 1826 1541 1852 quo
1567 1819 1657 1845 modo
1680 1817 1800 1847 factum

998 1868 1049 1896 sit.

1046 1923 1120 1953 350.
1149 1920 1206 1951 cui
1232 1938 1274 1942 —-
1300 1928 1489 1960 cursus-quc
1515 1921 1554 1950 cf.
1582 1922 1621 1949 ad
1644 1918 1696 1957 12,
1723 1919 1799 1950 94⁴.

1003 1986 1040 1990 —
1069 1967 1126 1998 cni
1143 1966 1348 1997 haercbnm:
1374 1967 1458 1996 Huic
1484 1969 1582 1995 verbo
1610 1967 1693 1995 inest
1714 1967 1801 1996 assi-

1001 2016 1109 2044 duitas
1132 2014 1292 2043 Palinuri.
1342 2012 1387 2041 Cf.
1408 2010 1439 2046 S,
1469 2009 1542 2040 124.

1047 2069 1123 2100 351.
1149 2067 1391 2110 praeripimus
1420 2069 1459 2098 cf.
1489 2066 1517 2102 1,
1545 2067 1621 2097 233.
1651 2085 1689 2089 --
1727 2067 1804 2098 Μα-

1002 2115 1058 2146 ria
1082 2118 1183 2150 iurat,
1209 2120 1240 2145 111
1267 2120 1377 2144 nauta.
1426 2116 1527 2143 vides
1553 2120 1659 2144 autem
1682 2119 1804 2150 quanta

1003 2164 1077 2196 fide,
1111 2167 1293 2197 quantoque
1323 2168 1431 2189 amore
1461 2161 1640 2189 Palinurus
1671 2162 1804 2189 Aeneae

1004 2209 1131 2237 deditus
1157 2208 1263 2236 fuerit.
1314 2206 1367 2234 Sic
1393 2206 1452 2234 alii
1472 2214 1582 2234 omnes
1606 2206 1745 2239 comites,
1772 2210 1806 2234 ut

1008 2256 1081 2283 inde
1105 2254 1212 2282 virtus
1237 2257 1265 2281 et
1292 2252 1420 2279 bonitas
1445 2254 1657 2287 cognoscatur
1672 2252 1806 2279 Aeneae

1006 2300 1045 2329 cf.
1083 2297 1110 2337 1,
1136 2296 1214 2327 544.
1264 2300 1353 2326 Mare
1380 2297 1505 2325 iuratur
1525 2296 1622 2324 etiam
1650 2293 1701 2334 12,
1728 2293 1804 2325 197.

1054 2365 1129 2396 352.
1155 2374 1219 2406 pro
1246 2373 1298 2393 me
1318 2364 1356 2394 cf.
1389 2361 1440 2399 12,
1464 2361 1516 2392 48.

1054 2433 1129 2463 353.
1161 2432 1317 2463 Excussa
1353 2429 1527 2472 magistro
1575 2436 1657 2461 recte
1690 2433 1808 2461 dictum

1008 2488 1200 2517 quamquam
1244 2479 1416 2513 inusitate3
1462 2485 1538 2506 nam
1582 2478 1611 2506 si
1652 2478 1809 2514 magister

1008 2528 1087 2556 navi
1105 2526 1276 2561 excutitur,
1295 2529 1321 2553 et
1348 2524 1446 2552 navis
1471 2523 1632 2552 excutitur
1653 2525 1808 2560 magistro

1007 2574 1047 2602 cf.
1071 2582 1102 2601 v.
1128 2570 1202 2599 229.
1225 2587 1269 2591 —
1292 2567 1446 2609 spoliala
1472 2566 1600 2597 armis:
1622 2571 1727 2598 Arma
1750 2576 1809 2598 na-

1009 2619 1064 2647 vis
1090 2619 1162 2646 sive
1187 2620 1388 2645 armanwnta
1416 2618 1488 2643 sunt
1512 2616 1608 2651 vela,
1635 2616 1725 2651 mali,
1750 2622 1810 2643 an-

1010 2668 1134 2699 tennae.
1151 2663 1242 2696 remi,
1258 2663 1342 2693 alia:
1369 2662 1423 2689 sed
1439 2664 1470 2688 ut
1498 2668 1590 2689 arma
1612 2661 1726 2689 militis
1748 2668 1810 2689 va-

1010 2711 1060 2738 ria
1083 2713 1174 2737 sunt:
1199 2715 1303 2740 ocrea,
1328 2708 1433 2742 galea,
1453 2707 1588 2743 balteus,
1608 2710 1715 2735 tamen
1735 2714 1811 2735 scu-

1010 2760 1077 2784 tum
1105 2754 1246 2784 maxime
1271 2760 1370 2781 arma
1397 2752 1522 2787 dicitur,
1549 2754 1631 2787 quod
1653 2756 1702 2781 est
1717 2759 1812 2787 prae-

1011 2801 1215 2830 stantissima
1241 2806 1317 2833 pars
1345 2800 1547 2833 armaturam
1580 2798 1639 2832 (cf.
1669 2795 1696 2833 1,
1726 2795 1811 2833 119)

1012 2847 1061 2876 sic
1084 2847 1165 2874 inter
1189 2852 1281 2874 arina
1305 2844 1405 2872 navis
1428 2843 1572 2872 maxime
1589 2844 1813 2873 necessarium

1014 2893 1269 2929 gubernaculum
1309 2893 1368 2918 est.
1432 2896 1475 2917 ne
1507 2891 1587 2917 Mss.
1632 2886 1671 2917 m*
1705 2889 1814 2917 Julius

1014 2938 1209 2966 Rufinianus
1249 2934 1483 2972 grammaticus
1524 2935 1622 2971 „huic
1662 2936 1814 2963 debemus

1015 2984 1149 3012 formam
1182 2979 1218 3011 ni
1247 2990 1301 3016 nro
1332 2980 1464 3016 vulgari
1495 2978 1572 3009 m‘f‘
1611 2977 1671 3009 Rb.
1712 2988 1816 3015 neque

1017 3031 1113 3064 plura
1134 3028 1294 3057 adiiciens
1319 3026 1448 3061 recepit.
