2023 3350
205 110 287 149 654
888 94 1136 128 EXCURSUS.

335 226 372 255 x
399 220 463 249 720
495 213 625 246 Graius
650 211 762 247 homo
786 209 933 249 infectos
959 207 1118 250 linquens
1140 211 1320 252 profugus
1343 210 1565 252 hymenaeos.

335 271 387 302 xl
409 266 450 293 (5)
479 261 547 291 Seu
573 257 686 289 mollis
711 255 836 290 violae,
863 264 921 285 seu
946 253 1151 294 languentis
1173 254 1365 296 hyacinthi.

336 316 402 342 Eoi.
430 310 482 344 v,1
504 305 547 336 53
577 303 639 335 Ille
664 303 760 334 tatus
783 299 919 332 niueum
946 298 1044 330 motti
1067 300 1180 336 fuitus
1205 301 1403 342 hyacintho-

336 362 371 387 (ι,
400 358 440 389 11,
459 355 479 382 5
517 348 724 382 inmeritum
751 346 814 379 tibi
835 345 1069 387 pampineo*
1053 345 1224 376 “tavidus
1249 352 1448 380 auctumno.

334 405 388 436 lv,
420 398 479 428 137
509 395 572 427 itte
599 405 729 426 comam
754 392 869 424 mollis
896 392 966 422 iarn
993 391 1159 422 tondebat
1182 391 1373 433 hyacinthi.

315 485 460 528 Quando
496 482 664 526 longioris
703 479 860 514 vocabuli
894 485 1042 512 extrema
1078 478 1209 522 syllaba
1248 479 1284 511 in
1323 482 1443 522 quinto
1487 483 1574 526 pede
1609 482 1826 526 producitur,

199 552 334 591 poetam
360 543 518 576 videmus
545 541 647 572 etiam
666 547 804 571 versum
830 536 988 570 claudere
1013 537 1126 569 ionico
1148 547 1166 569 a
1191 536 1318 569 minori
1338 542 1397 570 aut
1415 539 1581 581 molosso,
1606 544 1644 573 ut
1662 543 1826 572 accentus

202 605 253 636 vis
278 605 447 643 augeatur
473 597 516 631 cf.
544 599 574 639 ξ.
603 597 632 629 3.

318 698 335 726 d
384 697 415 725 Π
446 694 550 730 pedis.

337 697 377 773 31.
402 742 457 776 lv,
484 739 525 768 64
557 733 758 768 Pectoribus
784 733 925 765 inhians
950 732 1127 775 spirantia
1154 734 1302 766 consulit
1325 738 1418 769 exta.

405 783 552 822 ν1,·254
578 781 715 823 Pingue
739 780 841 821 supe'r
867 778 870 819 Ι
899 780 1009 811 oleum
1037 779 1238 820 infundens.

405 834 460 867 XI,
488 827 549 860 ill
575 826 717 861 Oratis;
742 825 897 866 equidem
926 830 956 856 et
987 825 1074 856 vivis
1098 826 1282 856 concedere
1304 825 1438 856 vellem.

405 879 478 915 XII,
504 874 547 906 68
576 872 616 904 Si
638 871 714 914 quis
741 872 834 906 εὐάν,
859 876 921 903 aut
946 871 1054 902 mista
1080 871 1201 903 rubent
1228 870 1288 903 utu·
1311 871 1389 902 lilia
1412 871 1533 903 multa.

505 921 574 951 422
602 918 739 960 Quippe
764 917 883 955 dolor-3
920 917 1030 948 omnis
1049 940 1056 947 .
1080 941 1087 948 .
1112 938 1119 945 .

340 973 376 1000 G.
403 971 460 1005 111,
492 967 556 997 189
589 963 784 1002 lavandas,
810 963 983 1005 etiamque
1010 967 1172 994 tremens.

317 1056 383 1089 His
406 1053 544 1087 additur
566 1060 677 1094 genus
700 1049 867 1086 locorum.
892 1050 927 1082 in
955 1049 1082 1091 quibus
1112 1054 1165 1082 est
1183 1061 1251 1092 que
1271 1050 1393 1092 copula
1421 1052 1489 1085 arsi
1513 1052 1695 1095 producta.
1735 1053 1768 1095 1)
1794 1054 1832 1085 in

206 1115 356 1147 altero
381 1110 507 1155 pede,
535 1115 569 1142 et
594 1109 630 1149 2)
655 1110 687 1140 si
712 1108 870 1141 alterum
894 1119 962 1150 que
980 1118 1100 1150 presse
1121 1109 1290 1150 sequitur
1315 1113 1349 1141 et
1372 1109 1608 1152 coniungitur,
1634 1115 1672 1143 ut
1696 1120 1775 1144 cum
1801 1110 1834 1142 vi

205 1172 321 1214 aliqua
351 1169 450 1213 prius
480 1167 527 1200 sit
556 1164 876 1209 pronuntiandum,
920 1169 960 1197 ut
993 1165 1060 1197 iam
1092 1169 1275 1208 propterea
1305 1166 1524 1200 coniecturae
1561 1167 1696 1207 cadant,
1747 1176 1836 1209 quae

207 1232 342 1263 exstant
372 1226 416 1260 ad
453 1228 489 1266 1,
524 1226 600 1258 636.
650 1223 864 1265 Saepissime
903 1222 1004 1254 etiam
1036 1222 1073 1263 3)
1106 1233 1188 1264 que
1220 1223 1440 1265 pluribus
1470 1226 1708 1267 eoeeipitur
1739 1234 1836 1256 eon-

213 1285 490 1318 sonantibus.

325 1343 381 1375 Sic
404 1340 446 1373 A.
477 1341 559 1379 VII,
592 1340 655 1371 1⁹3ss
685 1337 907 1380 Spiculaque
936 1337 1122 1379 clipeique.
1171 1337 1256 1377 XII,
1289 1337 1331 1369 89
1360 1337 1559 1380 Ensemque
1600 1339 1836 1381 clipeumque.

213 1401 274 1433 181
303 1399 503 1440 Fonte-sque
515 1397 721 1439 fluviosque
745 1405 839 1427 voco.
879 1394 981 1426 Adde
1004 1393 1077 1428 Ecl.
1102 1394 1161 1433 IV,
1183 1395 1238 1427 51.
1265 1394 1305 1433 G,
1330 1395 1356 1432 Ι,
1384 1395 1458 1428 153.
1487 1396 1560 1428 164.
1585 1396 1662 1430 352.
1685 1397 1743 1435 lv,
1760 1395 1838 1428 222.

213 1459 289 1490 336.
317 1456 394 1488 443.
423 1456 454 1493 4,
485 1454 556 1486 1413.
602 1452 673 1494 (Sic
699 1451 760 1484 Ov.
786 1453 835 1485 M.
863 1452 936 1489 VII,
959 1451 1025 1484 265
1050 1451 1268 1492 Seminaque
1289 1452 1499 1495 floresque.)

325 1514 376 1545 Eo
401 1511 540 1545 facilius
563 1509 627 1542 hoc
651 1508 719 1541 sibi
744 1507 950 1551 indulgebat
972 1507 1008 1540 in
1031 1507 1237 1540 nominibus
1264 1509 1428 1551 propriis;
1455 1509 1497 1542 cs.
1525 1509 1680 1552 exempla
1702 1510 1735 1550 S.
1756 1510 1786 1542 S.
1810 1510 1839 1541 1.

327 1569 385 1603 Ad
416 1571 443 1601 1.
470 1579 537 1610 que
570 1567 606 1599 in
636 1566 704 1599 arsi
728 1565 828 1608 pedis
853 1565 966 1608 quinti
992 1564 1100 1598 semel
1120 1565 1157 1604 9,
1191 1565 1253 1597 767
1281 1565 1542 1608 Naemonaque
1564 1566 1839 1610 Prytanimque.

217 1629 276 1661 Ov.
303 1629 350 1661 M.
380 1628 431 1666 13,
455 1627 530 1660 257.
559 1625 636 1658 258

324 1684 517 1718 Particulae
540 1688 618 1716 ante
650 1681 846 1724 simplicem
879 1664 1131 1713 consonantem
1161 1679 1353 1721 productae
1384 1681 1451 1713 loci
1485 1685 1620 1714 exstant
1646 1679 1738 1723 apud
1764 1680 1840 1712 Vir-

214 1743 336 1785 gilium
360 1741 402 1774 A.
431 1742 494 1780 ΙΙΙ,
527 1741 566 1772 91
602 1739 818 1781 Liminaque
854 1739 1062 1780 laurusque.
1104 1738 1190 1778 XII,
1225 1738 1289 1770 362
1325 1737 1549 1780 Chloreaque
1586 1737 1840 1781 Sybarimque.

215 1799 372 1838 Ovidius,
396 1803 435 1830 ut
456 1799 497 1839 V,
522 1799 588 1830 484
612 1796 812 1837 Sideraque
836 1797 1014 1836 ventique.
1064 1796 1121 1835 IV,
1154 1796 1190 1827 10
1222 1794 1395 1836 Telasque
1421 1795 1661 1837 calathosque.
1704 1794 1747 1833 X,
1773 1795 1839 1827 2653

216 1856 382 1898 Liliaque
398 1857 603 1899 pietasque.
653 1855 681 1893 1,
710 1853 772 1886 193
798 1852 989 1894 Faunique
1014 1851 1225 1895 Satyrique.
1274 1852 1305 1892 3,
1330 1852 1385 1885 30.
1420 1853 1450 1890 7,
1475 1852 1553 1884 220.
1581 1852 1633 1890 11,
1659 1852 1714 1884 36.

322 1924 379 1958 Ad
403 1924 434 1956 2.
486 1922 589 1963 Quod
625 1921 674 1955 ibi
701 1922 834 1955 dictum
856 1926 908 1954 est
939 1922 1009 1954 iam
1047 1920 1204 1953 firmatur
1227 1919 1392 1963 exemplis
1418 1919 1548 1958 allatis;
1602 1913 1855 1962 magisetiam'

216 1981 411 2016 firmabitur
428 1979 595 2023 exemplis
618 1989 637 2011 a
661 1979 836 2021 Wagnero
862 1978 1016 2012 collectis
1043 1979 1083 2019 Q.
1110 1979 1150 2010 V.
1177 1979 1257 2017 XII,
1287 1979 1337 2010 10.

332 2038 388 2071 Ad
413 2038 443 2070 3.
489 2038 619 2069 Revera
644 2045 753 2079 pauca
777 2040 860 2068 sunt
882 2035 1054 2078 exempla:
1080 2037 1105 2075 Ι,
1132 2037 1196 2068 47⁶5
1225 2034 1284 2077 (cf.
1305 2036 1330 2075 Ι,
1355 2033 1406 2076 b.)
1432 2035 1492 2074 XI,
1520 2034 1574 2066 69.
1623 2034 1665 2067 G.
1686 2035 1744 2076 IV,
1767 2037 1842 2068 137.

218 2096 289 2129 Ecl.
315 2096 372 2137 VI,
395 2095 450 2128 53.
480 2093 538 2135 (cs.
562 2095 588 2132 Ι,
614 2094 659 2134 e.)
684 2094 744 2132 XI,
774 2094 848 2126 111.
875 2093 934 2135 (cs.
958 2094 985 2132 I,
1004 2093 1052 2131 d.)
1078 2094 1260 2125 Praeterea

354 2191 379 2224 I,
404 2187 471 2217 668
499 2184 619 2216 Litora
642 2183 804 2219 iactetur,
828 2183 919 2215 odiis
949 2182 1093 2214 Iunonis
1115 2182 1257 2225 iniquae

354 2237 392 2271 V,
415 2232 484 2263 853
514 2230 695 2273 Nusquam
721 2229 912 2269 amittebat,
937 2229 1121 2272 oculosque
1144 2228 1204 2259 sub
1230 2234 1329 2262 astra
1348 2229 1500 2271 ferebat.

354 2283 410 2316 IX,
432 2279 499 2308 610
530 2276 646 2319 Terga
666 2275 872 2319 fatigamus
901 2274 1018 2313 hasta,
1042 2285 1104 2306 nec
1122 2275 1228 2307 tarda
1255 2282 1420 2307 senectus.

357 2330 394 2357 G.
417 2328 471 2363 IV,
495 2323 561 2354 453
588 2321 665 2353 Non
689 2325 722 2353 te
746 2321 881 2352 nullius
905 2325 1062 2352 exercent
1086 2320 1240 2352 numinis
1263 2321 1348 2353 irae.

332 2404 388 2438 Ad
414 2405 444 2436 4.
489 2403 629 2435 Praeter
652 2400 760 2440 locos,
788 2400 824 2432 in
845 2398 973 2442 quibus
998 2411 1066 2442 que
1091 2404 1145 2432 est
1161 2398 1373 2442 productum
1397 2403 1503 2432 sunt:

359 2487 396 2523 Ι)
422 2487 463 2516 Α.
490 2486 549 2522 ΙΙΙ,
576 2482 643 2513 464
678 2480 779 2512 Dona
805 2478 927 2511 dehinc
955 2489 1043 2510 auro
1064 2477 1193 2520 gravia
1221 2476 1224 2517 Ι
1253 2483 1411 2521 sectoque
1435 2478 1631 2521 elephanto.

357 2533 398 2568 2]
577 2529 645 2558 702
671 2525 907 2567 Immanisque
934 2524 1019 2556 Gelsi
1036 2524 1146 2565 fluvii
1169 2524 1376 2567 cognomine
1398 2525 1495 2556 dicta
1513 2526 1844 2563 (versusincerius.]

359 2578 399 2615 3)
426 2579 496 2615 XII,
518 2574 584 2605 646
611 2573 745 2604 Sancta
767 2571 814 2602 ad
835 2581 895 2602 vos
922 2570 1053 2609 animai,
1080 2574 1186 2612 atque
1212 2569 1316 2602 istius
1343 2570 1454 2602 inscia
1475 2571 1611 2614 culpae.

221 2669 281 2703 ubi
307 2665 531 2701 antecedente
556 2661 652 2694 hiatu
678 2660 730 2692 vel
750 2658 860 2702 magis
884 2659 1020 2691 acuitur
1041 2657 1131 2690 arsis
1173 2662 1206 2690 et
1229 2657 1350 2700 ‚brevis
1384 2656 1515 2701 syllaba
1547 2656 1702 2690 redditur
1740 2657 1845 2690 etiam

224 2724 450 2758 tolerabilior.
492 2720 569 2753 Tib.
593 2721 619 2759 Ι,
645 2718 675 2756 7,
701 2718 739 2749 61
772 2715 818 2748 Te
843 2718 949 2748 canet
970 2715 1134 2757 agricola
1156 2724 1292 2756 magna
1317 2725 1430 2757 quum
1454 2716 1594 2747 venerit
1610 2715 1705 2746 urbe.

341 2781 395 2814 Ad
418 2780 451 2813 5.
496 2778 545 2811 Cf.
570 2785 655 2819 quae
678 2775 720 2807 de
744 2776 794 2805 iit
813 2773 851 2806 in
876 2775 909 2805 it
932 2776 1107 2805 contracto
1128 2772 1161 2813 §.
1187 2772 1236 2803 10.

338 2837 505 2870 Producit
524 2839 639 2867 autem
658 2830 824 2874 Virgilius
850 2829 1033 2863 verborum
1065 2829 1195 2862 formas
1223 2838 1308 2871 quae
1334 2828 1370 2860 in
1394 2840 1423 2861 r.
1449 2841 1477 2861 s.
1506 2832 1531 2861 t.
1562 2833 1697 2869 exeunt,
1723 2827 1842 2872 quales

228 2901 309 2928 sunt
336 2896 440 2927 videt.
477 2894 624 2936 peteret.
673 2889 796 2921 subiit.
837 2890 928 2919 erat.
979 2891 1053 2920 erit
1072 2888 1124 2928 12,
1151 2886 1226 2919 883.
1267 2888 1376 2918 stetit
1408 2887 1458 2925 12,
1487 2887 1562 2918 772.
1607 2884 1775 2918 tendebat
1798 2883 1841 2915 al.

221 2952 446 2993 fatigamus,
473 2951 599 2987 oratis,
621 2947 810 2980 obruimur
836 2947 879 2986 11,
907 2946 982 2977 411.
1026 2944 1229 2986 alloquitur
1254 2944 1310 2982 IV,
1335 2943 1410 2975 222.
1454 2943 1567 2975 datur
1587 2943 1627 2979 V,
1658 2942 1734 2974 284.

339 3007 470 3039 nvindo
495 3006 792 3039 substantivorum
816 3003 961 3036 maxime
978 3001 1221 3041 nominativos,
1246 3001 1305 3043 qui
1329 3004 1413 3033 sunt
1438 3000 1472 3032 in
1498 3011 1527 3032 r.
1549 3010 1577 3031 s.
1603 3002 1628 3030 t.
