2023 3350
738 88 973 124 AENEHJOS
1001 94 1084 126 LtB.
1119 95 1177 126 xi.

136 205 396 246 Intemerata
431 203 544 244 colit.

606 202 767 243 Vellem
805 204 920 246 haud
959 211 1159 260 correpta
1197 208 1347 249 fuisset

135 261 292 303 Militia
330 262 427 311 tali,
468 263 625 300 conata
664 259 872 304 lacessere
905 263 1109 305 Teucros:

137 319 249 361 Cara
290 319 392 360 mihi
429 317 718 370 comitumque
758 319 870 361 foret
906 336 1017 363 nunc
1056 337 1141 363 una
1182 336 1384 363 mearum.

136 377 291 417 Verum
322 389 420 429 age,
462 373 814 428 quandoquidem
851 378 952 420 fatis
996 383 1201 433 urguetur
1239 380 1418 431 acerbis,

134 433 318 483 Labere,
354 432 572 486 Nympha,
613 433 730 486 polo,
772 436 960 490 finesque
1002 437 1135 478 invise
1175 437 1361 489 Latinos,

133 490 284 532 Tristis
323 489 397 531 ubi
435 488 623 531 infausto
661 493 946 536 committitur
980 495 1117 536 omine
1154 509 1309 548 pugna.

132 548 249 589 Haec
288 561 409 600 cape,
448 551 490 588 et
528 548 724 591 ultricem
765 551 971 603 pharetra
1009 552 1210 606 deprome
1242 553 1467 606 sagittam:

1688 555 1769 593 590

132 605 240 656 Hac,
279 605 521 659 quicunque
563 620 731 648 sacrum
770 608 943 651 violarit
979 610 1149 651 volnere
1185 623 1350 663 corpus,

130 663 236 703 Tros
273 662 514 717 Italusque,
559 664 661 706 mihi
703 666 868 719 pariter
908 666 980 709 det
1018 667 1223 721 sanguine
1255 681 1429 721 poenas.

128 720 232 761 Post
269 734 347 774 ego
388 720 499 762 nube
536 736 641 763 cava
679 723 945 766 miserandae
987 739 1140 779 corpus
1181 728 1224 766 et
1259 739 1380 766 arma

124 778 363 831 Inspoliata
401 779 539 820 feram
572 781 756 831 tumulo,
793 783 1044 837 patriaeque
1077 797 1292 836 reponam.

124 835 268 887 Dixit3
304 840 350 878 at
387 835 463 878 illa
503 837 607 879 levis
645 839 753 880 caeli
794 839 971 894 delapsa
1014 855 1090 894 per
1130 855 1258 882 auras

1684 842 1766 880 595

124 894 338 945 Insonuit,
377 895 499 948 nigro
542 895 809 938 circumdata
844 897 1015 940 turbine
1056 912 1222 951 corpus.

236 952 294 993 At
325 966 475 993 manus
508 952 674 996 interea
714 955 846 996 muris
883 955 1069 997 Troiana
1105 956 1378 1010 propinquat,

122 1008 382 1064 Etruscique
413 1010 540 1051 duces
583 1012 862 1066 equitumque
897 1014 1109 1055 exercitus
1151 1013 1299 1064 omnis,

123 1066 357 1120 Compositi
394 1082 570 1109 numero
612 1069 655 1110 in
689 1073 865 1112 turmas.

927 1071 1088 1112 Fremit
1124 1085 1309 1125 aequore
1350 1074 1443 1112 toto

123 1124 343 1166 Insultans
379 1126 549 1180 sonipes
589 1130 631 1167 et
671 1128 829 1180 pressis
869 1133 1034 1182 pugnat
1073 1128 1250 1170 habenis

1683 1127 1766 1165 600

122 1181 217 1223 Huc
257 1197 484 1225 conversus
525 1187 568 1225 et
600 1183 702 1236 huc,
745 1190 835 1226 tum
870 1186 958 1227 late
997 1187 1162 1227 ferreus
1197 1186 1332 1227 hastis

121 1239 283 1281 Horret
321 1255 426 1295 ager
465 1242 693 1295 campique
728 1243 859 1284 armis
898 1243 1151 1285 sublimibus
1191 1244 1357 1285 ardent.

120 1297 209 1338 Nec
252 1313 338 1340 non
378 1299 603 1352 Messapus
642 1304 793 1341 contra
829 1300 1073 1354 celeresque
1106 1302 1260 1351 Latini,

119 1355 176 1397 Et
214 1370 310 1398 cum
344 1356 480 1398 fratre
513 1358 644 1399 Coras
687 1362 730 1399 et
768 1358 944 1412 virginis
983 1359 1053 1400 ala
1094 1359 1299 1400 Camillae

165 1484 242 1515 584.
269 1484 479 1516 intemerata
517 1495 601 1522 quae
635 1490 747 1515 servat
793 1486 918 1521 pudici-

118 1533 197 1562 tiam
231 1541 326 1562 suam
368 1534 407 1563 cf.
441 1535 500 1562 Ov.
528 1534 570 1561 A.
607 1531 635 1569 3,
669 1530 699 1569 -1,
731 1530 772 1560 23
813 1529 918 1561 Pene-

118 1575 196 1616 lope
220 1576 367 1616 mansit,
409 1576 571 1618 quamvis
604 1575 745 1607 custode
771 1581 916 1611 careret,

117 1621 208 1653 inter
233 1627 281 1653 lot
306 1622 449 1654 iuvenes
475 1623 684 1653 intemerata
706 1632 840 1663 procos.
864 1625 919 1653 Sic

118 1678 170 1706 ap.
194 1673 272 1699 Stat.
298 1672 395 1700 Theb.
420 1669 450 1705 2,
483 1669 547 1698 724
576 1671 785 1699 intemeratae
815 1678 916 1704 equae

118 1721 345 1746 memorantur.
395 1717 442 1746 Cf.
482 1719 653 1745 temerare
693 1714 724 1751 6,
756 1715 833 1743 841.
870 1731 913 1735 -

119 1763 191 1791 Nisi
221 1765 280 1792 hoc
306 1764 391 1792 hello
416 1763 553 1791 nefando
579 1766 663 1791 esset
696 1767 843 1796 correpta
867 1767 917 1790 at-

118 1816 180 1843 que
220 1809 295 1843 ipsa
335 1812 480 1844 peccaret
520 1807 579 1843 (cf.
617 1806 723 1843 2⁴3),
756 1808 917 1836 Troianos

118 1859 250 1884 sanctos
292 1858 321 1883 et
359 1854 423 1882 diis
467 1858 616 1888 acceptos
650 1854 761 1882 hostili
808 1854 916 1882 animo

119 1908 293 1934 aggressa,
332 1908 410 1929 cara
434 1900 512 1929 mihi
537 1907 645 1928 comes
668 1904 697 1928 et
724 1900 918 1928 immortalis

118 1951 262 1975 maneret
306 1949 460 1982 nympha.
510 1948 602 1974 Nunc
635 1953 712 1974 vero
754 1945 818 1974 faro
856 1954 915 1974 suo

118 1994 259 2021 adverso
285 1993 454 2027 abripitur.
502 1993 590 2021 Haec
614 1988 836 2027 [584-586)
862 1993 916 2020 de-

118 2040 215 2068 lenda
234 2043 343 2067 censet
374 2035 423 2066 ΡΙ.
450 2039 530 2066 Esse
551 2045 591 2066 ea
612 2044 631 2066 a
651 2038 751 2066 vario
765 2043 795 2066 et
811 2039 919 2067 Tucca

118 2085 251 2121 inserta,
269 2092 370 2119 neque
389 2084 475 2113 enirn
489 2089 565 2119 apta
577 2091 652 2112 esse
665 2088 695 2112 et
709 2082 836 2123 corripi
857 2081 919 2112 mi-

118 2128 199 2160 litia
231 2138 303 2159 esse
328 2134 512 2165 suspectam
537 2130 763 2163 Latinitatem,
789 2132 917 2158 conata

119 2175 287 2204 lar-essere
317 2185 381 2205 non
414 2176 545 2205 verum!
597 2176 697 2210 Quasi
729 2176 779 2204 illi
804 2176 919 2204 Latine

119 2222 316 2251 nescissent!

166 2266 241 2296 587.
277 2265 367 2296 Fata
391 2275 520 2306 urgere
552 2268 699 2296 dicuntur
732 2265 763 2301 2,
791 2264 856 2295 6:³3
888 2271 918 2296 et

120 2315 193 2342 Liv.
222 2313 252 2350 5,
279 2312 331 2342 22.
361 2312 412 2342 33.
440 2311 494 2350 22,
529 2310 582 2342 43.
613 2314 687 2342 Tac.
722 2315 827 2341 Germ.
860 2311 914 2341 33.

120 2362 179 2388 Or.
206 2360 257 2389 Tr.
285 2359 316 2395 5,
337 2357 368 2396 6,
393 2357 445 2388 23.
472 2360 549 2388 Luc.
581 2358 632 2397 10,
663 2356 715 2387 29.

165 2403 240 2433 589.
267 2402 389 2442 tristi&
420 2407 506 2440 quod
530 2405 563 2434 in
585 2413 625 2435 ea
648 2406 843 2441 pereundum
870 2409 917 2434 est

120 2451 288 2480 Camillae.
330 2467 373 2470 —
412 2448 577 2486 Infausta
605 2449 717 2480 omine
743 2451 919 2480 commissa

120 2498 163 2526 sit
187 2505 320 2526 necesse
358 2501 407 2526 est
436 2504 476 2526 ea
515 2505 641 2534 pugna,
679 2504 762 2532 quae
796 2499 917 2526 malum

119 2546 214 2573 habet
239 2543 371 2571 exitum.
421 2544 460 2571 Et
482 2543 541 2571 dea
563 2551 602 2572 ea
639 2544 748 2572 omina
781 2551 917 2578 praeno-

120 2598 210 2619 scere
238 2588 348 2625 potuit,
374 2588 435 2616 etsi
454 2589 601 2618 homines
625 2589 916 2624 praetervidebant.

120 2637 233 2670 Itaque
256 2639 341 2663 recte
365 2636 446 2662 haec
486 2635 570 2664 dicta
601 2639 693 2671 sunt,
732 2635 860 2664 etiamsi
897 2643 917 2664 a

121 2681 260 2718 Virgilio
285 2681 359 2716 ipsa
384 2680 492 2709 omina
516 2689 578 2708 non
602 2686 827 2710 memorantur.

167 2725 244 2755 590.
272 2723 357 2754 haec
385 2733 485 2764 cape:
536 2727 646 2755 Tradit
675 2734 786 2756 arcum
822 2735 917 2756 suum

120 2778 150 2803 et
174 2773 327 2810 sagittam
353 2772 588 2801 inevitabilem.

167 2817 244 2848 591.
271 2825 406 2846 sacrum
433 2825 569 2857 corpus,
598 2817 680 2852 quod
707 2818 848 2848 dicatum
870 2822 918 2847 est

121 2865 258 2902 numini,
283 2865 357 2894 inde
384 2864 482 2893 etiam
509 2860 640 2891 violare
664 2863 791 2893 dictum.

169 2909 245 2939 592.
278 2907 361 2939 Tro„-
399 2906 579 2948 ltalusque
613 2909 726 2947 ΜΡΒγ
761 2917 823 2939 rec.
858 2906 920 2937 Rb.

966 1488 1026 1516 hoc
1053 1488 1154 1522 possit
1180 1487 1297 1520 facere,
1321 1492 1351 1516 ut
1374 1487 1576 1516 disiunctiva
1602 1486 1763 1520 particula

966 1541 1046 1567 opus
1072 1535 1126 1562 sit.
1175 1535 1219 1562 At
1247 1535 1286 1563 cf.
1313 1533 1342 1566 ἓ,
1370 1532 1422 1562 37.

1010 1579 1086 1608 594.
1115 1577 1308 1618 inspoliata
1334 1576 1469 1608 tumulo
1487 1577 1624 1615 feram:
1650 1577 1765 1605 Omnia

964 1630 1117 1661 praestat,
1139 1634 1222 1660 quae
1246 1627 1279 1654 in
1307 1629 1458 1655 horrorem
1476 1623 1654 1653 bellatricis
1679 1630 1762 1650 mor-

963 1676 1036 1700 tuae
1050 1671 1115 1700 fieri
1133 1677 1277 1707 possunt,
1288 1677 1319 1701 ut
1335 1681 1392 1701 nec
1402 1671 1502 1700 armis
1514 1670 1586 1699 suis
1595 1669 1761 1703 spolietur,

962 1725 1019 1746 nec
1044 1722 1151 1746 careat
1177 1718 1261 1746 iusto
1288 1719 1447 1752 sepulcro.

1010 1761 1086 1791 596.
1113 1760 1266 1791 insonuit
1294 1764 1390 1793 celeri
1414 1765 1524 1797 lapsu,
1559 1760 1598 1789 cf.
1626 1769 1656 1788 v.
1683 1757 1759 1786 562.

966 1824 1002 1827 —
1032 1806 1137 1850 nigro
1171 1806 1307 1838 turbine
1330 1809 1370 1838 cf.
1399 1805 1449 1843 12,
1474 1805 1551 1835 416.

1068 1886 1132 1917 597
1143 1904 1185 1908 —
1196 1886 1272 1918 647.
1322 1886 1441 1926 Pugna
1468 1882 1651 1925 equestris.

1009 1942 1086 1973 597.
1114 1945 1216 1975 Pauci
1265 1944 1398 1973 Troiani
1454 1943 1622 1978 (manus),
1668 1942 1759 1970 multi

961 1992 1091 2020 Etrusci
1118 1991 1321 2026 (exercitus)
1346 1990 1533 2019 adveniunt.

1011 2036 1087 2066 599.
1115 2034 1297 2075 compositi
1324 2033 1506 2064 inturmns
1530 2041 1690 2062 numero:
1720 2034 1759 2060 ad

963 2083 1088 2112 numeri
1114 2084 1280 2119 rationem,
1305 2083 1412 2116 itaque
1437 2080 1584 2110 ordinati.

1010 2129 1084 2157 500.
1111 2126 1240 2170 pressis
1262 2130 1403 2167 pugnat
1428 2124 1459 2156 Ιι.
1477 2126 1624 2156 renititur
1647 2129 1760 2154 contra

963 2175 1082 2204 frenos.
1130 2190 1168 2194 —
1211 2182 1332 2214 pugno
1358 2183 1385 2203 c.
1410 2174 1472 2201 dat.
1494 2172 1534 2202 cf.
1559 2169 1595 2208 4,
1622 2169 1673 2198 38.
1719 2186 1754 2189 —

961 2228 1117 2260 premere
1141 2217 1294 2249 habenas
1320 2219 1359 2248 cf.
1391 2217 1418 2255 1,
1443 2216 1496 2247 63.

1009 2265 1084 2295 601.
1114 2265 1275 2295 obversus
1300 2267 1369 2294 Rbc
1386 2267 1474 2299 bene,
1496 2271 1572 2292 nam
1587 2262 1759 2295 obnitendi,

962 2316 992 2342 h.
1018 2314 1038 2341 l.
1066 2318 1143 2348 apta
1164 2317 1211 2341 est
1242 2313 1337 2341 notin.
1374 2318 1557 2339 conversus
1587 2310 1669 2346 ΜΡγ
1695 2316 1757 2337 rec.

965 2356 1028 2388 Rb.
1059 2357 1121 2389 Ld.
1150 2374 1187 2378 —
1221 2355 1285 2386 huc
1313 2360 1344 2386 et
1373 2353 1438 2385 huc
1468 2356 1506 2386 cf.
1535 2352 1585 2390 12,
1612 2352 1689 2382 558.
1717 2369 1754 2373 -—

966 2402 1114 2434 Ferreus
1139 2412 1227 2444 ager
1254 2400 1369 2431 horret
1401 2400 1528 2437 hastis,
1568 2408 1650 2435 quae
1684 2404 1758 2428 sunt

963 2451 997 2479 in
1023 2458 1099 2487 agro
1130 2455 1159 2479 et
1192 2458 1213 2478 a
1249 2450 1407 2478 militibus
1431 2450 1602 2480 tolluntur,
1649 2446 1758 2481 itaque

965 2494 1088 2524 ardent
1115 2493 1230 2534 campi
1257 2496 1276 2523 i.
1303 2503 1329 2523 e.
1356 2495 1438 2523 solis
1460 2495 1589 2528 ardore,
1620 2492 1674 2527 qui
1707 2500 1756 2521 ree

964 2542 1141 2578 percutitur
1166 2542 1268 2570 armis
1292 2541 1434 2575 equitum
1457 2539 1605 2569 sublatis
1635 2553 1672 2558 —
1705 2538 1755 2566 Sl-

962 2588 1034 2617 mili
1058 2589 1148 2617 modo
1175 2587 1292 2616 dicitur
1313 2594 1412 2624 seges
1432 2583 1598 2614 horrescit
1620 2581 1757 2612 ensibus

960 2632 991 2669 7,
1018 2632 1094 2663 526.
1117 2634 1164 2662 Cf.
1191 2641 1321 2662 versum
1345 2632 1459 2660 Ennii:
1483 2627 1616 2669 sparsis
1646 2627 1756 2658 hastis

964 2677 1083 2717 longis·
1109 2686 1252 2716 campus
1285 2675 1442 2716 splendet
1483 2679 1514 2704 et
1548 2673 1681 2711 horret,
1723 2680 1758 2704 ut

962 2730 1118 2761 quantum
1158 2723 1301 2759 antiquis
1335 2724 1409 2760 Vgl.
1445 2730 1590 2758 semper,
1629 2723 1658 2751 si
1692 2729 1757 2751 non

963 2771 1193 2801 sententiarum
1220 2770 1366 2805 pondere,
1397 2773 1501 2797 tamen
1536 2768 1639 2798 forma
1662 2775 1755 2804 prae-

964 2821 1035 2851 stet,
1065 2817 1241 2853 intelligas.
1265 2815 1303 2844 cf.
1330 2813 1361 2849 3,
1389 2812 1464 2843 195.

1012 2859 1088 2890 60-1.
1115 2859 1227 2897 „Alae
1251 2861 1402 2891 dicuntur
1419 2856 1574 2896 equites-‘⁴
1602 2862 1634 2889 S.
1659 2860 1706 2890 Cf.
1722 2868 1754 2888 v.

966 2906 1044 2936 730.
1070 2906 1147 2936 835.
1191 2908 1282 2936 Adde
1314 2907 1354 2936 ad
1379 2904 1410 2941 4,
1438 2904 1510 2934 121.
1560 2909 1648 2936 Suet.
1671 2907 1756 2944 Aug.

128 2954 193 2987 Ld.
211 2965 250 2985 ve
275 2966 302 2985 c.
323 2964 384 2986 rec.
408 2952 494 2995 Wg,
515 2956 570 2991 qui
593 2954 732 2984 defendit
756 2963 807 2992 ve,
824 2963 922 2990 quum
969 2951 1010 2982 33
1051 2952 1296 2992 praefecturae
1339 2949 1489 2980 alarum.
1536 2952 1670 2982 Cincius
1705 2960 1755 2988 ap.

121 3006 184 3033 hoc
208 3004 278 3033 loco
308 3010 395 3032 unus
421 3006 546 3032 tantum
568 3005 625 3030 aut
636 3001 717 3030 Tros
742 3005 799 3030 aut
819 3002 924 3029 Italus
973 3001 1055 3029 Gell.
1086 2997 1138 3035 16,
1159 2996 1177 3027 4
1207 2996 1296 3028 Alae
1319 2995 1435 3027 dictae
1469 2996 1639 3028 exercitus
1665 2996 1760 3039 equi—
