2023 3350
193 111 288 165 '486
770 125 809 155 P.
838 123 1035 157 VIRGILII
1064 123 1279 158 MARoms

203 239 260 278 At
294 236 404 289 legio
444 234 692 277 Aeneadum
729 236 854 278 vallis
891 236 1068 279 obsessa
1102 240 1299 291 tenetur,
1775 242 1857 281 120

203 295 291 336 Nec
326 307 423 347 spes
461 293 551 334 11113
583 293 725 347 fugae.

785 294 934 336 Miseri
974 298 1092 337 stant
1126 296 1320 338 turribus
1355 297 1457 339 altis

203 350 525 404 Nequidquam,
560 355 603 392 et
639 366 742 394 rara
787 366 935 394 muros
975 353 1147 395 cinxere
1186 368 1367 397 corona:

201 409 329 451 Asius
358 408 638 461 Imbrasides,
674 410 1044 464 Hicetaoniusque
1081 410 1348 465 Thymoetes,

201 467 491 531 Assaracique
529 466 627 517 duo,
666 472 708 509 et
747 469 890 510 senior
933 482 1029 510 cum
1067 468 1244 511 Castore
1279 470 1370 511 Th
1344 470 1525 525 ymbris,

202 525 346 566 Piima
385 524 519 566 acies:
560 525 640 567 1103
675 527 869 580 germani
902 526 1163 580 Sarpedonis
1201 527 1339 577 ambo,
1774 529 1854 568 125

201 582 257 624 Et
299 582 449 625 Clarus
489 586 531 625 et
562 584 800 631 Thaemon,
840 585 971 639 Lycia
1006 584 1270 627 comitantur
1307 586 1362 628 ab
1404 586 1512 628 alta.

201 639 303 682 Fert
333 641 483 695 ingens
522 644 616 684 toto
657 643 865 684 connixus
904 656 1086 696 corpore
1125 657 1288 695 saxum,

201 697 330 740 Haud
367 703 537 752 partem
574 700 773 754 exiguam
812 701 991 752 montis,
1032 701 1263 755 Lyrnesius
1298 702 1474 753 Acmon,

200 756 290 798 Nec
334 756 471 811 Clytio
508 759 700 811 genitore
730 759 888 809 minor,
931 773 1010 800 nec
1038 758 1176 800 fratre
1216 759 1478 801 Menestheo.

201 813 258 856 Hi
294 813 466 867 iaculis,
495 816 559 857 1111
599 820 769 859 certant
807 817 1038 859 defendere
1076 817 1204 868 saxis,
1773 819 1855 858 130

200 872 432 926 Molirique
465 874 630 928 ignem,
671 889 890 929 nervoque
927 879 1080 929 aptare
1117 875 1315 929 sagittas.

200 931 297 983 Ipse
330 931 444 973 inter
474 932 659 985 medios,
699 933 878 975 Veneris
913 933 1153 975 iustissima
1192 946 1308 983 cura,

200 987 448 1031 Dardanius
488 994 619 1045 caput
658 1005 755 1034 ecce
794 1006 902 1045 puer
939 991 1134 1033 detectus
1168 991 1399 1032 honestum

202 1046 352 1097 Qualis
389 1061 560 1101 gemma
597 1049 750 1101 micat,
791 1049 954 1091 fulvum
997 1063 1107 1103 quae
1145 1048 1299 1090 dividit
1335 1061 1500 1100 aurum,

201 1105 288 1146 Aut
326 1106 436 1147 00110
474 1106 605 1149 decus
639 1112 715 1150 aut
756 1108 910 1162 capiti,

956 1108 1023 1149 vel
1057 1108 1185 1161 quale
1221 1120 1299 1162 per
1333 1109 1473 1148 artem
1776 1108 1855 1147 135

201 1163 419 1205 Inclusum
455 1163 571 1207 buxo
610 1170 686 1208 aut
725 1165 871 1208 Oricia
914 1165 1160 1208 terebintho

200 1221 335 1263 Lucet
374 1221 498 1275 ebur;
538 1223 659 1266 fusos
701 1224 844 1266 cervix
879 1224 949 1266 cui
983 1224 1126 1266 lactea
1163 1222 1303 1265 crines

201 1279 372 1334 Accipit
411 1284 454 1323 et
493 1282 614 1324 1110111
653 1282 911 1324 subnectens
952 1282 1137 1324 circulus
1170 1294 1290 1322 auro.

201 1337 259 1378 Te
299 1352 470 1393 quoque
507 1341 811 1394 magnanimae
849 1340 1068 1392 viderunt,
1105 1340 1291 1392 Ismare,
1329 1340 1476 1392 gentes

249 1511 324 1543 120.
357 1511 466 1556 Legio
494 1515 533 1545 cf.
560 1513 592 1548 8,
621 1514 697 1544 605.

250 1557 324 1589 121.
351 1569 412 1590 nec
439 1569 516 1602 spes
543 1559 620 1590 ulla
641 1561 772 1602 fugae.
811 1564 925 1599 „Fuga
944 1563 1004 1592 nii-

201 1607 374 1635 serrimum
404 1612 435 1636 et
463 1608 612 1637 ultimum
638 1609 840 1643 praesidium
868 1614 926 1643 est,
956 1614 1004 1638 ta-

201 1661 274 1681 men
304 1654 402 1682 etiam
434 1655 493 1683 hoc
518 1649 710 1683 carebant-s
739 1657 771 1684 S.
817 1656 916 1690 quue
940 1655 1004 1690 ipsi

200 1699 319 1727 sciunt.
344 1706 444 1735 quare
471 1704 555 1729 recte
586 1697 705 1728 miseri
729 1701 889 1730 dicuntur.

250 1742 322 1773 122.
349 1753 459 1774 rara.-
507 1747 621 1780 Itaque
667 1751 731 1775 13111
782 1755 905 1782 parvus
955 1751 1005 1776 est

200 1798 310 1819 cortun
342 1799 515 1825 numerus,
547 1796 580 1820 ut
612 1792 652 1819 ad
684 1800 793 1821 muros
825 1794 1006 1828 implendos

200 1845 264 1865 non
288 1837 463 1866 sufficiant.
504 1838 550 1866 De
572 1846 652 1867 voce
677 1845 780 1867 rarus
803 1839 841 1868 cf.
872 1836 902 1873 4,
930 1837 1004 1868 131.

203 1898 241 1902 —
269 1890 397 1911 corona
426 1883 465 1912 cf.
492 1881 522 1918 9,
545 1881 621 1912 380.

248 1925 322 1957 125.
348 1925 465 1969 prima
496 1927 608 1958 acies.-
650 1931 757 1959 Etiam
783 1932 842 1959 hoc
869 1932 910 1959 ad
938 1931 1005 1959 Ro-

200 1982 331 2003 manum
364 1983 486 2004 morem
510 1977 708 2014 composuit,
743 1977 798 2012 qui
824 1981 889 2005 tres
914 1977 1004 2007 acies

201 2021 437 2050 instruxerunt.

245 2064 319 2095 127.
347 2069 418 2096 toto
449 2064 620 2096 connixus
658 2075 817 2107 corpore:
852 2069 934 2097 idem
972 2066 1003 2105 9,

201 2110 276 2141 410.
338 2110 401 2142 uit
441 2109 537 2141 allen
582 2110 845 2150 Leibeslcrc'iften
891 2122 1004 2155 ange-

200 2160 348 2188 stemmt.
401 2155 524 2187 Schilt.

249 2202 322 2233 128.
349 2206 539 2240 ,Lyrnesos
579 2205 701 2234 civitas
740 2210 789 2234 est
825 2207 1002 2243 Phrygiae,

200 2252 283 2280 unde
313 2250 371 2279 fuit
398 2248 558 2280 Briseis.“
586 2253 619 2281 S.

246 2294 320 2326 130.
348 2293 385 2325 hi
414 2309 453 2316 —
478 2294 534 2326 uli
558 2312 600 2317 —
628 2304 692 2337 que
716 2311 760 2316 ——-
787 2305 867 2337 qne,
913 2298 933 2326 i.
974 2306 1001 2327 0.

199 2343 259 2371 alii
279 2358 317 2363 —
338 2343 399 2371 alii
412 2343 452 2372 cf.
470 2341 498 2380 1,
519 2340 596 2371 701.
645 2343 779 2372 Troiani
805 2347 859 2372 aut
884 2344 1003 2373 iaculis

198 2393 253 2418 aut
282 2389 379 2418 saxis
411 2393 467 2418 aut
499 2390 572 2425 igne
605 2394 660 2418 aut
699 2389 829 2423 sagittis
863 2397 883 2417 3
912 2398 1003 2419 muro

198 2438 395 2471 proturbant.
422 2451 460 2455 -—
491 2437 627 2464 certant
651 2444 677 2464 c.
704 2435 761 2464 inf.
789 2435 828 2465 cf.
859 2433 934 2464 lte.

249 2488 320 2520 131.
347 2488 467 2520 moliri
487 2488 607 2531 ignem
627 2492 666 2521 cf.
684 2489 714 2528 2,
736 2490 810 2521 108.
832 2508 870 2512 -
895 2495 1004 2528 Neque

198 2538 231 2566 id
268 2539 404 2566 verbum
439 2538 599 2573 ineptum3
640 2545 715 2567 nam
754 2546 853 2573 saepe
885 2547 1002 2576 magno

198 2588 360 2619 apparatu
389 2584 486 2621 ignea
516 2585 582 2612 tela
612 2583 773 2614 faciebant
797 2585 940 2621 antiqui,
968 2591 1002 2614 ut

198 2631 235 2658 de
276 2630 468 2666 Saguntinis
506 2634 618 2659 narrat
649 2631 723 2659 Liv.
754 2628 812 2666 21,
841 2628 874 2660 8.
904 2632 944 2661 cf.
970 2629 1002 2669 S,

200 2673 275 2704 694.
326 2678 564 2711 Nonnunquam
595 2676 694 2705 etiam
726 2676 854 2706 facibus
882 2682 913 2706 et
937 2682 1002 2706 tor-

199 2722 289 2750 ribus
328 2730 381 2750 res
413 2725 582 2759 gerebatur
623 2722 663 2751 cf.
710 2720 745 2760 1,
784 2721 870 2761 150,
905 2728 933 2753 et
967 2724 1000 2752 in

199 2774 308 2804 pugna
351 2768 518 2797 Cannensi
570 2768 673 2803 aliqui
718 2776 864 2810 pugnas
911 2767 1001 2810 pinu

191 2810 381 2852 flagrante
404 2811 493 2842 cient
517 2814 574 2842 Sil.
595 2812 626 2851 9,
652 2812 727 2843 335.

248 2856 321 2887 132.
355 2856 497 2888 Veneris
540 2857 735 2889 iustissima
779 2869 863 2889 cura
902 2861 1002 2897 „quia

200 2904 250 2932 illi
275 2906 449 2934 debebatur
470 2905 676 2943 imperinnr'g
698 2908 729 2934 S.
756 2911 785 2935 et
808 2909 890 2941 quod
913 2912 1003 2936 tanta

199 2953 269 2978 erat
299 2951 431 2980 virtute.
488 2950 582 2982 Cura
610 2952 657 2989 is,
691 2953 729 2981 de
759 2961 821 2987 qno
851 2961 930 2982 cura
955 2957 1003 2982 est

203 2994 242 3023 cf.
274 2993 299 3030 1,
323 2994 399 3025 678.

251 3037 326 3069 133.
353 3038 554 3080 honesturn,
582 3045 762 3079 pulchrum.
799 3044 846 3073 Cf.
875 3042 902 3081 t,
925 3042 1000 3073 591.

1051 1516 1178 1545 Similis
1210 1516 1407 1551 comparatio
1443 1511 1477 1551 1,
1513 1511 1590 1543 592.
1626 1510 1685 1550 12,
1711 1512 1766 1543 67.
1815 1515 1856 1544 Ut

1051 1569 1178 1599 gemma
1207 1562 1304 1591 micat
1336 1569 1414 1590 auro
1440 1561 1578 1597 inclusa,
1610 1564 1645 1589 ut
1669 1563 1747 1590 ebur
1768 1562 1856 1591 lucet

1052 1609 1217 1638 inclusum
1243 1611 1329 1637 buxo
1354 1611 1384 1636 et
1407 1607 1595 1643 terebintho,
1620 1606 1667 1635 ita
1684 1607 1856 1637 Ascanius

1052 1655 1138 1683 inter
1163 1656 1272 1683 duces,

1098 1708 1174 1740 136.
1207 1708 1324 1740 Oricia
1348 1706 1541 1740 terebintho
1578 1710 1712 1745 „oricus
1735 1711 1857 1741 civitas

1053 1761 1101 1786 est
1126 1757 1232 1792 Epiri,
1267 1757 1361 1786 iuxta
1394 1764 1491 1791 quam
1526 1757 1675 1785 nascitur
1703 1760 1855 1794 terebyn-

1053 1806 1127 1832 thus
1156 1800 1335 1841 nigrum
1368 1803 1495 1838 lignum
1530 1804 1670 1840 habens,
1709 1803 1789 1832 folia
1820 1805 1855 1833 in

1052 1850 1132 1878 buxi
1156 1847 1332 1884 speciemf‘·
1360 1850 1391 1877 S.

1100 1904 1176 1935 137.
1204 1906 1327 1935 cervix
1352 1905 1459 1935 crines
1481 1905 1612 1941 accipit,
1635 1906 1665 1935 si
1690 1907 1798 1936 crines
1820 1908 1856 1936 in

1052 1954 1171 1982 collum
1198 1953 1366 1987 decidunt;
1387 1955 1417 1981 et
1438 1952 1537 1980 simul
1558 1952 1666 1981 crines
1683 1957 1855 1983 nectuntur

1051 2000 1172 2029 circulo
1206 2006 1304 2027 aureo
1335 1999 1356 2026 i.
1390 2007 1417 2027 e.
1451 1999 1642 2028 diademate.
1695 2001 1748 2029 lta
1777 2001 1854 2030 Val.

1051 2047 1098 2073 Fl.
1141 2042 1177 2082 2,
1223 2043 1286 2072 103
1329 2041 1430 2073 tereti
1473 2041 1600 2073 crinem
1639 2043 1858 2075 subnectitur

1052 2099 1150 2120 auro.
1175 2106 1220 2110 —
1244 2087 1370 2119 lactea.
1397 2090 1488 2119 Cutis
1509 2092 1629 2120 candor
1649 2097 1856 2127 comparatur

1051 2138 1135 2172 apud
1174 2138 1341 2166 Romanos
1378 2141 1488 2172 poetas
1521 2144 1592 2166 cum
1623 2138 1722 2173 lacte,
1753 2142 1789 2167 ut
1821 2136 1853 2174 8,

1051 2181 1126 2211 660.
1152 2184 1210 2211 Sil.
1239 2181 1268 2217 4.
1301 2180 1372 2210 154.
1413 2184 1539 2211 Nemes,
1564 2184 1600 2211 E.
1628 2181 1658 2216 2
1679 2181 1734 2212 80.
1776 2185 1852 2214 Hor.

1051 2230 1085 2258 C.
1124 2226 1159 2263 1,
1191 2227 1250 2262 13,
1277 2226 1306 2264 2,
1342 2236 1414 2258 cum
1443 2236 1602 2258 marmore
1634 2231 1669 2258 G.
1702 2227 1740 2265 4,
1775 2229 1853 2260 523.

1050 2276 1125 2304 Hor.
1155 2276 1189 2304 C.
1219 2271 1251 2311 1,
1281 2272 1339 2308 19,
1363 2274 1393 2303 6.
1418 2274 1457 2304 cf.
1483 2276 1579 2304 Lucr.
1605 2274 1635 2313 5,
1661 2273 1740 2314 764,
1778 2285 1851 2307 cum

1049 2324 1143 2350 ebore
1163 2325 1193 2350 et
1211 2329 1288 2350 nne
1314 2322 1372 2350 Ov.
1394 2321 1468 2349 Am.
1499 2319 1528 2357 3,
1549 2318 1568 2347 7
1573 2318 1632 2355 ,7.

1098 2376 1172 2407 138
1206 2375 1312 2406 Molle
1344 2385 1468 2406 aurum
1501 2382 1549 2407 est
1581 2379 1718 2416 ductile,
1750 2379 1790 2410 cf.
1822 2377 1854 2417 6,

1050 2422 1128 2454 848.
1178 2425 1266 2459 Quod
1299 2426 1380 2453 haec
1403 2425 1443 2453 ad
1469 2429 1619 2454 ornatum
1643 2425 1736 2460 pueri
1767 2426 1851 2455 adii-

1051 2472 1196 2507 ciuntur,
1230 2474 1426 2505 pntaverunt
1453 2471 1602 2499 nonnulli
1631 2471 1738 2507 ipsam
1767 2481 1853 2502 com-

1052 2517 1253 2553 parationem
1302 2518 1364 2545 huc
1412 2517 1588 2553 pertinere,
1629 2522 1659 2546 et
1704 2519 1852 2554 componi

1052 2563 1190 2598 capillos
1235 2564 1331 2593 buxo.
1368 2563 1529 2592 cervicem
1569 2563 1667 2593 ebori.
1711 2579 1749 2584 —
1789 2566 1852 2594 Sed

1049 2609 1219 2638 Ascanius
1236 2614 1441 2643 comparatur
1460 2618 1533 2639 cum
1551 2611 1645 2639 ebore
1664 2614 1695 2638 et
1712 2617 1851 2648 gemma,

1048 2655 1182 2684 Troiani
1211 2663 1282 2684 cum
1319 2656 1495 2685 terebintho
1519 2660 1548 2685 et
1572 2663 1663 2685 auro.
1700 2671 1738 2676 —-
1771 2653 1851 2685 sub-

1046 2703 1185 2730 nectens
1215 2702 1269 2729 dat
1302 2697 1364 2729 Hs.
1394 2698 1462 2730 Hn.
1495 2699 1578 2741 Wg.
1599 2703 1650 2731 ed.
1673 2703 1750 2731 mai.
1773 2699 1851 2739 Rb„

1049 2743 1220 2776 subnectit
1244 2749 1299 2776 (lat
1326 2743 1390 2775 Ld.
1427 2744 1513 2788 lVg.
1537 2749 1585 2777 ed.
1611 2747 1688 2777 min.

1096 2813 1171 2844 139.
1204 2812 1462 2855 Magnanimae
1493 2817 1617 2855 gentes
1655 2820 1730 2845 sunt
1759 2819 1852 2846 Mae-

1051 2870 1145 2898 01103,
1180 2862 1298 2896 quibus
1331 2861 1414 2896 ipsis
1446 2862 1512 2891 dux
1539 2865 1597 2891 est.
1646 2863 1709 2891 Pro
1734 2870 1850 2897 prono-

1051 2908 1137 2936 mine
1165 2907 1368 2945 possessivo,
1398 2909 1481 2941 quod
1506 2915 1563 2942 per
1585 2915 1622 2936 se
1647 2907 1850 2946 intelligitur,

1050 2954 1182 2988 aliquod
1220 2955 1336 2983 maluit
1377 2954 1494 2982 addere
1532 2953 1741 2983 adiectivnrn.
1805 2956 1850 2984 ne

1050 3000 1242 3029 Maeonihus
1269 2999 1308 3029 οῖ.
1331 2997 1364 3035 8,
1391 2996 1468 3028 479.
1522 2996 1569 3028 Te
1594 3007 1730 3040 quoque
1754 2999 1850 3030 Ana-

1051 3043 1188 3086 gninae
1215 3045 1299 3076 coni.
1328 3042 1380 3074 Pl.
