2023 3350
657 85 890 119 AENEIDOS
922 89 1007 121 LlB.
1038 89 1117 121 xit.

1627 91 1701 127 591

88 203 196 244 Fata
235 202 410 252 docens,
447 200 622 254 regique
655 199 773 242 iubet
809 214 1015 255 responsa
1046 201 1200 245 Latino

89 260 216 302 Certa
251 260 409 301 referre
443 258 578 309 viros,
617 261 660 299 et
695 259 815 312 pacis
845 259 985 300 dicere
1019 259 1145 312 leges.

199 318 376 359 Postera
408 316 478 356 vix
514 329 700 357 summos
737 316 970 370 spargebat
1002 317 1161 358 lumine
1193 318 1359 357 montes

88 374 194 415 Orta
225 375 335 422 dies,
374 387 503 426 quum
523 373 719 426 primum
750 374 838 415 alto
873 388 918 415 se
955 375 1122 428 gurgite
1160 373 1320 414 tollunt

88 431 196 473 Solis
232 431 346 484 equi,
385 430 605 483 lucemque
643 431 765 473 elatis
798 431 973 473 naribus
1008 431 1174 472 efflant:

1630 432 1708 469 115

88 489 290 541 Campum
326 487 381 529 ad
416 491 633 529 certamen
668 503 847 542 magnae
885 489 963 530 sub
1001 487 1220 529 moenibus
1255 487 1373 528 urbis

86 546 274 586 Dimensi
314 545 544 599 Rutulique
578 546 658 587 viri
695 547 928 600 Teucrique
967 545 1182 599 parabant

85 602 135 644 In
170 602 393 655 medioque
429 602 546 644 focos
580 607 623 645 et
663 604 728 646 dis
768 603 1060 646 communibus
1095 615 1193 644 aras

86 660 347 701 Gramineas.

406 660 490 701 Alii
528 661 770 715 fontemque
805 662 1029 715 ignemque
1065 659 1271 709 ferebant,

86 716 224 758 Velati
261 717 362 758 limo
401 722 443 759 et
480 718 663 760 verbena
700 724 897 773 tempora
935 719 1077 759 vincti.

1632 717 1711 754 120

83 773 282 817 Procedit
316 775 426 829 legio
460 776 742 829 Ausonidum,
779 777 1000 831 pilataque
1039 774 1174 829 plenis

83 952 146 977 tem
173 950 299 977 solatur
328 951 443 987 lulum,
487 958 530 979 ex
554 956 630 980 nota
654 951 711 980 illa
739 951 874 987 ratione,

83 1001 148 1028 qua
188 995 293 1023 Latini
333 997 576 1024 substantivum
612 1005 668 1032 pro
709 998 873 1025 adiectis-o

84 1048 207 1075 ponere
232 1042 406 1069 malebant.
445 1041 492 1071 Cf.
523 1041 549 1077 1,
575 1040 652 1071 422.
676 1058 720 1061 —
742 1044 779 1071 Ut
808 1051 875 1071 rne-

83 1090 149 1114 111111
163 1087 266 1115 solari
283 1087 362 1115 dixit
379 1088 464 1123 Vgl„
491 1088 539 1116 sic
551 1085 774 1125 ov.1v¹.2,a·2t
795 1085 874 1117 hinc

80 1134 195 1172 pater,
221 1129 299 1161 hinc
322 1130 448 1162 conius
476 1130 642 1162 lacrimas
665 1132 837 1163 solantur.

131 1184 206 1217 ltt.
226 1186 313 1226 fata
338 1185 473 1225 docens,
497 1190 615 1224 quibus
639 1195 728 1218 certe
742 1191 875 1219 Aenea-

84 1233 134 1263 dis
159 1234 257 1263 sedes
282 1234 314 1263 in
337 1235 431 1263 Latio
459 1240 527 1264 erat
553 1238 726 1271 promissa.

133 1287 206 1318 112.
231 1287 334 1326 viros,
357 1291 412 1325 qui
437 1291 535 1326 legati
554 1294 593 1320 ad
617 1301 690 1321 eum
708 1297 874 1321 venerant.

83 1336 271 1370 Respondet
294 1337 420 1371 Latino,
445 1345 524 1366 vero
547 1338 624 1374 regi,
649 1339 776 1367 etiamsi
792 1341 876 1367 Tur-

82 1389 146 1410 nus
170 1383 300 1416 legatos
332 1383 475 1411 miserat.
523 1385 636 1418 anue
666 1384 699 1412 in
736 1392 875 1419 respon-

83 1427 177 1456 sione
201 1429 294 1456 nulla
324 1433 376 1456 est
406 1429 560 1464 superbia
594 1434 647 1458 aut
686 1429 873 1458 insolentia.

82 1488 125 1491 ——
151 1470 250 1510 pacis
269 1471 365 1513 leges
387 1478 419 1502 ut
439 1473 489 1511 11,
507 1473 569 1502 321
584 1472 742 1511 foederis
761 1473 875 1515 legem

83 1523 114 1546 et
146 1516 246 1556 pacis
283 1516 397 1547 {licere
427 1517 523 1559 leges
554 1527 605 1555 ap.
640 1520 711 1548 Liv.
747 1518 801 1557 34,
831 1518 874 1548 57

82 1566 136 1601 aL,
162 1572 266 1599 neque
295 1564 328 1593 in
357 1566 419 1593 bac
450 1564 590 1594 formula
615 1567 790 1601 quidquam
825 1571 876 1595 est

82 1610 163 1638 miri.

150 1686 339 1720 113—133.
386 1687 576 1731 Apparatio
603 1688 812 1721 certaminis.

130 1745 206 1775 113.
233 1748 320 1776 Solis
369 1754 470 1777 ortum
519 1750 664 1784 pluribus
711 1749 875 1785 describit,

83 1793 169 1827 quod
191 1793 219 1821 is
247 1793 317 1822 dies
343 1799 405 1831 est,
433 1802 496 1828 quo
520 1797 638 1823 belluni
657 1799 686 1822 et
704 1794 771 1823 fata
789 1795 875 1823 viam

81 1838 258 1867 invenient.
289 1855 333 1858 —
363 1837 555 1881 spargebat
587 1848 643 1876 pro
674 1848 875 1876 consperge-

83 1886 134 1912 bat
160 1883 201 1913 cf.
227 1884 257 1921 5,
290 1881 362 1913 154.

130 1928 203 1958 114.
227 1928 376 1971 gurgite
399 1931 533 1960 Oceani.

129 1973 203 2004 115.
230 1974 340 2006 lucem
380 1974 506 2014 efflant
543 1974 697 2006 naribus.
759 1978 870 2006 Simile

81 2022 199 2050 dictum
222 2021 286 2050 iam
314 2027 509 2051 memoratur
533 2024 625 2052 Ennii
651 2029 680 2051 et
706 2024 822 2052 Lucilii
841 2028 872 2051 et

82 2068 143 2096 Ov.
168 2070 208 2096 M.
236 2065 266 2104 2,
291 2066 334 2096 83
366 2069 404 2096 de
437 2069 520 2097 solis
547 2070 657 2104 equis:
708 2067 774 2098 Nec
809 2066 872 2098 tibi

82 2110 326 2153 quadrupedes
373 2111 546 2142 animosos
599 2112 741 2155 ignibus
788 2112 872 2151 illis,

81 2167 164 2199 quos
188 2156 223 2188 in
249 2161 386 2197 pectore
407 2157 544 2196 habent,
568 2169 652 2200 quos
671 2168 728 2189 ore
752 2163 783 2190 et
808 2169 873 2189 na-

80 2202 176 2234 ribus
205 2202 347 2243 efflant,
394 2202 430 2234 ia
463 2208 626 2244 promptu
659 2213 781 2246 regere
811 2208 871 2235 est.

81 2250 129 2280 Cf.
157 2258 241 2285 quae
265 2251 304 2279 de
328 2251 473 2280 anhelitu
499 2252 586 2280 dicta
610 2256 685 2281 sunt
711 2251 741 2289 5,
768 2251 846 2281 739.

129 2304 204 2335 118.
231 2304 285 2336 dis
310 2305 558 2345 communibus,
576 2317 634 2344 per
647 2316 730 2343 quos
746 2309 872 2344 utrique

81 2357 173 2382 erant
202 2353 347 2382 iuraturi.
389 2353 430 2382 cf.
458 2353 495 2389 8,
520 2353 597 2384 275.
633 2356 730 2390 Prop.
756 2352 785 2391 1,
823 2353 873 2393 ll,

83 2398 126 2427 16
158 2395 200 2428 Ut
230 2396 316 2429 solet
340 2401 453 2429 amoto
482 2397 554 2430 labi
584 2398 726 2429 custode
751 2398 874 2441 puella

79 2441 228 2484 perfida,
252 2453 446 2474 communes
471 2454 532 2474 nec
559 2444 754 2475 meminisse
776 2443 875 2475 deos.-

81 2497 164 2525 quos
190 2490 312 2519 amoris
335 2495 440 2520 testes
469 2490 626 2521 fecerant.
671 2493 869 2522 Communes

82 2541 158 2565 sunt
183 2535 226 2564 dii
242 2537 378 2565 duorum
405 2539 610 2575 populorum,
635 2546 719 2572 quos
736 2543 872 2573 uterque

81 2582 170 2611 colit.
192 2596 237 2602 —-
268 2589 352 2610 aras
376 2579 581 2622 gramineas
605 2585 763 2622 „Romani
788 2585 872 2613 enim

83 2627 183 2656 moris
243 2630 312 2655 erat
371 2629 529 2662 cespitem
579 2636 658 2658 arae
709 2631 873 2665 superim-

83 2680 217 2709 ponere,
241 2677 272 2701 et
295 2672 341 2701 ita
364 2672 574 2702 sacrificare“
597 2677 631 2704 S.
671 2677 738 2705 Hoc
763 2680 871 2705 autem

82 2720 116 2748 in
140 2721 214 2747 loco
238 2719 459 2747 exstruendae
485 2724 577 2748 erant
597 2728 685 2758 arae,
713 2729 798 2757 quae
822 2721 872 2751 fa-

82 2765 203 2794 cillime
230 2764 347 2793 fiebant
371 2764 496 2799 cespite
522 2771 690 2801 congesto.

132 2809 205 2839 119.
231 2812 340 2846 „Sane
372 2811 412 2838 ad
443 2810 593 2840 facienda
621 2811 755 2841 foedera
785 2820 871 2848 aqua

84 2860 115 2885 et
139 2857 224 2893 ignis
250 2856 457 2894 adhibentur,
495 2861 611 2885 contra
641 2865 724 2891 quos
757 2865 871 2887 arcere

84 2904 235 2932 volumus
260 2909 280 2931 a
303 2906 415 2931 nostro
440 2902 616 2937 consortio,
656 2903 707 2932 eis
731 2911 816 2938 aqua
841 2908 872 2932 et

84 2947 151 2982 igni
188 2946 448 2977 interdicimus.“
485 2950 518 2977 S.
567 2951 648 2977 Sunt
688 2949 773 2977 enim
817 2957 871 2979 res

84 2993 227 3023 maxime
259 3001 469 3033 communes,
505 3001 590 3030 quas
625 2993 679 3024 cui
711 3001 871 3030 negamus

919 958 1045 979 omnem
1072 958 1132 979 nos
1162 950 1275 985 fugere
1293 948 1488 978 societatem
1510 947 1629 977 indicio
1648 951 1708 976 est.

920 1011 961 1015 —
981 996 1118 1032 fontem
1142 996 1182 1025 cf.
1208 995 1240 1033 2,
1265 993 1340 1023 720.

968 1064 1041 1093 120.
1069 1061 1141 1093 lino
1165 1065 1333 1102 ]IPRybc;
1375 1062 1423 1092 sic
1448 1062 1512 1091 iam
1538 1064 1632 1091 Serv.
1664 1063 1714 1089 le-

919 1113 1033 1146 gebat,
1077 1111 1130 1145 qui
1171 1115 1299 1145 praeter
1331 1109 1397 1137 alia
1436 1110 1519 1137 haec
1560 1112 1711 1136 annotat:

917 1156 1042 1193 „Atqui
1059 1157 1199 1184 Fetiales
1221 1160 1249 1183 ot
1269 1157 1526 1190 Paterpatratus,
1553 1161 1611 1189 per
1629 1162 1712 1189 quos

920 1204 1005 1230 bella
1041 1204 1094 1230 vel
1130 1201 1265 1229 foedera
1298 1200 1588 1235 confirmabantur,
1626 1207 1711 1228 nun—

920 1255 1016 1282 quam
1053 1250 1226 1276 utebantur
1266 1247 1415 1275 vestibus
1458 1243 1593 1274 lineis.“
1642 1247 1713 1280 Quo

920 1301 1030 1321 errore
1071 1294 1135 1321 iam
1173 1293 1325 1321 voluisse
1363 1292 1509 1320 indicare
1540 1291 1712 1325 Virgilium

921 1343 1020 1374 putat,
1047 1347 1111 1367 non
1134 1346 1211 1366 esse
1230 1343 1331 1365 ratum
1353 1337 1475 1365 factum
1493 1338 1570 1365 illud
1585 1336 1712 1368 foedus.

920 1385 1004 1417 quod
1032 1383 1096 1411 iant
1118 1384 1150 1411 in
1167 1391 1264 1411 sacro
1282 1383 1403 1416 aliquid
1422 1388 1510 1411 esset
1528 1387 1710 1417 peccatum.

921 1430 985 1457 Sed
1012 1431 1073 1457 hoc
1096 1434 1264 1463 peccatum
1292 1428 1424 1456 nimium
1449 1433 1517 1464 est,
1557 1432 1587 1455 et
1612 1428 1714 1456 vittae

921 1476 959 1503 de
985 1475 1104 1509 quibus
1131 1476 1192 1503 hoc
1226 1476 1298 1502 loco
1332 1478 1382 1501 est
1416 1481 1544 1510 sermo,
1581 1481 1713 1508 semper

920 1523 1037 1549 laneae
1065 1525 1151 1548 sunt.
1200 1520 1296 1549 Addit
1314 1522 1424 1548 Serv.:
1451 1520 1581 1555 „Caper
1605 1524 1713 1549 tanuen

921 1571 952 1595 et
985 1567 1136 1601 Hyginus
1168 1568 1197 1594 11.
1231 1567 1252 1595 1.
1288 1566 1397 1594 dicunt
1428 1565 1600 1593 lectionem
1635 1574 1714 1594 esse

920 1617 1123 1647 corruptam,
1168 1620 1242 1640 nam
1269 1612 1437 1648 Virgilium
1468 1611 1514 1640 ita
1537 1611 1714 1646 reliquisse

920 1658 1131 1686 confirmant:
1178 1655 1295 1686 I‘elati
1325 1655 1418 1686 limo.
1464 1657 1577 1686 Limus
1605 1664 1714 1686 autem

920 1708 972 1732 est
1006 1704 1132 1737 vestis.
1173 1711 1236 1736 qua
1275 1705 1314 1731 ab
1348 1703 1499 1731 umbilico
1533 1711 1638 1738 usque
1672 1705 1712 1731 ad

922 1750 1024 1784 pedes
1047 1754 1198 1783 teguntur
1231 1749 1383 1783 pudenda
1414 1756 1590 1784 poparum,
1628 1750 1711 1777 haec

919 1800 1027 1823 autem
1046 1797 1150 1824 vestis
1166 1796 1261 1822 habet
1275 1794 1307 1822 in
1317 1799 1463 1823 extremo
1475 1795 1527 1822 sui
1538 1802 1713 1829 purpuram

921 1841 1029 1869 limam
1062 1840 1081 1868 i.
1109 1848 1137 1868 e.
1177 1840 1376 1875 flexuosam,
1414 1841 1496 1868 unde
1530 1845 1560 1868 et
1593 1848 1712 1868 nomen

921 1886 1059 1921 accepit.
1108 1889 1188 1915 Nam
1220 1883 1337 1914 limum
1369 1886 1532 1920 obliquum
1562 1886 1712 1915 dicimus.

919 1933 1011 1961 Unde
1039 1936 1068 1960 et
1094 1934 1168 1960 Ter.
1194 1933 1296 1966 (Eun.
1323 1930 1354 1967 3,
1383 1931 1415 1960 5.
1442 1930 1505 1967 53]
1531 1940 1578 1960 sc.
1607 1933 1712 1961 oculis

920 1975 1013 2006 limis
1032 1977 1052 2006 i.
1077 1986 1105 2006 e.
1122 1976 1299 2011 obliquis.“
1325 1979 1357 2005 S.
1377 1979 1413 2005 Et
1429 1978 1516 2010 Tiro,
1543 1978 1712 2007 Ciceronis

915 2024 1064 2059 libertus,
1103 2032 1154 2058 ap.
1174 2023 1313 2052 Gellium
1340 2022 1391 2058 12,
1413 2021 1433 2050 3
1452 2025 1533 2051 naec
1561 2025 1713 2059 scripsit:

917 2070 1027 2105 „Licio
1057 2074 1267 2104 transverso,
1292 2069 1377 2103 quod
1392 2069 1502 2097 limum
1517 2072 1714 2105 appellatur,

917 2116 971 2151 qui
1003 2115 1248 2149 magistratibus
1279 2115 1586 2149 praeministrabant
1616 2117 1715 2145 cincti

918 2158 1196 2198 erant.“et„limo
1214 2162 1276 2189 duo
1293 2160 1432 2189 Parisini
1449 2165 1532 2190 teste
1546 2160 1713 2191 Potterio“

919 2204 983 2236 Rb.
1018 2212 1047 2235 et
1085 2209 1251 2243 vulgatum
1285 2206 1316 2234 in
1345 2207 1426 2234 Edd.
1478 2222 1522 2226 —
1569 2209 1600 2237 et
1637 2217 1713 2236 rer-

918 2250 1005 2282 bena
1032 2255 1187 2292 tempora
1212 2250 1338 2281 vincti.-
1375 2249 1559 2287 „scrbena
1584 2255 1715 2289 proprie

919 2303 969 2327 est
999 2300 1100 2327 herba
1132 2306 1231 2327 sacra
1262 2302 1393 2332 sumpta
1430 2299 1469 2325 de
1504 2299 1577 2326 loco
1614 2307 1712 2328 sacro

920 2344 1086 2381 Capitolii,
1127 2352 1190 2378 qua
1225 2346 1467 2373 coronabantur
1499 2345 1646 2374 Fetiales
1683 2351 1713 2374 et

919 2392 1018 2419 Pater
1042 2395 1188 2425 patratus
1226 2390 1359 2418 foedera
1388 2389 1505 2418 facturi
1537 2392 1591 2419 vel
1624 2392 1711 2420 bella

918 2436 1080 2465 indicturi.
1128 2436 1280 2465 Abusive
1318 2441 1423 2464 tamen
1451 2437 1616 2465 verbenas
1645 2438 1710 2466 iam

919 2489 1080 2511 vocamus
1106 2490 1221 2510 omnes
1247 2481 1379 2510 frondes
1399 2486 1562 2517 sacratos,
1602 2487 1634 2510 ut
1659 2488 1710 2512 est

918 2529 1051 2564 laurus,
1083 2528 1172 2556 oliva
1196 2529 1249 2556 vel
1275 2526 1437 2562 myrtus.“
1463 2530 1497 2555 S.
1549 2528 1602 2557 Sic
1627 2529 1710 2557 Plin.

917 2574 984 2602 NH.
1032 2572 1088 2608 12,
1134 2572 1154 2601 3
1188 2573 1220 2601 in
1268 2573 1376 2601 sacris
1423 2573 1708 2608 legationibusque

919 2616 1133 2648 verbenae..
1153 2640 1160 2647 .
1191 2619 1240 2647 Ac
1257 2626 1388 2653 semper
1414 2626 1431 2646 e
1455 2619 1583 2656 legatis,
1611 2628 1708 2654 quum

917 2665 956 2693 ad
988 2666 1101 2693 hostes
1131 2664 1389 2699 clarigatumque
1415 2664 1634 2701 mitterentur,
1678 2667 1708 2695 id

919 2715 986 2747 est,
1026 2718 1081 2738 res
1119 2714 1231 2744 raptas
1273 2712 1359 2738 clare
1393 2710 1585 2747 repetitum,
1626 2720 1709 2741 unus

919 2756 1030 2790 utique
1055 2752 1281 2784 verbenarius
1309 2758 1503 2785 vocabatur.
1553 2756 1599 2786 Cf.
1627 2765 1710 2792 quae

918 2806 1027 2830 narrat
1051 2801 1121 2828 Liv.
1150 2798 1179 2837 1,
1206 2799 1249 2829 24
1277 2806 1307 2829 et
1337 2799 1391 2838 30,
1417 2799 1470 2830 43.
1520 2802 1623 2831 Aliter
1656 2811 1710 2839 ap.

920 2848 958 2875 Η.
984 2847 1018 2875 C.
1046 2845 1074 2881 l,
1102 2845 1152 2882 19,
1180 2844 1230 2875 14.
1261 2845 1293 2884 4,
1320 2845 1372 2883 11,
1397 2846 1428 2875 6.
1473 2848 1589 2876 Medici
1613 2850 1709 2879 etiam

918 2892 1052 2920 frondes
1078 2893 1229 2921 salubres
1256 2889 1424 2922 verbenas
1447 2893 1596 2923 dixerunt
1620 2897 1698 2925 Cels

917 2937 949 2975 ⁶2,
978 2935 1032 2966 33.

966 2992 1040 3023 121.
1063 2992 1181 3035 pilata
1212 2992 1382 3036 agmintu
1430 2995 1506 3031 pilis
1539 2996 1710 3038 instruc-ta,
