2023 3350
209 161 288 199 192
785 158 820 189 P.
846 158 1044 191 VIRGILII
1067 160 1277 194 MARONIS

205 271 380 312 Italiam
408 269 564 323 Lyciae
601 269 765 309 iussere
804 282 1028 322 capessere
1063 275 1213 313 sortes.

204 329 285 369 Hic
322 341 461 376 amor,
502 325 609 366 haec
646 326 791 378 patria
831 330 907 367 est.

977 327 1021 368 Si
1056 331 1099 369 te
1135 329 1409 384 Carthaginis
1444 345 1565 373 arces

203 384 478 426 Phoenissam
514 382 785 436 Libycaeque
821 382 1051 436 adspectus
1085 385 1247 427 detinet
1282 387 1413 439 urbis,

204 442 320 491 Quae
355 439 529 480 tandem
565 440 756 481 Ausonia
798 439 984 482 Teucros
1026 442 1247 484 considere
1279 448 1398 486 terra

202 498 368 539 Invidia
406 500 470 538 est
481 497 500 536 Ῥ

561 496 618 537 Et
652 510 730 538 nos
764 496 830 538 fas
867 501 1014 539 extera
1050 512 1256 552 quaerere
1294 515 1438 554 regna.

1760 503 1843 542 350

202 555 270 595 Me
308 554 445 608 patris
484 553 719 605 Anchisae,
757 555 957 607 quotiens
992 555 1266 598 humentibus
1303 559 1465 600 umbris

202 607 300 653 Nox*
332 611 473 664 operit
506 614 664 662 terras,
708 612 907 665 quotiens
944 617 1063 654 astra
1099 613 1226 666 ignea
1264 619 1456 669 surgunt,

200 669 414 710 Admonet
447 668 492 709 in
527 669 685 709 somnis
725 672 768 709 et
811 669 988 711 turbida
1028 674 1163 711 terret
1200 671 1366 725 imago;

200 726 269 768 Me
305 740 412 780 puer
444 726 653 767 Ascanius
693 726 932 779 capitisque
963 727 1121 768 iniuria
1154 729 1256 780 cari,

202 784 337 834 Quem
372 797 504 836 regno
539 782 776 837 Hesperiae
809 783 964 826 fraudo
1001 788 1043 826 et
1079 784 1289 827 fatalibus
1328 785 1454 827 arvis.

1762 789 1843 829 355

198 842 321 882 Nunc
356 841 485 882 etiam
515 840 727 894 interpres
765 839 929 893 divom,
969 842 1070 883 Iove
1108 843 1262 884 missus
1303 843 1357 884 ab
1390 843 1484 897 ipso
1525 868 1582 874 —

199 899 349 939 Testor
386 901 617 951 utrumque
653 902 784 952 caput
824 923 880 928 —
917 899 1076 941 celeres
1110 900 1318 942 mandata
1355 915 1432 954 per
1471 914 1600 942 auras

198 955 375 997 Detulit.

445 956 543 1009 Ipse
584 955 710 996 deum
750 955 979 998 manifesto
1017 957 1062 998 in
1098 957 1257 999 lumine
1296 958 1384 999 vidi

198 1014 437 1054 intrantem
474 1027 637 1063 muros,
676 1026 911 1066 vocemque
945 1014 1012 1055 his
1049 1014 1226 1056 auribus
1261 1015 1398 1057 hausi.

197 1071 353 1111 Desine
389 1083 544 1123 meque
582 1070 669 1111 tuis
704 1070 932 1112 incendere
967 1075 1095 1126 teque
1137 1072 1344 1126 querelis,

197 1128 370 1169 Italiam
401 1141 487 1168 non
519 1130 670 1180 sponte
710 1141 877 1181 sequor.

1759 1072 1842 1111 360

313 1184 435 1225 Talia
468 1184 678 1225 dicentem
718 1185 969 1227 iamdudum
1009 1199 1159 1228 aversa
1197 1189 1355 1238 tuetur,

197 1242 294 1283 Huc
328 1242 429 1283 illuc
464 1241 637 1283 volvens
680 1242 843 1295 oculos,
878 1246 1107 1297 totumque
1141 1247 1337 1297 pererrat

196 1383 420 1411 Clazomenae
460 1383 581 1411 civitas
624 1387 674 1411 est
714 1383 827 1411 Asiae.
894 1385 994 1413 qula

195 1429 281 1455 lianc
306 1435 446 1464 „nemus
479 1433 529 1457 est
557 1430 761 1463 Grynaeum,
793 1429 846 1457 uhi
870 1430 991 1464 Apollo

195 1474 322 1501 colitur.
372 1475 451 1501 Inde
475 1481 552 1507 ergo
583 1481 670 1502 nunc
702 1474 869 1508 epitheton
894 1475 993 1511 dedit,

194 1519 271 1546 licet
311 1519 344 1546 in
375 1520 457 1547 Delo
492 1520 658 1553 acceperit
699 1519 906 1549 oraculum.“
959 1523 991 1549 S.

194 1565 258 1598 Ap.
296 1565 395 1592 Paus.
441 1563 477 1601 l,
515 1563 577 1599 21,
614 1564 634 1591 9
681 1567 836 1599 templum
876 1566 992 1594 dicitur

199 1606 407 1646 Γρυνιαῖον.
468 1602 624 1648 Γρύνεια
657 1611 810 1645 oppidum
842 1611 990 1640 Aeolidis

195 1654 310 1682 dicitur
342 1661 393 1689 ap.
422 1656 540 1683 Herod.
580 1653 615 1693 l,
649 1654 724 1684 149.
781 1657 905 1690 Grynia
938 1664 989 1691 ap.

194 1700 276 1727 Plin.
307 1702 343 1728 N.
368 1701 406 1728 H.
433 1700 470 1737 5,
500 1699 561 1736 30,
593 1698 636 1727 32
668 1701 762 1737 „Fuit
793 1706 824 1729 el
857 1703 991 1739 Grynia,

194 1753 280 1773 nunc
300 1750 422 1774 lantum
447 1749 594 1780 portuss*
642 1747 731 1774 Idem
753 1747 904 1781 oppidum
923 1749 991 1776 Ae-

194 1791 289 1818 olidis
319 1783 471 1828 Γρύνιον
495 1791 611 1819 dicitur
636 1798 655 1819 a
678 1793 826 1826 Xenopli.
849 1794 933 1821 Hell.
958 1793 989 1830 3,

198 1834 230 1872 l,
256 1835 292 1872 6,
329 1835 380 1863 ubi
406 1843 424 1864 3
448 1836 661 1870 Τιιίιυὴιοηθ,
693 1841 723 1865 et
751 1838 845 1865 Diod.
877 1837 931 1875 17,
957 1838 989 1875 7,

193 1881 244 1908 ubi
271 1888 290 1909 a
308 1881 525 1909 Parmenione
551 1882 584 1909 vi
601 1887 701 1916 capta
725 1883 859 1918 dicitur;
886 1884 916 1911 is
940 1883 990 1911 in-

192 1928 287 1954 colas
326 1927 479 1954 vendidil.
547 1929 678 1955 Factum
723 1928 771 1964 id,
815 1934 988 1963 antequam

193 1973 384 2000 Alexander
410 1972 440 2000 in
459 1972 576 2000 Asiam
604 1973 743 2001 transiit.
793 1976 909 2002 Strabo
938 1972 989 2009 13,

190 2016 211 2045 3
242 2013 427 2055 πολίχνιον
467 2011 623 2055 Γρύνιον
651 2013 712 2046 καὶ
744 2013 844 2056 ἱερὸν
872 2011 990 2048 Ἀπόλ-

190 2058 304 2095 λωνος
330 2057 392 2090 καὶ
420 2060 594 2099 μαντεῖον
622 2054 780 2101 ἀρχαῖον
809 2059 872 2092 καὶ
899 2058 991 2099 νεὼς

190 2100 388 2145 πολυτελὴς
408 2102 519 2135 λίθου
543 2104 684 2136 λευκοῦ.

235 2150 312 2179 346.
343 2149 470 2190 Lyciae
496 2154 604 2181 sortes
631 2152 671 2181 cf.
701 2151 775 2182 143.
804 2169 849 2173 —
883 2155 988 2189 Quum

190 2197 286 2225 etiam
316 2198 461 2226 sortibus
494 2198 651 2226 ducendis
683 2199 806 2233 antiqui
840 2202 987 2228 solerent

188 2241 298 2270 futura
336 2243 528 2279 exquirere,
569 2248 676 2273 sorles
717 2245 814 2273 etiam
849 2247 986 2274 oracula

188 2288 274 2317 dicta
305 2293 380 2316 sunt
413 2288 452 2317 cf.
482 2288 547 2317 Cic.
578 2289 652 2318 Div.
680 2288 718 2325 2,
751 2289 810 2326 33,
843 2290 888 2318 70
911 2298 985 2320 sor-

186 2334 237 2362 tes
257 2341 328 2369 eae,
355 2341 444 2372 quae
464 2331 653 2372 (lincuntur,
679 2344 748 2364 non
771 2333 870 2371 illae,
895 2344 985 2375 quae

186 2375 440 2408 vaticinatione
463 2376 688 2417 funduntur,
719 2388 808 2420 quae
837 2378 983 2410 oracula

186 2421 303 2452 verius
329 2421 485 2453 dicimus.
538 2426 589 2452 Ita
615 2427 724 2454 sortes
748 2424 825 2453 377.
866 2425 903 2463 6,
927 2425 980 2454 72.

186 2468 218 2505 7,
243 2467 319 2497 254.
346 2468 412 2498 269
440 2474 471 2497 et
497 2476 549 2504 ap.
577 2471 770 2507 scriptores,
795 2475 826 2499 ut
851 2471 921 2499 Liv.
947 2471 981 2507 5,

187 2513 228 2542 15
262 2511 384 2543 Patres
409 2511 607 2550 decrevere,
638 2513 778 2556 legatos
805 2518 981 2555 sortesque

185 2557 320 2588 oraculi
347 2556 485 2599 Pythici
518 2558 773 2600 exspectandas
805 2565 836 2589 et
871 2560 903 2598 1,
936 2560 980 2589 56

184 2611 351 2643 responsa
379 2603 522 2634 sortium
557 2610 607 2635 est
641 2607 681 2634 de
706 2607 875 2641 Apollinis
902 2607 981 2635 Del-

186 2650 271 2683 phici
296 2658 470 2685 responso.
496 2652 538 2679 al.
565 2666 610 2671 -
640 2649 827 2690 Capessere
851 2654 980 2681 terram

186 2699 237 2722 est
261 2701 370 2728 petere
396 2696 624 2731 navigatione;
651 2697 697 2724 ila
720 2696 757 2733 5,
783 2696 861 2726 703.
912 2697 979 2726 Cic.

184 2740 249 2767 Au.
285 2740 333 2775 lo,
358 2740 378 2768 9
410 2738 569 2771 Melitam
595 2739 710 2782 igitur
737 2750 982 2782 capessamus,-

186 2789 217 2811 ιιι
249 2785 362 2813 tenere
393 2791 443 2815 est
473 2787 560 2815 viam
592 2788 623 2815 in
655 2791 774 2815 terram
800 2793 911 2816 tenere
938 2788 977 2816 cf.

186 2829 245 2857 ov.
266 2832 341 2858 Met.
368 2830 399 2866 3,
423 2831 491 2860 690
514 2829 618 2861 Diam
645 2834 732 2861 tene.
780 2835 849 2868 Quo
869 2838 977 2862 autem

184 2874 253 2902 iure
292 2879 324 2902 tu
363 2883 446 2908 quae
484 2885 571 2905 novo
610 2881 664 2906 tuo
701 2886 803 2913 regno
840 2880 978 2916 gaudes,

183 2919 260 2947 mihi
289 2919 433 2957 invides,
471 2923 526 2956 qui
562 2930 670 2951 meum
705 2928 779 2958 pelo
820 2924 886 2953 sato
922 2925 979 2952 de-

182 2964 302 2992 bitum?

228 3008 303 3038 350.
334 3007 474 3039 Invidia
505 3016 554 3040 est
594 3021 620 3041 c.
655 3013 709 3041 inf.
748 3013 787 3042 cf.
821 3013 859 3050 5,
891 3012 976 3049 6383

182 3061 256 3081 nam
282 3051 437 3085 invidere
458 3057 553 3085 etiam
576 3058 630 3086 inf.
656 3059 796 3087 assumit
817 3060 875 3088 Ov.
900 3062 976 3088 Met.

1039 1381 1077 1421 4,
1104 1383 1168 1412 157
1200 1380 1359 1424 componi
1391 1380 1524 1412 tumulo
1553 1391 1621 1412 non
1646 1379 1839 1412 invideatis

1040 1426 1168 1458 eodem.

1085 1474 1161 1503 351.
1189 1476 1238 1503 Ad
1266 1482 1331 1503 rem
1357 1476 1396 1503 ab
1425 1474 1593 1511 omnibus,
1626 1473 1680 1507 qui
1706 1473 1837 1508 quidem

1037 1520 1116 1548 iusti
1143 1520 1222 1557 sint,
1257 1527 1456 1549 concessam
1486 1522 1635 1547 hortatur
1659 1527 1710 1546 me
1740 1522 1837 1546 noctu

1040 1570 1149 1601 pater,
1176 1568 1323 1594 hortatur
1347 1566 1448 1594 filius.
1476 1567 1623 1593 hortatur
1642 1564 1799 1599 Iuppiter.

1084 1610 1162 1640 353.
1188 1608 1331 1640 turbida
1357 1609 1479 1651 imago
1505 1607 1718 1647 (verstbrt),
1750 1610 1835 1643 quod

1039 1656 1138 1693 timet,
1164 1664 1205 1685 ne
1227 1657 1312 1685 filius
1334 1656 1436 1685 falum
1458 1656 1601 1690 negligat
1623 1660 1677 1684 aut
1701 1655 1835 1683 omittat.

1085 1700 1161 1730 354.
1191 1699 1342 1731 Ascanio
1376 1704 1460 1730 haec
1486 1708 1523 1729 se
1552 1701 1659 1728 onmia
1682 1702 1835 1730 laborare

1038 1747 1126 1783 dicit,
1153 1751 1183 1775 ut
1209 1754 1229 1775 a
1258 1756 1295 1775 se
1320 1751 1486 1775 removeat
1514 1747 1739 1780 suspicionem
1765 1753 1836 1774 am-

1037 1793 1187 1827 bitionis,
1222 1800 1318 1827 quam
1355 1792 1450 1821 nefas
1485 1796 1554 1820 erat
1583 1791 1727 1820 amicitia
1755 1799 1835 1821 esse

1037 1838 1207 1873 potiorem.
1298 1840 1302 1842 ’

1083 1882 1160 1911 356.
1187 1881 1358 1922 interpres
1385 1879 1501 1911 divom
1526 1882 1567 1910 cf.
1598 1881 1655 1919 10,
1686 1881 1759 1911 175.

1082 1927 1161 1957 357.
1187 1931 1372 1966 utrumque
1415 1929 1536 1967 caput,
1582 1931 1613 1955 et
1655 1935 1761 1956 meum
1803 1932 1834 1957 et

1038 1978 1126 2002 tuum
1154 1973 1194 2001 cf.
1220 1975 1279 2002 Ov.
1310 1975 1384 2001 Her.
1411 1971 1448 2009 3,
1484 1972 1544 2001 107
1574 1980 1705 2012 perque
1736 1975 1834 2003 tumn

1037 2022 1261 2058 nostrumque
1298 2020 1414 2058 caput.
1475 2017 1522 2047 cf.
1564 2017 1641 2046 492.
1681 2018 1717 2056 9,
1756 2018 1832 2048 300.

1038 2062 1125 2093 Hele.
1153 2065 1184 2092 in
1210 2073 1245 2093 u.
1273 2072 1299 2092 c.
1322 2064 1473 2099 inlelligit
1497 2064 1678 2092 Ascanium
1706 2068 1737 2093 et
1762 2065 1832 2094 An-

1036 2111 1162 2138 chisen.

1082 2154 1158 2184 358.
1186 2152 1376 2192 manifesto
1403 2151 1439 2183 in
1465 2151 1596 2183 lumine
1623 2154 1663 2183 cf.
1690 2153 1727 2193 3,
1755 2154 1829 2184 151.

1078 2200 1155 2229 359.
1183 2208 1296 2229 vocem
1323 2196 1428 2228 hausi
1454 2197 1599 2228 auribus
1625 2200 1665 2229 cf.
1690 2199 1768 2229 661.

1079 2244 1155 2274 360.
1183 2242 1385 2275 incendere:
1426 2243 1641 2281 „exagitare“
1677 2248 1709 2274 S.
1745 2253 1829 2281 quae

1032 2293 1096 2320 duo
1117 2294 1220 2320 verba
1238 2290 1341 2318 iunxit
1361 2291 1439 2318 Sall.
1461 2291 1529 2318 Cat.
1554 2289 1609 2326 38,
1635 2290 1676 2319 cf.
1695 2291 1728 2328 5,
1750 2291 1827 2320 455.

1077 2335 1154 2365 361.
1184 2333 1326 2365 ltaliam
1355 2342 1497 2374 seqnor‚·
1524 2335 1569 2363 ita
1591 2334 1688 2375 sequi
1709 2342 1827 2366 terram

1031 2383 1175 2416 aliquam
1208 2379 1286 2409 381.
1328 2379 1368 2417 5,
1401 2379 1479 2408 629.
1539 2382 1610 2409 val.
1640 2383 1688 2410 Fl.
1725 2382 1760 2420 l,
1795 2381 1826 2411 3.

1029 2427 1217 2455 Orationem
1248 2425 1369 2455 claudit
1394 2425 1427 2454 in
1453 2433 1503 2464 eo,
1531 2426 1563 2455 in
1591 2434 1654 2461 quo
1681 2428 1828 2457 maxima

1029 2477 1080 2501 est
1106 2473 1169 2501 vis.

1320 2547 1408 2579 Dido
1458 2548 1651 2581 orationem
1685 2547 1825 2582 Aeneae

1331 2593 1518 2634 redarguit.

1074 2650 1151 2680 362.
1178 2654 1303 2681 Amans
1332 2652 1453 2681 femina
1484 2660 1649 2687 nunquam
1674 2658 1825 2683 movetur

1027 2698 1226 2735 rationibus,
1261 2705 1335 2726 nam
1363 2706 1434 2734 res,
1467 2706 1551 2732 quae
1583 2699 1616 2727 in
1645 2707 1684 2728 se
1715 2707 1823 2734 neque

1026 2744 1156 2771 modum
1182 2751 1289 2777 neque
1314 2744 1489 2772 consilium
1514 2746 1622 2781 habet,
1647 2751 1719 2773 eam
1742 2753 1823 2773 con-

1026 2788 1100 2816 silio
1120 2796 1234 2822 tegete
1258 2797 1323 2817 non
1346 2794 1449 2824 poles.
1491 2790 1604 2823 Ipsum
1624 2790 1720 2818 modo
1740 2790 1822 2818 ohli-

1026 2841 1088 2867 que
1114 2834 1273 2871 adspicit,
1309 2842 1417 2869 neque
1448 2835 1532 2862 inter
1559 2837 1659 2862 verba
1684 2835 1823 2864 Aeneae

1027 2879 1134 2914 ipsum
1160 2880 1257 2915 audit,
1285 2881 1344 2908 sed
1374 2880 1447 2913 quid
1470 2879 1532 2908 sibi
1552 2879 1740 2914 impendeat
1763 2888 1821 2909 co-

1026 2925 1121 2959 gitat;
1147 2926 1277 2953 tandem
1296 2925 1444 2959 erumpit.
1486 2924 1533 2953 ef.
1552 2925 1612 2953 Ov.
1632 2927 1708 2953 Met.
1727 2924 1758 2964 9,
1776 2925 1822 2955 27

1031 2967 1135 2998 Talia
1159 2967 1327 2999 {licentem
1351 2966 1556 2998 iamdudum
1576 2966 1706 2999 lumine
1722 2973 1821 3000 torvo

1025 3016 1169 3053 spectat.
1195 3031 1239 3034 —
1263 3011 1467 3044 iamdudum
1493 3016 1553 3051 „ab
1581 3015 1670 3044 initio
1698 3016 1819 3045 oralio-

1023 3058 1098 3088 nis“
1125 3062 1156 3089 S.

1028 2546 1094 2579 362
1110 2565 1154 2569 --
1169 2546 1246 2580 392.
