2023 3350
734 121 968 155 AENEIDOS
992 121 1077 154 LIB.
1103 121 1147 153 X.

117 241 283 286 Sternit
322 238 443 281 humi
477 236 684 290 moriens,
726 241 860 292 atque
895 237 959 280 illi
995 236 1192 292 partibus
1232 235 1381 290 aequis

116 301 213 342 Huc
252 301 384 353 caput
422 298 554 348 atque
591 294 695 337 illuc
728 296 908 338 humero
944 311 995 338 ex
1029 300 1214 349 utroque
1251 293 1467 349 pependit.

117 357 362 411 Diffugiunt
400 353 513 395 versi
543 354 717 407 trepida
750 355 980 397 formidine
1015 355 1166 405 Troes;

118 417 177 459 Et
215 416 252 457 si
290 412 490 455 continuo
525 410 734 454 victorem
770 427 820 455 ea
856 428 960 455 cura
1001 412 1198 462 subisset,

120 476 333 527 Rumpere
377 470 569 511 claustra
602 485 733 513 manu
771 472 996 525 sociosque
1030 470 1263 512 immittere
1297 468 1447 523 portis,

121 531 306 575 Ultimus
343 528 416 569 ille
455 527 545 569 dies
586 528 699 571 bello
744 531 946 584 gentique
983 529 1146 571 fuisset.

123 588 206 632 Sed
242 587 363 629 furor
401 585 624 628 ardentem
666 588 896 642 caedisque
939 589 1093 630 insana
1133 584 1288 640 cupido

119 646 222 700 Egit
250 645 295 686 in
331 642 549 686 adversos.

1691 582 1773 621 760

119 703 334 757 Principio
375 702 592 745 Phalerim
633 707 677 745 et
715 706 882 747 succiso
921 704 1087 759 poplite
1130 702 1279 756 Gygen

120 762 315 816 Excipit3
352 760 453 802 hinc
486 765 638 816 raptas
673 761 939 816 fugientibus
979 762 1141 816 ingerit
1178 761 1328 802 hastas

119 821 170 862 In
204 823 393 873 tergum:
426 819 535 860 Iuno
575 820 686 862 vires
730 823 1004 876 animumque
1044 820 1275 861 ministrat.

119 877 255 920 Addit
294 877 451 932 Halym
486 879 686 921 comitem
723 883 765 921 et
803 879 971 921 confixa
1001 879 1171 932 Phegea
1212 888 1366 930 parma

1695 873 1775 912 765

121 938 303 990 Ignaros
343 935 497 977 deinde
533 937 577 978 in
615 938 750 979 muris
790 938 1063 992 Martemque
1101 936 1259 978 cientes

127 993 477 1048 Alcandrumque
512 995 775 1049 Haliumque
809 997 1120 1050 Noemonaque
1161 991 1479 1047 Prytanimque.

124 1053 294 1107 Lyncea
326 1052 573 1095 tendentem
609 1057 761 1096 contra
801 1056 1030 1109 sociosque
1066 1054 1291 1094 vocantem

124 1110 327 1152 Vibranti
366 1110 510 1164 gladio
550 1112 758 1154 connixus
793 1112 849 1155 ab
885 1126 1042 1167 aggere
1084 1111 1234 1152 dexter

126 1169 341 1223 Occupat;
380 1169 480 1210 huic
520 1185 604 1212 uno
641 1169 854 1212 deiectum
890 1169 1128 1213 comminus
1165 1168 1257 1209 ictu

969 1227 1075 1270 Inde
1111 1226 1303 1268 ferarum

127 1227 233 1270 Cum
274 1227 399 1280 galea
437 1227 564 1282 longe
596 1229 732 1271 iacuit
767 1232 909 1284 caput.

1699 1162 1781 1201 770

124 1285 404 1327 Vastatorem
440 1286 660 1341 Amycum,
692 1302 775 1342 quo
813 1302 898 1329 non
938 1286 1109 1329 felicior
1144 1284 1256 1326 alter

124 1343 326 1398 Unguere
365 1343 456 1385 tela
494 1359 625 1386 manu
665 1344 914 1399 ferrumque
952 1357 1123 1387 armare
1157 1353 1342 1385 veneno:

125 1402 183 1444 Et
224 1401 411 1457 Clytium
449 1403 679 1455 Aeoliden,
717 1408 760 1446 et
798 1404 984 1446 amicum
1025 1400 1209 1445 Crethea
1242 1397 1399 1449 Musis3

129 1460 313 1502 Crethea
352 1460 574 1503 Musarum
611 1462 833 1511 comitem,
875 1462 942 1503 cui
978 1460 1172 1503 carmina
1206 1470 1375 1510 semper

127 1519 185 1560 Et
221 1518 416 1561 citharae
454 1519 591 1568 cordi,
630 1534 916 1574 numerosque
956 1518 1179 1561 intendere
1209 1515 1373 1564 nervis;

129 1576 306 1631 Semper
347 1591 480 1631 equos
522 1581 655 1632 atque
691 1593 812 1621 arma
847 1579 985 1620 virum
1022 1588 1275 1632 pugnasque
1316 1570 1512 1615 canebat.

246 1635 437 1678 Tandem
474 1635 675 1679 ductores
714 1637 866 1679 audita
903 1636 1036 1679 caede
1076 1647 1252 1677 suorum

177 1752 254 1783 762.
281 1755 492 1789 Persequitur
516 1762 537 1783 a
558 1763 593 1783 se
610 1756 828 1792 recendentes,
856 1763 936 1789 quo—

132 1809 203 1830 rum
228 1801 358 1835 aliquos
382 1805 593 1835 consecutus,
620 1809 718 1835 quum
742 1801 859 1835 reliqui
884 1801 937 1829 fu-

134 1851 254 1883 gerent.
287 1847 400 1875 deinde
426 1848 459 1875 in
486 1855 541 1875 eos
568 1847 670 1877 irruit,
695 1847 761 1881 qui.
787 1847 938 1875 nescien-

135 1898 183 1921 tes
218 1892 293 1926 quid
333 1900 352 1921 a
384 1897 471 1929 tergo
501 1892 603 1928 fieret,
637 1893 740 1921 muris
771 1893 803 1921 in
829 1893 938 1922 defen-

135 1939 250 1967 dendis
287 1939 435 1974 occupati
464 1943 553 1967 erant
577 1947 608 1966 v.
635 1936 712 1967 766.
740 1954 777 1958 -
806 1937 938 1967 succiso

134 1982 284 2025 poplite:
318 1986 356 2013 de
386 1993 474 2014 more
508 1985 647 2019 poplites
681 1985 868 2014 succidendi
900 1985 938 2013 cf.

141 2029 199 2066 10,
233 2027 310 2059 700.
344 2033 448 2066 „ordo
481 2035 544 2059 est:
578 2028 706 2069 circipit
739 2033 769 2060 et
795 2028 943 2060 succidit

133 2073 318 2116 poplitem,
346 2083 377 2106 111
403 2075 467 2105 537
495 2074 654 2116 postibus
679 2073 792 2105 haesit
814 2074 943 2106 adesis.

137 2123 176 2152 cs.
204 2120 281 2151 735.

183 2165 261 2197 763.
286 2171 413 2208 raptas
437 2168 478 2198 cf.
507 2166 561 2207 11,
588 2166 664 2197 651.
688 2184 725 2188 -
749 2165 877 2208 excipit
904 2167 944 2197 cf.

139 2214 169 2253 3,
192 2212 272 2242 332.

185 2258 262 2289 764.
290 2258 325 2289 ἰη
354 2262 494 2301 tergum
524 2258 672 2299 MP2ybc
707 2264 736 2289 et
772 2262 850 2289 Non.
883 2268 944 2290 rec.

147 2303 232 2347 Wg.
257 2309 381 2347 tergus
405 2304 496 2335 PlR.
523 2315 585 2336 rec.
626 2304 687 2335 Rb.
723 2322 761 2326 —
802 2304 888 2335 luno
914 2315 946 2335 υ.

142 2361 174 2381 a.
202 2361 247 2381 m.
275 2361 337 2389 „ne
359 2353 401 2382 sit
427 2353 652 2390 incongruum,
677 2361 776 2382 unum
800 2357 842 2381 tot
861 2353 947 2382 occi-

143 2399 242 2435 disse,
268 2400 320 2428 dat
345 2400 482 2428 Iunonis
507 2400 682 2429 auxilium.
733 2400 890 2428 Horatius
915 2399 948 2427 in

140 2446 223 2475 Arte
246 2446 379 2475 Poetica
396 2443 504 2481 (191)
524 2454 584 2475 nec-
606 2443 692 2474 deus
718 2443 856 2475 intersit
879 2442 950 2474 nisi

143 2488 278 2530 dignus
295 2489 435 2520 vindice
453 2489 567 2520 nodus
585 2489 783 2520 inciderit.“
811 2494 842 2520 S.
884 2493 949 2521 Nec

143 2541 280 2572 possunt
306 2538 399 2567 multi
425 2545 581 2573 superare
606 2546 710 2568 unum
733 2538 801 2567 nisi
825 2540 950 2567 Iunone

144 2591 164 2613 a
188 2584 268 2612 Iove
294 2588 447 2614 revocata
471 2593 503 2613 v.
531 2582 609 2613 805.

190 2627 267 2659 765.
294 2627 450 2658 comitem
465 2630 594 2660 occisis
608 2646 646 2650 —
662 2628 800 2670 confixa
808 2638 950 2670 parma,

145 2683 242 2711 quam
267 2676 302 2705 in
326 2680 451 2713 tergum
474 2677 641 2706 reiecerat.

195 2720 273 2751 767.
300 2723 388 2751 Idem
423 2731 455 2751 v.
483 2723 574 2751 Hom.
598 2725 636 2751 Il.
663 2722 701 2760 5,
739 2720 804 2751 678
832 2727 863 2752 et-
891 2724 951 2752 ΟΥ.

146 2771 191 2798 Μ.
221 2766 284 2807 13,
313 2766 396 2806 258,
428 2776 479 2804 ap.
518 2777 600 2804 quos
633 2770 774 2805 Ulysses
809 2777 866 2798 eos
902 2769 953 2797 in-

148 2814 269 2845 terficit.

196 2858 274 2890 768.
300 2862 455 2897 Lynceus
487 2861 520 2889 in
559 2868 676 2897 aggere
699 2869 865 2890 murorum
894 2859 954 2896 (cf.

151 2904 207 2945 10,
234 2905 298 2944 24]
325 2912 440 2944 stans,
478 2915 514 2936 se
547 2907 742 2937 defensurus
769 2912 833 2945 est,
857 2907 957 2937 simul

152 2954 238 2984 alios
264 2955 302 2984 ad
330 2954 496 2983 auxilium
521 2954 671 2983 advocat.

197 2998 275 3030 770.
302 2997 502 3038 „desectum
526 2996 568 3039 yl
591 3004 626 3029 ut
642 2997 674 3036 8,
700 2996 788 3028 438ιι
808 3007 873 3028 rec.
893 2995 958 3028 Rb.

153 3043 325 3076 deiectam
345 3044 491 3086 MPy2bc
515 3055 579 3076 rec.
613 3042 698 3086 urg·
746 3047 797 3075 Ita
820 3045 880 3074 Sil.
906 3041 960 3084 13,

983 1751 1049 1782 246
1092 1750 1271 1782 Deiectum
1288 1747 1452 1790 protinus
1476 1756 1556 1778 ense
1581 1745 1664 1777 Cum
1680 1744 1790 1788 galea

985 1797 1091 1837 longe
1114 1795 1222 1827 iacuit
1245 1798 1361 1836 caput.
1386 1810 1423 1816 ——
1450 1796 1524 1831 „Ad
1546 1794 1791 1829 exprimendam

985 1846 1184 1875 celeritatem
1217 1843 1389 1879 praeterito
1420 1848 1502 1870 usus
1536 1845 1585 1869 est
1617 1839 1792 1875 tentpore.“

987 1894 1018 1921 S.
1048 1907 1085 1911 —
1115 1892 1262 1929 occupat
1286 1889 1325 1918 cf.
1354 1885 1407 1923 10,
1434 1885 1510 1916 699.

1032 1935 1110 1966 771.
1132 1935 1294 1974 ferarum
1323 1935 1536 1963 vastatorem
1563 1933 1604 1962 cf.
1631 1930 1660 1969 1,
1688 1929 1764 1960 471.

1033 1982 1110 2012 772.
1132 1979 1280 2020 felicior
1321 1978 1497 2016 ..118111101-ιι
1545 1981 1576 2008 S.
1650 1980 1794 2008 Fortuna

991 2031 1078 2059 enim
1104 2029 1216 2064 quivis
1240 2036 1375 2057 necesse
1391 2030 1439 2055 est
1464 2026 1649 2060 adiuvetur,
1674 2026 1704 2054 si
1723 2026 1795 2054 vult

988 2076 1112 2111 aliquid
1137 2075 1296 2110 perficere.
1331 2070 1429 2102 Felix
1455 2082 1481 2102 c.
1508 2072 1564 2101 inf.
1593 2072 1631 2102 cf.
1659 2071 1690 2109 4,
1715 2069 1792 2100 564.

1035 2120 1113 2150 773.
1134 2120 1271 2159 ferram
1324 2126 1463 2147 armare
1510 2127 1653 2147 veneno.
1735 2119 1796 2153 „Et

990 2176 1120 2197 veneno
1145 2173 1284 2195 armare
1310 2170 1339 2194 et
1364 2163 1500 2201 ferrum
1527 2172 1666 2193 armare
1690 2168 1796 2193 trans—

989 2215 1071 2243 latio
1097 2211 1166 2243 est“
1206 2212 1312 2247 Quint.
1337 2209 1374 2247 8,
1398 2208 1435 2246 6,
1465 2208 1505 2238 12
1530 2208 1649 2246 (733).
1677 2210 1714 2239 cf.
1744 2208 1796 2246 10,

991 2258 1057 2289 140
1085 2257 1241 2288 calamos
1264 2264 1405 2286 armare
1425 2264 1573 2290 veneno,
1599 2261 1628 2286 et
1656 2253 1709 2292 12,
1730 2253 1796 2284 857

992 2303 1131 2347 sagitta
1167 2305 1308 2332 armata
1345 2299 1435 2340 felle
1474 2299 1609 2331 veneni.
1657 2303 1705 2331 De
1739 2305 1799 2332 hoc

992 2343 1080 2383 moise
1105 2352 1144 2382 cf.
1174 2348 1227 2385 10,
1255 2347 1330 2377 140.
1359 2364 1397 2368 -
1424 2356 1531 2376 mam,
1556 2348 1595 2378 cf.
1623 2345 1654 2383 4,
1673 2346 1750 2377 344.

1041 2397 1119 2427 775.
1147 2400 1315 2426 Musarum
1345 2394 1492 2424 comitem
1518 2394 1566 2423 ita
1592 2396 1683 2423 Hom.
1708 2397 1798 2430 hym.

996 2444 1036 2474 32
1072 2445 1126 2480 (in
1159 2442 1306 2478 Lunam]
1341 2446 1423 2471 extr.
1458 2432 1583 2470 οἷοιδοί
1608 2433 1800 2469 Μουσάων

995 2484 1236 2527 θεράποντες.
1262 2503 1308 2508 -
1339 2485 1404 2515 Cui
1424 2495 1450 2515 c.
1469 2495 1495 2515 c.
1515 2488 1627 2519 crant.
1651 2486 1698 2514 ita
1719 2487 1801 2516 libe-

995 2538 1080 2567 riore
1112 2540 1277 2565 structura
1303 2534 1468 2563 enuntiato
1499 2532 1638 2561 relativo
1663 2534 1802 2562 alterum

996 2584 1172 2613 relativum
1188 2582 1388 2610 adiunctum.
1414 2588 1478 2608 non
1492 2582 1712 2608 constructum
1728 2588 1802 2608 cum

996 2631 1113 2666 priore,
1147 2629 1194 2657 ita
1218 2632 1252 2657 ut
1274 2636 1306 2656 v.
1334 2623 1400 2653 777
1427 2634 1483 2660 per
1515 2633 1550 2654 se
1575 2629 1708 2654 constet.
1753 2625 1800 2654 Cf.

1000 2674 1051 2710 12,
1077 2673 1153 2703 944.

1042 2719 1120 2749 776.
1145 2726 1326 2749 numeros.-
1355 2719 1405 2746 Ita
1424 2719 1492 2753 Ecl,
1509 2714 1539 2754 9,
1567 2713 1609 2745 45
1635 2713 1805 2747 Numeros

998 2764 1154 2801 memini.
1183 2762 1212 2793 si
1236 2761 1343 2793 verba
1369 2766 1531 2792 tenerem.

1045 2810 1124 2841 777.
1151 2812 1223 2841 eiic.
1257 2807 1317 2839 m.

1002 2855 1209 2889 ‘ms—818.
1258 2854 1399 2884 Turnus
1433 2851 1574 2884 tandem
1601 2860 1619 2883 a
1645 2851 1805 2884 Troianis

1163 2901 1200 2933 in
1224 2899 1381 2932 Tiberim
1410 2897 1644 2940 compellitur.

1049 2949 1125 2980 778.
1154 2946 1281 2979 audita
1298 2945 1425 2977 caede.-
1439 2950 1579 2985 „Servat
1595 2940 1637 2976 τὸ
1656 2940 1806 2986 πρέπον,

1006 3007 1046 3028 ne
1076 2996 1304 3034 praesentibus
1336 2994 1472 3024 ducibus
1494 2995 1626 3024 Turnus
1651 2997 1696 3023 tot
1720 2997 1808 3023 stra-

1009 3052 1067 3082 ges
1093 3044 1212 3074 fecisse
1235 3037 1420 3071 videaturf‘
1446 3043 1479 3070 S.
