2023 3350
244 143 327 182 264

812 139 850 171 Ρ.
875 138 1074 171 VIRGILII
1100 138 1313 173 MARONIS

242 254 456 296 Abstrusa
488 252 532 292 in
565 251 682 293 venis
716 250 867 303 silicis3
910 265 1013 304 pars
1047 252 1180 294 densa
1216 253 1407 294 ferarum

242 311 374 352 Tecta
413 309 547 362 rapit,
598 308 749 359 silvas,
793 308 1052 362 inventaque
1086 309 1263 351 fiumina
1301 312 1525 351 monstrat.

242 369 299 409 At

340 367 435 420 pius
468 366 633 406 Aeneas
673 378 810 417 arces,
860 365 1015 419 quibus
1056 367 1169 408 altus
1211 367 1368 421 Apollo

242 423 484 473 Praesidet,
533 421 863 475 horrendaeque
903 423 1058 476 procul
1096 428 1264 470 secreta
1305 424 1506 478 Sibyllae,

1839 423 1890 462 10

241 483 427 523 Antrum
462 479 666 530 immane,
708 481 838 533 petit,
880 494 1083 534 magnam
1119 481 1188 521 eui
1218 485 1405 523 mentem
1442 482 1719 533 animumque

242 538 390 579 Delius
430 536 616 590 inspirat
648 540 770 578 vates
811 538 1038 591 aperitque
1071 537 1230 579 futura.

242 595 336 636 Iam
374 594 559 635 subeunt
593 593 762 636 Triviae
798 595 920 636 lucos
959 598 1089 649 atque
1128 609 1260 636 aurea
1295 597 1424 637 tecta.

357 651 598 703 Daedalus,
642 655 691 693 ut
721 652 838 694 fama
875 655 960 705 est,
1002 652 1169 707 fugiens
1207 653 1373 694 Minoia
1408 666 1554 707 regna,

241 813 352 845 silicis
366 813 462 845 venis
483 813 679 845 abstrusum
706 814 905 847 extruderet
925 814 1046 858 ignem

241 864 346 891 bomo.
666 859 667 862 ’

286 904 318 936 8.
347 903 459 944 Rapit
503 910 551 935 est
594 908 741 936 celeriter
784 909 962 947 percurrit,
1012 913 1046 938 ut

241 949 359 981 acrior
393 953 425 981 et
458 959 621 991 campum
657 950 795 992 sonipes
831 953 928 994 rapit
965 957 1044 984 Stat.

241 998 339 1027 Theb.
356 997 387 1034 5,
405 995 423 1025 3
449 1001 478 1026 et
502 1005 585 1033 quae
601 999 641 1027 ad
668 997 694 1036 1,
709 996 774 1027 418
798 1005 828 1029 et
846 997 997 1040 rapidus
1018 999 1044 1039 1,

241 1041 318 1072 644.
375 1044 437 1072 Sed
469 1048 555 1073 recte
584 1047 794 1073 observatum
832 1051 895 1083 est,
935 1044 1045 1075 silvae

241 1090 360 1117 densas
384 1086 500 1125 rumpi
525 1090 632 1123 potius
658 1098 754 1125 quam
771 1089 872 1131 rapi:
893 1089 1046 1132 rapidae

241 1134 419 1163 celeritatis
450 1134 495 1162 ibi
528 1140 716 1169 potestatem
746 1144 809 1164 non
840 1137 920 1166 dari.
975 1140 1046 1167 Iam

246 1188 324 1208 vero
350 1187 434 1214 quae
466 1184 569 1214 potest
595 1188 716 1210 caussa
741 1183 874 1216 reperiri
900 1187 965 1211 tam
992 1190 1046 1212 ra-

242 1225 308 1259 pidi
336 1234 390 1260 per
416 1225 524 1253 silvas
551 1234 684 1263 cursus,
733 1228 842 1256 statim
876 1232 1046 1262 postquam

241 1272 457 1305 appulerunt?
505 1272 593 1305 Quod
615 1273 644 1300 si
677 1270 764 1312 Wg.
788 1280 913 1312 rapere
937 1271 1047 1303 silvas

240 1317 382 1350 explicat
411 1313 578 1355 colligere
600 1315 760 1346 arborum
789 1315 913 1356 ligna,
936 1328 1047 1348 exem-

241 1362 305 1396 plis
329 1370 392 1390 non
417 1364 538 1396 probat.
587 1364 638 1392 Ac
670 1372 710 1392 ne
738 1363 766 1391 is
792 1364 919 1398 quidem
954 1367 1044 1394 tecta

234 1405 400 1444 ferorum
429 1415 486 1436 cur
517 1409 666 1437 dicantur
692 1411 722 1437 11.
754 1410 795 1444 1.,
827 1418 885 1438 nec
911 1418 966 1439 cur
987 1412 1045 1439 ad—

241 1453 335 1481 datur
356 1454 530 1488 epexegesi
556 1451 676 1489 silvax,
705 1455 787 1483 satis
808 1455 964 1491 ieiunum,
988 1465 1045 1491 po-

242 1498 312 1527 terit
352 1499 528 1533 explicare.
592 1500 700 1528 Aliter
732 1508 764 1528 v.
802 1498 862 1528 179
900 1498 975 1529 Itur
1009 1499 1045 1530 in

242 1541 425 1582 antiquam
453 1542 591 1579 silvam,
615 1542 757 1574 stabula
777 1543 852 1574 alta
876 1545 1044 1581 ferarum.

242 1589 366 1618 Deinde
387 1590 450 1618 sibi
475 1590 615 1619 invicem
636 1596 812 1620 monstram
836 1591 968 1621 flumina
991 1593 1040 1621 in-

242 1639 356 1670 venta,
383 1636 437 1663 sed
464 1638 542 1664 cur?
590 1637 690 1665 Iidem
717 1637 771 1671 qui
801 1634 910 1665 silvas
934 1639 1040 1673 expli-

241 1685 291 1709 cat
319 1678 439 1721 ligna,
464 1683 494 1709 11.
522 1682 542 1709 l.
569 1681 752 1718 intelligunt
778 1690 907 1717 aquam,
932 1688 965 1712 ut
990 1686 1040 1712 la-

240 1730 358 1754 ventur
395 1730 427 1754 et
469 1727 555 1755 alios
597 1729 637 1755 ad
679 1735 760 1756 usus
800 1729 1039 1758 necessariam!

240 1772 351 1806 Neque
375 1771 455 1800 alibi
475 1769 505 1808 7,
533 1769 594 1799 1:30
617 1781 676 1807 sq.,
704 1774 758 1801 ubi
783 1774 825 1801 ad
849 1777 967 1803 terram
991 1775 1040 1803 fa—

240 1817 282 1844 tis
317 1817 381 1845 sibi
414 1825 602 1846 concessam
635 1826 671 1847 se
704 1819 894 1852 pervenisse
920 1820 1041 1849 intelli-

240 1866 334 1898 gunt,
360 1867 525 1897 tantopere
547 1863 719 1899 festinant;
757 1865 811 1892 sed
839 1870 964 1899 postero
989 1866 1041 1895 (lie

241 1907 327 1936 iubet
352 1916 409 1943 per
433 1914 537 1937 certos
562 1910 708 1938 homines
732 1910 842 1938 ordine
869 1912 1042 1945 exquirere

240 1954 388 1989 regiones
420 1955 564 1983 Aeneas,
622 1956 716 1984 Certe
753 1958 813 1985 hoc
851 1957 919 1985 loco
959 1957 1042 1985 satis

240 2003 359 2028 temere
389 2000 422 2027 in
454 2004 539 2028 terra
569 2000 679 2036 ignota
712 2001 862 2029 omnibus
891 2010 927 2031 se
956 2003 1040 2037 peri—

240 2045 326 2073 culis
367 2053 526 2079 opponere
567 2046 728 2075 videntur.
797 2048 903 2075 Multa
944 2048 1042 2084 igitur

240 2094 315 2118 sunt
339 2090 373 2118 in
398 2091 450 2118 his
477 2091 647 2127 versibus,
685 2099 768 2126 quae
793 2094 962 2122 emendare
988 2095 1042 2122 de-

240 2137 333 2164 bebat
360 2141 462 2170 poeta.
498 2139 606 2170 Neque
627 2137 753 2166 mirum.
782 2139 935 2174 Singulos
956 2148 1043 2168 com-

240 2186 391 2215 posuerat
416 2182 489 2215 Vgl.
516 2183 634 2219 libros,
665 2191 745 2217 quos
770 2186 943 2220 cogebatur
966 2185 1041 2213 iun-

240 2234 331 2262 gere,
370 2228 425 2255 sed
450 2227 600 2256 iunctura
631 2236 861 2263 nonnunquam
886 2230 1040 2267 difficilis,

240 2272 471 2308 conglutinatio
500 2274 607 2307 potins
630 2282 725 2308 (litam
751 2275 945 2311 coniunctio,
971 2281 1042 2305 arte

239 2325 302 2345 non
340 2318 457 2352 spiritu
491 2319 614 2353 poetico
650 2319 807 2349 facienda.
864 2318 913 2349 ΡΙ.
944 2322 1042 2358 igitur

239 2363 333 2392 eiecit
360 2361 388 2392 1.
417 2362 535 2402 3—-8,
574 2365 672 2393 etiam
697 2367 778 2400 quod
804 2366 913 2395 simile
937 2371 984 2396 est
1013 2365 1040 2404 1,

240 2405 303 2436 17⁴
331 2417 399 2443 sqq.

287 2453 316 2482 9.
344 2454 449 2483 Sociis
480 2455 568 2484 circa
598 2456 720 2484 viliora
757 2457 924 2492 occupatis
960 2453 1042 2496 pius

240 2497 377 2528 Aeneas
402 2502 556 2534 templum
584 2501 677 2535 petit,
706 2510 828 2530 memor
854 2503 996 2531 mandati
1021 2509 1042 2530 a

239 2549 330 2579 patre
360 2546 492 2580 accepti.
543 2547 586 2574 At
618 2548 717 2575 inulto
752 2547 879 2583 dignior
910 2552 957 2576 est
990 2548 1042 2576 liic

239 2598 377 2626 versus,
412 2591 467 2626 qui
497 2592 594 2620 totius
621 2592 696 2620 libri
730 2593 771 2621 sit
802 2593 961 2627 princeps.
1000 2608 1038 2612 —-

239 2643 338 2664 arces
362 2636 383 2665 i.
409 2645 435 2665 e.
462 2641 600 2666 montem
623 2637 662 2666 cf.
691 2635 721 2672 2,
745 2636 822 2666 322.
860 2653 898 2657 —
938 2635 1042 2667 Altus

238 2682 358 2715 Apollo
387 2682 451 2711 dici
479 2687 580 2717 potest
609 2687 639 2711 et.
664 2687 792 2718 propter
816 2684 960 2711 numinis
985 2692 1042 2718 po-

239 2727 371 2755 tentiam
397 2732 425 2756 et
453 2728 657 2765 dignitatem,
695 2728 811 2763 (idque
835 2730 958 2764 placem
997 2730 1043 2757 ita

240 2769 292 2800 1⁰.
317 2770 382 2800 875
413 2773 529 2802 dicitur
555 2771 650 2802 altus
677 2771 814 2812 Apollo.
855 2776 913 2803 Ov.
941 2776 983 2802 M.
1012 2773 1041 2809 3,

239 2814 303 2844 284
342 2815 572 2857 Quantumque
598 2821 628 2847 et
661 2816 779 2856 qualis
809 2816 851 2847 ab
877 2818 954 2847 alta
986 2817 1040 2848 Iu-

237 2870 327 2890 none
359 2860 542 2901 excipitur.
592 2865 680 2892 Pont.
709 2862 744 2901 2,
773 2863 803 2901 3,
827 2862 868 2891 63
908 2862 1039 2893 Caesar

239 2904 354 2942 altus)
401 2912 430 2935 et
471 2910 511 2936 ad
558 2909 727 2939 simulacri
774 2910 1036 2946 magnitudinem,

238 2953 320 2985 quod
351 2957 486 2982 testatur
519 2954 670 2989 Caelius,
710 2955 765 2989 qni
793 2956 830 2983 de
862 2957 945 2983 bello
971 2957 1037 2984 Pu-

238 2996 310 3024 nico
336 2999 476 3027 secundo
503 3000 633 3033 scripsit
664 3000 785 3037 fuisse,
819 3002 940 3037 „altum
973 3009 1034 3030 non

239 3041 347 3070 minus
373 3045 469 3078 pedes
495 3045 712 3078 mundemur&

1143 816 1192 848 to.
1224 814 1430 847 Horreudae
1454 814 1705 853 „venerantlae“
1733 818 1765 845 S.
1802 821 1835 847 ut
1863 814 1894 855 7,

1094 862 1176 899 172;
1212 869 1241 893 et
1275 866 1427 892 metuere
1459 867 1488 892 et
1518 863 1669 892 venerari
1705 864 1765 892 Ov.
1791 865 1835 892 M.
1867 862 1893 898 l,

1093 909 1176 945 323,
1204 914 1237 939 ut
1261 910 1336 938 Liv.
1364 907 1417 945 22,
1444 907 1462 937 3
1488 911 1644 938 metuens
1671 905 1833 944 deorum3
1865 914 1896 938 et

1092 956 1205 992 religio
1231 959 1325 984 terret
1351 956 1434 983 Aen.
1458 952 1490 991 8,
1516 951 1599 990 3493
1641 954 1687 982 ita
1717 955 1827 983 melus
1857 956 1895 983 dc

1094 1001 1303 1031 veneratione
1326 1001 1442 1029 dicitur
1467 998 1498 1037 7,
1524 998 1583 1034 603
1616 1000 1693 1028 Hor.
1720 999 1754 1028 C.
1781 997 1812 1037 2,
1841 997 1893 1042 19,

1094 1047 1124 1076 5.
1174 1049 1284 1081 Neque
1301 1047 1387 1075 enim
1411 1046 1557 1074 externis
1582 1045 1688 1081 signis
1710 1046 1809 1074 valde
1833 1046 1895 1074 dif-

1092 1093 1195 1122 ferunt
1231 1097 1285 1121 aut
1321 1091 1467 1131 dignosci
1502 1095 1649 1126 possunt.
1708 1091 1756 1119 De
1793 1094 1892 1120 verbo

1093 1136 1231 1167 horrere
1269 1136 1305 1173 3,
1342 1136 1414 1165 195.
1460 1152 1498 1157 -
1545 1134 1682 1175 Sibylla
1715 1135 1753 1165 cf.
1790 1138 1831 1165 ad
1864 1135 1895 1173 3,

1095 1181 1171 1212 452.
1216 1186 1254 1212 In
1279 1184 1373 1211 litore
1401 1183 1546 1211 Cumano
1574 1183 1785 1218 appulerant,
1819 1190 1893 1217 pro-

1094 1231 1147 1258 cul
1179 1229 1213 1257 in
1243 1233 1349 1258 monte
1380 1232 1446 1257 erat
1482 1229 1635 1262 templum
1661 1228 1831 1262 Apollinis
1863 1231 1894 1257 et

1094 1279 1221 1303 antrum
1262 1275 1428 1309 Sibyllae,
1467 1274 1588 1302 circum
1622 1274 1717 1302 lucus
1748 1273 1893 1303 Triviae.

1094 1322 1132 1349 In
1169 1320 1273 1348 antris
1305 1325 1410 1348 antem
1438 1320 1584 1354 Sibyllae
1617 1319 1824 1355 habitabant;
1865 1323 1896 1348 et

1093 1366 1260 1402 Gergitlie,
1287 1366 1424 1394 Troadis
1450 1365 1482 1392 in
1508 1365 1640 1399 oppido,
1665 1364 1812 1400 Sibyllae
1833 1372 1893 1393 an-

1092 1415 1175 1440 trum
1204 1412 1370 1446 Apollinis
1403 1412 1520 1445 templo
1553 1411 1697 1439 iunctum
1731 1414 1809 1439 erat.
1850 1425 1889 1430 —

1095 1454 1222 1485 Procul
1249 1464 1269 1485 a
1293 1457 1406 1486 ceteris
1431 1456 1593 1484 Troianis.

1141 1511 1192 1543 11.
1224 1511 1372 1542 Mentem
1392 1510 1617 1552 animumque
1640 1513 1776 1549 iungunt
1795 1513 1893 1542 etiam

1091 1559 1166 1595 alii,
1200 1560 1274 1587 Hor.
1299 1561 1355 1593 Ep.
1384 1556 1413 1593 1,
1440 1555 1491 1592 14,
1518 1556 1538 1585 S
1566 1566 1661 1586 mene
1687 1556 1894 1599 animusque

1088 1603 1179 1642 fert,
1222 1605 1288 1634 Cic.
1320 1606 1389 1633 CJI.
1429 1602 1464 1631 11
1506 1600 1580 1632 Non
1613 1602 1750 1642 corpori
1781 1602 1891 1633 solum

1087 1647 1361 1678 subueniendum
1409 1651 1477 1684 eet,
1534 1647 1593 1678 sed
1634 1647 1742 1678 menti
1787 1653 1895 1689 atque

1089 1693 1206 1724 animo
1227 1693 1336 1724 multo
1364 1693 1502 1735 magis,-
1530 1700 1559 1724 et
1588 1703 1682 1723 mens
1709 1693 1821 1724 animi
1845 1700 1893 1727 le-

1087 1742 1172 1777 gitur
1206 1743 1274 1770 Cat.
1309 1740 1367 1777 65,
1394 1738 1424 1769 4.
1472 1742 1578 1769 Plaut.
1615 1740 1694 1769 Cist.
1733 1739 1769 1777 2,
1800 1739 1833 1777 1,
1860 1743 1890 1773 6,

1087 1787 1180 1821 Epid.
1213 1785 1252 1823 4,
1279 1783 1312 1824 1,
1344 1784 1380 1822 4,
1431 1794 1529 1821 saepe
1561 1794 1613 1821 ap.
1646 1787 1740 1816 Lucr.
1775 1789 1830 1823 qui
1861 1788 1891 1826 3,

1088 1830 1153 1860 615
1187 1833 1293 1861 iunxit
1325 1829 1437 1860 animi
1462 1834 1607 1860 mentem
1638 1830 1892 1873 consiliumque

1088 1877 1127 1907 cf.
1167 1875 1199 1913 1,
1228 1876 1304 1906 676.
1350 1876 1386 1910 2,
1415 1875 1491 1905 519.
1547 1879 1658 1913 Mens,
1690 1874 1797 1915 νοῦς,
1829 1879 1889 1915 (cf.

1089 1924 1274 1957 amentiam,
1294 1923 1507 1958 dementiam]
1528 1930 1606 1958 pars
1625 1923 1737 1959 animi,
1757 1922 1892 1964 ψυχῆς.

1090 1969 1137 1998 Cf.
1171 1970 1236 1999 Cic.
1263 1970 1358 1998 Tusc.
1388 1967 1417 2003 3,
1443 1969 1474 2003 5,
1502 1966 1538 1996 11
1584 1971 1717 2005 „Mens,
1756 1971 1808 1999 cui
1841 1980 1892 2000 re-

1090 2023 1188 2051 gnum
1216 2015 1318 2044 animi
1343 2023 1363 2043 a
1383 2019 1501 2043 natura
1524 2015 1677 2043 tributum
1697 2013 1779 2044 est.“
1819 2017 1889 2046 Fin.

1087 2061 1128 2097 5,
1161 2059 1216 2097 13,
1244 2059 1285 2087 36
1323 2061 1460 2097 „Animi
1488 2064 1595 2088 autem
1627 2065 1656 2088 et
1687 2061 1759 2090 eius
1788 2063 1891 2091 animi

1089 2107 1208 2141 partis,
1247 2114 1330 2141 quae
1352 2106 1502 2141 princeps
1527 2110 1591 2140 est,
1628 2113 1774 2141 quaeque
1799 2115 1890 2136 mens

1088 2153 1290 2185 nominatur,
1317 2153 1427 2186 plures
1452 2156 1526 2180 sunt
1550 2150 1719 2180 virtutes.“

1138 2207 1189 2237 12.
1222 2206 1342 2237 Delius
1367 2209 1464 2236 vates
1490 2208 1528 2237 cf.
1553 2205 1581 2246 3,
1607 2205 1683 2236 251.

1137 2263 1189 2293 13.
1221 2262 1364 2293 Triviae
1389 2264 1426 2293 cf.
1454 2261 1485 2301 4,
1512 2261 1590 2292 511.

1091 2353 1132 2384 14
1153 2353 1254 2384 --41.
1306 2352 1402 2391 Quae
1428 2352 1462 2383 in
1490 2350 1624 2384 foribus
1650 2352 1771 2396 templi
1798 2353 1890 2396 picta

1416 2396 1556 2429 fuerint.

1138 2453 1189 2484 14.
1216 2457 1381 2485 Daedalus
1414 2456 1455 2491 [a
1489 2466 1518 2486 v.
1552 2449 1756 2491 δαιδιίλλω)
1786 2458 1888 2488 Athe-

1088 2502 1230 2537 niensis,
1268 2510 1366 2537 quum
1397 2507 1525 2538 propter
1550 2504 1679 2532 caedem
1699 2503 1792 2541 Tali,
1833 2505 1888 2539 qui

1089 2548 1160 2576 eius
1186 2548 1368 2582 discipulus
1392 2549 1517 2577 maiora
1541 2553 1571 2577 et
1594 2548 1779 2583 pulchriora
1803 2549 1889 2579 fece-

1088 2598 1153 2627 rat,
1195 2598 1294 2622 morte
1325 2595 1498 2623 damnatus
1531 2595 1659 2623 Cretam
1697 2595 1739 2622 ad
1778 2603 1885 2631 regem

1089 2639 1230 2667 Minoem
1264 2639 1471 2675 profugisset,
1494 2640 1730 2675 Labyrinthum
1758 2644 1886 2669 exstru-

1089 2684 1146 2712 xit.
1219 2685 1339 2713 Postea
1378 2690 1486 2714 autem
1530 2686 1610 2720 quod
1653 2686 1812 2713 Theseum
1856 2690 1885 2713 et

1089 2730 1256 2758 Ariadnen
1283 2731 1470 2766 adiuverat,
1502 2730 1572 2764 ipse
1595 2738 1633 2759 eo
1658 2730 1808 2759 inclusus
1831 2739 1886 2759 ce-

1089 2775 1169 2803 ratis
1210 2776 1324 2810 pennis
1362 2784 1435 2805 cum
1473 2777 1564 2804 Icaro
1603 2775 1667 2803 filio
1705 2773 1814 2811 effugit
1854 2780 1886 2804 et

1088 2822 1180 2849 Icaro
1211 2822 1335 2850 amisso
1366 2822 1493 2849 tandem
1522 2821 1642 2849 Cumas
1668 2821 1795 2849 delatus
1825 2825 1883 2850 est.

1090 2866 1136 2894 Cf.
1164 2867 1223 2895 Ov.
1249 2869 1323 2895 Met.
1354 2863 1393 2901 8,
1424 2864 1498 2893 183.
1534 2866 1592 2894 Sil.
1618 2862 1669 2899 12,
1695 2862 1736 2892 9-1
1760 2873 1807 2900 sq.
1843 2881 1881 2886 —-

1092 2909 1135 2939 Ut
1168 2910 1273 2945 fama
1312 2913 1372 2940 cst.
1436 2912 1580 2939 Timebat
1615 2910 1754 2939 sortasse
1789 2911 1883 2948 idem,

1083 2957 1167 2990 quod
1195 2957 1306 2986 Cicero
1332 2961 1362 2985 et
1387 2957 1524 2991 Livius,
1558 2963 1655 2991 quum
1676 2956 1799 2985 similia
1823 2958 1882 2985 ad-

1084 3003 1216 3038 debant,
1251 3010 1290 3031 ne
1314 3009 1398 3037 quae
1429 3002 1578 3031 fabulosa
1601 3005 1632 3030 et
1653 3001 1737 3030 mira
1763 3002 1884 3031 refere-

1082 3049 1168 3084 bant,
1194 3047 1257 3082 ipsi
1283 3049 1411 3077 credere
1432 3048 1628 3078 viderentur.
1678 3046 1725 3076 ef.
1753 3045 1784 3085 3,
1803 3045 1882 3077 551.
