2023 3350
801 117 1035 153 ADDENDA.

145 233 187 263 69
194 233 226 265 4.
252 238 350 265 Manu
377 237 502 266 flamina

412 312 487 345 Lib.
515 311 574 343 IX.

142 371 218 410 229,
245 372 264 401 6
290 366 417 404 enscut.
444 374 514 412 atq.
541 374 635 402 entes
657 370 716 401 Pl.

141 417 218 456 300,
245 418 281 448 31
312 424 362 448 tur
385 426 440 453 per
465 423 561 453 caput

142 462 219 502 315,
246 463 287 493 30
312 473 367 500 pro
396 478 433 483 —

141 509 218 548 315,
244 508 282 538 31
312 511 439 538 Pronus

138 555 216 594 370,
243 554 262 583 6
290 556 437 585 dicantur

136 598 214 630 584.
240 602 405 631 Arcentis.

136 644 214 675 589.
243 648 302 676 col.
329 645 360 684 2,
385 647 404 675 5
432 648 460 676 si
484 656 546 676 non

134 690 212 730 593,
236 691 257 720 5
284 694 457 723 Remulum
482 701 502 722 a

133 736 211 774 621,
237 736 256 766 2
282 744 312 768 et

133 782 210 821 637,
238 782 256 812 4
287 785 333 814 ita

133 827 209 859 642.
235 831 389 868 „Dietsch
422 831 480 859 Th.
507 831 602 867 Verg.
629 839 658 866 p.
686 829 738 860 34.
768 836 886 869 tamen.

88 875 144 910 qui
160 876 335 906 verissime
361 881 481 913 censet,
503 877 635 906 mininie
652 877 794 912 ineptam
813 887 886 907 esse

89 923 186 951 talem
212 923 420 952 sententiam:
448 924 533 951 bella
558 923 668 951 omnia
693 923 814 953 finitum
845 924 886 953 iri

88 975 146 1003 per
168 975 240 997 eam
267 973 410 1005 gentem,
452 976 535 1003 quae
559 968 632 1003 ipsa
656 970 797 999 omnium
821 970 886 999 for-

87 1013 218 1042 tissima
251 1015 312 1051 sit,
353 1019 383 1043 et
421 1022 462 1042 ex
507 1014 722 1049 progenitoris
766 1016 886 1045 virtute

87 1058 278 1093 Apollinem
321 1060 485 1089 commode
541 1061 728 1097 praesagire
776 1070 884 1099 posse,

86 1105 196 1139 qualis
233 1109 300 1134 tota
329 1114 409 1142 gens
441 1106 550 1134 futura
580 1107 633 1143 sit,
673 1115 735 1135 non
768 1108 885 1144 cogitat

86 1151 124 1179 de
145 1151 218 1180 Iani
241 1153 358 1186 templo
383 1160 412 1181 a.
445 1149 510 1180 725
536 1153 659 1183 clauso.
691 1155 747 1182 sed
774 1155 811 1182 de
834 1156 884 1182 ul-

85 1195 162 1226 timo
187 1204 272 1226 anno
293 1198 382 1227 vitae
400 1197 622 1234 Vergilianae,
648 1207 732 1233 quae
755 1201 885 1228 Parthis

82 1245 114 1271 et
148 1243 323 1272 Cantabris
361 1244 458 1273 victis
497 1251 625 1273 summa
662 1253 738 1280 spes
775 1245 883 1281 fuerit,

82 1287 149 1317 iam
183 1291 291 1318 orbem
322 1294 479 1319 terrarum
513 1294 647 1319 aeterna
683 1298 762 1326 pace
801 1291 883 1320 frui-

80 1332 209 1363 turum“
237 1333 297 1364 Fb.
339 1337 427 1371 Quod
451 1336 481 1364 si
515 1337 718 1375 probaveris,
749 1338 883 1366 habebis

80 1388 200 1410 novum
225 1382 350 1418 locum,
392 1389 454 1417 quo
486 1384 601 1417 probes
631 1384 671 1412 ad
704 1387 881 1412 extremam

79 1426 184 1455 vitam
204 1435 308 1462 usque
340 1429 373 1456 in
412 1428 553 1464 singulis
584 1429 678 1457 libris
704 1429 882 1465 Virgilium

82 1476 229 1502 mutasse
270 1477 324 1502 aut
359 1474 521 1503 adiecisse
560 1474 684 1510 aliquid
724 1482 766 1503 ex
807 1474 882 1510 ipsa

81 1518 205 1548 ratione
231 1523 406 1554 temporum
430 1522 593 1549 haustum.

125 1561 202 1602 710,
228 1562 269 1593 34
290 1573 308 1594 e
332 1565 486 1595 versibus

404 1641 480 1674 Lib.
507 1642 551 1675 X.

127 1698 156 1737 1,
182 1698 225 1729 33
248 1701 355 1730 'renio
379 1701 431 1731 die
452 1702 566 1732 iterum

125 1744 180 1775 71.
205 1747 262 1776 uni
288 1750 386 1776 verbo

1645 119 1726 158 667

981 237 1035 268 82.
1064 240 1232 274 Neptunus

984 282 1059 322 102,
1084 284 1103 312 5
1137 283 1190 314 Cs.
1216 281 1396 313 Romanus

981 329 1058 358 251.
1082 331 1206 369 MRybc

983 374 1058 412 288,
1083 375 1101 403 5
1126 378 1210 404 saltu
1237 383 1333 410 super
1358 375 1473 404 brevia

983 420 1058 451 310.
1086 424 1248 457 haberent,
1273 430 1336 450 non

982 465 1060 498 321.
1087 467 1180 503 dixit,
1204 475 1299 501 quum

980 510 1056 541 374.
1082 510 1220 547 poscit.“

981 556 1058 587 439.
1082 562 1222 593 steterat,
1244 558 1310 586 iani

980 601 1056 632 476.
1082 609 1251 639 postquam
1295 607 1391 631 antea
1425 603 1491 631 iani
1535 610 1590 637 per
1633 601 1729 636 clipei

933 656 1022 678 oram
1045 650 1135 678 viam
1159 650 1272 678 molita
1297 652 1355 685 est,
1382 656 1438 683 per

979 691 1055 723 515.
1088 692 1175 723 Nam
1204 691 1320 723 omnia
1347 702 1371 722 s.
1402 703 1451 723 oc.

979 737 1057 768 527.
1084 738 1148 767 527
1174 749 1238 769 non
1264 737 1339 768 427.

978 783 1055 822 552,

979 830 1056 861 553.

978 875 1055 907 705.

977 921 1055 951 733.

977 967 1054 1006 784,

979 1013 1054 1044 789.

976 1058 1053 1090 807.

974 1105 1051 1136 862.

1081 784 1226 815 reducta
1253 794 1298 815 sc.
1331 786 1370 813 ad
1393 786 1513 815 iactum

1083 832 1209 865 decidit,
1235 832 1349 860 deinde

1081 882 1273 913 usurpatum
1299 877 1501 912 displicebat.

1081 929 1140 953 est.
1162 939 1199 943 —
1229 921 1361 953 Caecus

1080 970 1100 998 6
1121 971 1222 1006 Iunge
1247 977 1370 997 cavum
1398 976 1477 997 aere

1080 1018 1198 1044 habere
1222 1017 1293 1044 vult
1314 1015 1396 1050 quod
1421 1018 1507 1044 amet

1076 1059 1192 1100 pluvit
1211 1065 1370 1095 expuncto
1396 1068 1415 1089 υ

1078 1109 1221 1136 cruenta
1247 1105 1422 1146 MP2Ryhc
1446 1103 1582 1136 cruenti
1606 1103 1664 1135 1³2.

1247 1193 1322 1227 Lib.
1349 1195 1409 1226 XI.

1078 1267 1160 1301 quod
1184 1267 1295 1295 mortis
1321 1267 1431 1296 didicit

1078 1316 1209 1347 superat
1234 1312 1373 1341 Ennium
1400 1312 1563 1350 Virgilius

1080 1358 1205 1393 campis
1229 1358 1268 1387 cf.
1293 1356 1370 1386 875.

980 1264 1052 1295 156.

976 1310 1052 1341 492.

976 1355 1053 1387 513.

1237 1444 1313 1477 Lib.
1338 1445 1418 1477 ΧΠ.

972 1514 1016 1545 48
1040 1524 1102 1545 non
1130 1516 1228 1546 credit
1255 1524 1349 1551 quem
1376 1517 1510 1545 simulat

973 1559 1050 1591 287.
1074 1563 1128 1592 Sic
1153 1563 1321 1599 quadrigis
1345 1565 1514 1592 certabant
1536 1563 1691 1592 Veientes

973 1606 1052 1638 386.
1078 1609 1126 1638 Cf.
1154 1607 1184 1646 2,
1207 1607 1260 1638 33.

971 1651 1048 1683 407.
1074 1656 1169 1683 stant
1194 1651 1329 1683 lumina
1346 1652 1498 1693 flamma

972 1697 1048 1737 638,
1076 1698 1118 1728 34
1142 1701 1283 1736 Turnus,
1302 1701 1406 1729 ridere
1428 1700 1529 1734 potuit

971 1744 1048 1776 659.
1075 1744 1128 1775 tui
1151 1746 1269 1776 dictum
1292 1747 1333 1775 ad
1356 1747 1484 1775 moduni
1512 1745 1559 1775 tui

580 2039 617 2066 In
643 2036 776 2073 Virgilii
802 2036 955 2065 versibus
980 2039 1126 2065 erratum
1151 2038 1216 2064 est:

79 2078 151 2108 Lib.
212 2081 237 2108 Ι.
302 2078 344 2110 74
371 2082 478 2113 scribe
502 2090 613 2112 omnes

277 2124 339 2156 351
414 2150 433 2166 ,,
495 2136 627 2165 aegram
649 2130 751 2158 Multa

277 2172 344 2203 665
413 2196 433 2212 7,
497 2176 654 2212 Typhoea

276 2216 340 2247 741
413 2242 433 2259 ,,
497 2224 636 2251 acantho

76 2263 147 2292 Lib.
185 2266 226 2292 11.
279 2263 343 2294 107
412 2289 431 2304 ,,
496 2268 597 2297 satur:

277 2309 344 2340 352
413 2335 432 2350 ,,
494 2313 666 2349 imperium

74 2356 145 2386 Lib.
172 2358 229 2386 ΙΙΙ.
279 2355 343 2386 124
416 2380 435 2397 ,,
494 2361 646 2396 volamus

74 2403 145 2432 Lib.
171 2403 228 2432 VI.
277 2401 342 2432 143
413 2427 432 2443 ,,
491 2406 600 2441 qualis

74 2449 145 2478 Lib.
187 2450 227 2479 V.
275 2447 342 2478 328
414 2472 433 2488 ,,
492 2460 591 2487 quum

273 2493 341 2524 580
412 2518 432 2534 ,,
495 2498 627 2534 agmina

273 2539 339 2570 633
409 2564 429 2579 ,,
491 2540 642 2573 Nullane‘

75 2587 148 2617 Lib.
172 2587 228 2617 VI.
271 2585 336 2617 126
407 2610 426 2625 ,,
485 2589 688 2619 Anchisiade

268 2632 333 2662 1:³3
404 2656 424 2672 „
488 2635 601 2671 cupido

267 2677 282 2708 1
291 2678 333 2708 63
410 2703 430 2719 ,,
486 2685 695 2717 peremptum,

266 2723 331 2754 334
406 2748 426 2763 ,,
488 2728 636 2764 Oronten,

264 2769 330 2800 348
402 2793 421 2810 ,,
482 2772 683 2802 Anchisiade

264 2814 329 2847 469
400 2839 419 2856 ,,
484 2819 553 2846 solo

270 2861 336 2892 479
410 2885 430 2902 ‚‚
491 2863 625 2893 inclitus

1108 2078 1173 2108 702
1199 2080 1304 2109 scribe
1327 2079 1436 2108 ventis
1459 2080 1650 2115 volucrique

926 2129 1080 2157 Lib.VII.
1113 2124 1178 2154 542
1251 2148 1270 2162 ,,
1328 2125 1446 2154 Inibuit
1469 2130 1498 2154 et

1110 2170 1175 2201 552
1248 2194 1267 2209 ,,
1331 2172 1501 2200 'terrorum

927 2220 1096 2249 1.ib.V111.
1166 2225 1178 2245 ι
1251 2240 1271 2255 ,,
1331 2222 1525 2252 contemptor

926 2267 996 2296 Lib.
1022 2267 1078 2295 IX.
1132 2262 1175 2291 70
1245 2285 1266 2301 ,,
1330 2263 1437 2298 undis,

1137 2308 1177 2339 81
1252 2332 1271 2343 .,
1334 2311 1479 2344 parabat.

1117 2353 1180 2384 201
1253 2377 1274 2393 ,,
1333 2357 1494 2390 Opheltes,

1109 2400 1171 2430 681
1253 2423 1272 2439 ,,
1336 2402 1530 2435 intonsaque

928 2451 999 2480 Lib.
1033 2451 1071 2479 X.
1112 2446 1176 2476 347
1251 2469 1271 2484 ,,
1334 2451 1475 2476 mentum
1489 2446 1631 2484 graviter

1108 2492 1170 2523 441
1245 2515 1265 2531 ,,
1327 2494 1449 2522 socios:

1109 2539 1175 2570 512
1249 2561 1269 2577 ,,
1333 2547 1421 2577 suoS‚

1116 2587 1182 2619 560
1248 2607 1267 2623 ,,
1329 2586 1500 2621 piscesque

1116 2634 1182 2664 565
1254 2653 1273 2668 „
1329 2632 1484 2668 Aegaeon

930 2682 1001 2710 Lib.
1024 2683 1079 2711 XI.
1116 2679 1183 2710 842
1253 2700 1272 2715 ,,
1336 2678 1550 2715 Supplicium,

930 2728 1000 2757 Lib.
1010 2729 1082 2757 XII.
1140 2725 1178 2756 61
1253 2746 1272 2761 ,,
1335 2728 1365 2753 te

1117 2771 1181 2802 263
1252 2793 1272 2808 ,,
1337 2770 1446 2807 fugam

1116 2816 1181 2847 419
1253 2840 1272 2856 ,,
1332 2817 1523 2846 odoriferam

1115 2862 1180 2893 426
1252 2886 1271 2902 ,,
1332 2865 1471 2892 hostem:
