2023 3350
105 196 240 248 Quos,
287 195 497 237 Amasene
532 197 669 248 pater.

103 255 194 296 Nec
238 253 364 307 clipei
405 266 608 294 currusve
649 257 827 295 sonant:

104 312 296 354 Liventis
336 309 503 366 plumbi
543 311 733 365 spargit3
773 325 876 366 pars
913 311 1080 366 spicula
1119 313 1263 365 gestat

104 371 216 412 Bina
254 382 402 420 manu,
445 368 672 422 fulvosque
707 369 798 423 lupi
839 368 892 411 de
927 369 1040 424 pelle
1081 369 1252 423 galeros

104 428 291 482 Tegmen
328 426 490 468 habent
528 427 683 481 capiti3

104 486 336 528 Instituere
373 484 518 539 pedjs3

219 543 276 584 At
315 542 562 596 Messapus,

105 602 239 652 Quem
277 614 416 654 neque
452 600 518 642 fas
557 601 647 655 igni
687 602 890 656 cuiquam
926 615 1004 643 nec
1045 604 1238 643 sternere
1277 599 1408 651 ferro,

103 660 197 701 Iam
234 658 404 713 pridem
441 658 604 701 resides
644 660 832 715 populos
873 659 1138 712 desuetaque
1176 657 1291 700 bello

105 717 292 771 Agmina
332 717 377 758 in
417 730 541 759 arma
581 722 708 760 vocat
744 718 908 770 subito,
949 716 1198 771 ferrumque
1239 717 1463 759 retractat.

701 79 937 113 AENEIDOS
970 80 1059 113 LIB.
1090 81 1169 113 Vll.
1686 78 1768 118 375

729 195 826 236 Non
863 195 950 236 illis
990 194 1189 236 omnibus
1227 206 1350 235 arma
1685 192 1768 232 685

870 267 973 307 pars
1007 253 1195 294 maxima
1230 250 1410 305 glandes

725 428 909 481 vestigia
944 427 1063 469 nuda
1100 426 1265 469 sinistri

563 485 724 527 crudus
765 486 876 540 tegit
913 486 1054 527 altera
1095 499 1214 540 pero.
1684 485 1768 524 690

606 557 763 598 equum
802 544 1008 595 domitor,
1048 542 1269 597 Neptunia
1309 540 1465 594 proles,

1684 771 1767 811 695

105 775 162 817 Hi
200 774 489 818 Fescenninas
529 775 644 818 acies
680 777 940 831 Aequosque
978 774 1182 826 Faliscos,

101 925 217 968 pascit
244 928 391 963 sequitur
417 929 594 958 vocativus
616 928 788 959 Amasene
814 929 853 960 cf.
881 927 912 966 2,

104 973 159 1004 56.
210 976 257 1004 De
281 975 431 1004 curribus
456 975 496 1005 cf.
528 973 583 1011 12,
612 973 689 1004 257.

153 1020 229 1049 685.
258 1020 455 1050 Amasenus
472 1022 592 1050 fluvius
606 1027 802 1051 memoratur
815 1021 914 1050 etiam

109 1065 166 1102 11,
199 1064 277 1095 547.
328 1068 503 1097 Praeterea
535 1076 622 1096 nnus
652 1077 726 1097 eum
758 1071 913 1097 memorat

107 1114 225 1143 Vibius
258 1115 431 1147 sequester
465 1112 687 1146 ..Amasenus
726 1111 915 1142 Priverna-

106 1157 228 1188 tinm.“
277 1160 442 1191 ..Flavius
467 1160 598 1189 vicinus
627 1160 752 1189 civitati
779 1159 913 1188 Priver—

106 1203 265 1235 iiatituu.“
290 1208 322 1234 S.
357 1221 395 1225 —
431 1203 552 1237 Pater,
578 1207 661 1240 quod
688 1208 767 1234 deus
793 1205 914 1234 fluvius

105 1256 163 1282 est.
207 1267 244 1271 —
279 1254 393 1287 Itaque
430 1256 459 1280 et
496 1252 614 1280 Gabini
653 1256 681 1281 et
719 1252 852 1280 Hernici
884 1255 915 1280 et

107 1298 320 1327 Privernates
347 1300 486 1327 Caecnlo
509 1298 647 1327 subiecti
672 1302 757 1327 sunt.

154 1343 232 1373 686.
259 1341 412 1385 glandes
437 1344 475 1373 cf.
504 1342 540 1377 9,
567 1342 645 1373 586.

153 1388 232 1419 687.
260 1387 404 1431 spargit
430 1391 469 1419 cf.
504 1388 559 1425 12,
585 1389 638 1419 51.

155 1434 232 1466 688,
262 1434 354 1465 Bina
376 1445 483 1465 mann
509 1436 548 1465 cf.
573 1434 605 1470 S,
633 1433 709 1464 661.
738 1451 775 1455 —
809 1431 914 1463 Gale-

108 1490 167 1511 rus
192 1487 222 1511 et
245 1483 382 1512 materia
407 1482 506 1511 differt
532 1489 552 1511 a
577 1479 686 1522 galea
713 1481 752 1510 cf.
782 1478 860 1513 755,
885 1485 913 1509 et

109 1529 230 1563 forma;
269 1531 401 1563 galerus
438 1528 524 1557 enim
561 1532 631 1556 erat
669 1527 829 1562 pressior:
877 1535 914 1555 eo

108 1577 279 1604 utebantur
300 1575 416 1604 velites
438 1574 579 1603 Romani
601 1575 715 1604 Pom).
741 1572 772 1606 6,
800 1571 853 1606 22,
878 1571 913 1601 3:

108 1622 208 1650 Veles
250 1619 592 1671 προςεπικοσμεῖται
642 1613 680 1649 δὲ
720 1614 783 1648 καὶ
829 1615 914 1667 λιτῷ

107 1662 386 1715 πεφικεφαλαίῳ
421 1659 507 1695 ποτὲ
540 1659 579 1694 δὲ
611 1661 798 1695 λυκείαν
830 1655 852 1701 ἤ
882 1672 914 1692 τι

108 1708 182 1741 τῶν
218 1706 397 1741 τοιούτων
433 1705 639 1741 ἐπιτίθεται
672 1704 803 1748 σκέπης
839 1702 916 1748 ἅμα

109 1752 172 1787 καὶ
197 1753 346 1796 σημείου
372 1750 490 1796 χάριν.
540 1757 587 1785 C.f
614 1755 652 1794 8,
679 1753 755 1784 66-1.

157 1802 234 1831 689.
266 1801 445 1844 Tegumen
486 1807 517 1831 ιιι
563 1800 639 1830 632.
689 1799 743 1834 11,
783 1799 848 1828 577
888 1804 917 1829 et

111 1851 251 1888 tegmen.
276 1854 308 1877 ιιι
334 1847 410 1877 666.
457 1846 493 1883 3,
523 1845 588 1876 394
614 1852 698 1877 recte
722 1848 849 1876 dicitur.

158 1892 236 1923 690.
265 1897 346 1923 Sunt
371 1898 402 1923 et
433 1894 616 1922 funditores
643 1898 671 1922 et
700 1894 917 1926 iaculatores;

112 1941 193 1976 pilei
217 1949 320 1978 genus
347 1943 463 1969 liabent
492 1941 621 1974 galeros
652 1948 669 1968 e
695 1941 780 1974 pelle
802 1939 918 1974 lupina

112 1987 232 2021 factos,
266 1987 438 2016 sinistrum
464 1987 575 2021 pedem
600 1987 738 2018 nudum,
769 1987 918 2014 dextrum

113 2042 231 2068 perone
264 2037 389 2062 tectum.
448 2033 552 2065 ..Pero
584 2035 631 2060 est
663 2032 820 2060 rusticum
850 2032 918 2060 cal-

112 2080 338 2109 ceamentnm“
367 2081 399 2107 S.
427 2083 458 2107 ut
484 2086 535 2112 ap.
561 2080 633 2107 Iuv.
664 2075 715 2112 14,
744 2076 817 2106 186.
865 2077 920 2105 Sic

112 2127 199 2162 apud
225 2126 375 2154 Persium
403 2125 439 2154 5.
471 2121 531 2152 102
557 2126 750 2162 perornatus
786 2125 920 2151 arator.

113 2173 231 2210 „Hunc
252 2180 373 2201 morem
394 2172 428 2199 in
443 2171 541 2199 Italia
560 2170 676 2205 fuisse,
701 2174 735 2198 ιιι
758 2177 820 2198 ιιιιο
842 2169 920 2203 pede

113 2220 278 2253 calceato,
324 2219 428 2246 altero
465 2218 549 2245 nudo
584 2217 684 2244 iretur
714 2216 754 2244 ad
788 2217 919 2250 bellum,

114 2273 275 2300 nusquam
293 2266 399 2293 adhuc
423 2264 507 2298 quod
527 2263 631 2291 sciam
650 2262 788 2297 reperi*
832 2262 920 2290 Haec

113 2312 189 2341 dicit
214 2311 401 2340 Macrobius
427 2312 494 2338 Sat.
521 2309 552 2344 5,
583 2306 634 2341 18,
661 2309 717 2343 qui
739 2307 919 2343 Virgilium

115 2360 256 2387 Graecos
292 2360 440 2386 secutum
479 2363 554 2384 esse
589 2355 744 2385 affirmat.
792 2353 921 2382 Aetolis

114 2404 201 2433 enim
226 2411 299 2432 eum
323 2410 444 2431 morem
470 2402 575 2430 fnisse
602 2401 709 2430 doceri
734 2402 802 2429 loco
825 2399 921 2428 Euri-

115 2450 202 2485 pidis
226 2448 472 2483 etAristotelis‚
497 2447 674 2483 Euripidis,
699 2447 755 2481 qui
777 2449 922 2477 laevum.

116 2495 320 2531 Aristotelis,
345 2494 400 2529 qni
418 2495 569 2522 dextrum
587 2501 642 2522 eos
664 2494 776 2528 pedem
800 2493 922 2521 nudum

116 2542 275 2571 habuisse
307 2540 426 2576 dicant.
476 2540 594 2568 Nescio
627 2540 683 2574 qui
716 2538 837 2568 factum
869 2538 922 2575 sit,

116 2592 151 2618 ut
178 2591 251 2623 post
274 2589 356 2616 haec
376 2585 472 2615 multi
503 2593 623 2620 perone
655 2592 770 2614 ocreas
798 2584 924 2619 signifv

117 2639 211 2665 natas
248 2636 413 2669 putarent,
454 2639 538 2666 quae
570 2631 600 2660 si
634 2630 669 2659 in
701 2639 765 2659 uno
798 2635 923 2660 tantum

119 2682 198 2717 pede
229 2684 336 2710 erant.
374 2682 465 2707 erant
493 2678 528 2705 in
560 2677 705 2705 sinistro.
754 2677 809 2706 Sic
838 2678 925 2712 apud

119 2728 285 2756 Samnites
310 2725 482 2754 sinistrum
507 2731 582 2753 crus
608 2730 704 2752 ocrea
722 2727 838 2752 tectum
856 2726 925 2752 erat

118 2774 193 2803 Liv.
218 2771 256 2808 9,
283 2771 337 2800 40.
385 2771 475 2800 Idem
502 2771 540 2798 de
565 2769 700 2797 Sabinis
734 2773 843 2798 narrat
866 2770 924 2797 Sil.

118 2818 158 2856 8,
197 2816 282 2855 421,
323 2819 361 2847 de
393 2815 630 2853 gladiatoribus
665 2817 737 2844 Iuv.
775 2814 811 2851 6,
847 2813 925 2843 256.

120 2866 182 2900 Qui
206 2870 315 2895 autem
337 2866 430 2893 locus
452 2871 494 2892 ex
511 2861 646 2898 Vegetio
665 2857 695 2897 1,
720 2859 764 2889 20
785 2861 927 2894 affertur

120 2912 176 2940 ubi
203 2912 249 2941 ita
273 2911 394 2941 milites
423 2909 541 2938 muniti
565 2908 732 2945 dicuntur,
764 2909 803 2937 ut
827 2903 929 2946 pedi-

121 2959 173 2986 tes
201 2954 330 2986 scutati
353 2957 495 2997 praeter
521 2949 775 2993 cataphractus
805 2954 837 2982 et
861 2960 930 2993 ga-

123 3000 198 3032 leas
241 3001 347 3033 ctiam
382 3000 525 3040 ferreas
561 3007 683 3029 ocreas
718 2996 755 3028 in
797 2995 931 3029 dextris

960 924 1122 957 cruribus
1148 927 1359 966 cogerentur
1385 921 1559 964 accipere,
1585 924 1617 952 id
1640 923 1771 952 videtur

961 976 1092 1003 docere:
1143 966 1309 1002 Romanos
1343 980 1407 1000 non
1454 974 1621 1000 contentos
1652 969 1768 1005 fuisse,

961 1029 1023 1055 quo
1058 1023 1206 1048 scutatus
1236 1018 1333 1047 miles
1366 1020 1489 1052 poterat
1529 1025 1603 1045 esse
1636 1020 1768 1045 conten-

961 1071 1024 1100 tus,
1058 1070 1090 1094 ut
1116 1065 1289 1093 sinistrum
1315 1071 1390 1092 crus
1415 1069 1509 1092 ocrea
1536 1065 1707 1097 tegeretur,
1735 1065 1770 1088 ut

960 1112 1059 1140 etiam
1085 1113 1234 1139 dextrum
1262 1118 1339 1139 crus
1363 1111 1404 1137 ab
1435 1111 1526 1137 hoste
1550 1108 1694 1137 maxime
1718 1114 1769 1134 re-

961 1163 1081 1187 motum
1108 1157 1277 1185 tutandum
1307 1162 1382 1184 esse
1413 1154 1659 1183 arbitrarentur.
1707 1152 1770 1180 Hic

961 1204 1061 1237 igitur
1092 1204 1186 1231 locus
1218 1210 1339 1230 morem
1368 1201 1610 1235 necessarium,
1643 1207 1706 1234 quo
1740 1198 1770 1226 si

960 1257 1027 1278 una
1052 1254 1175 1278 tantum
1201 1256 1296 1278 ocrea
1321 1250 1503 1281 utebantur,
1531 1247 1572 1275 ad
1598 1246 1770 1275 sinistrum

961 1297 1072 1331 pedem
1093 1295 1286 1331 alligabant.
1313 1294 1442 1322 videtur
1458 1293 1657 1322 confirmare.
1707 1291 1770 1319 Sed

960 1343 1043 1371 talia
1069 1347 1164 1371 scuta
1193 1348 1277 1376 quae
1304 1344 1437 1374 excepto
1465 1340 1544 1374 pede
1575 1343 1674 1367 totum
1699 1345 1770 1367 cor-

961 1396 1022 1423 pus
1049 1391 1201 1422 tegerent,
1225 1387 1423 1415 iaculatores
1447 1390 1477 1414 et
1503 1385 1684 1413 funditores
1706 1391 1771 1412 non

963 1437 1142 1465 habebant:
1180 1441 1285 1468 neque
1312 1441 1388 1467 pero
1420 1433 1474 1460 vel
1501 1432 1634 1460 calceus
1658 1431 1770 1465 pedem

963 1481 1045 1510 satis
1070 1481 1169 1515 potuit
1194 1479 1362 1508 defendere
1386 1482 1498 1508 contra
1522 1479 1596 1506 tela.
1635 1477 1771 1511 Propte-

962 1535 1017 1556 rea
1047 1532 1156 1555 aut‹·m
1181 1534 1246 1554 uno
1272 1526 1351 1560 pede
1376 1525 1472 1557 nudo,
1498 1525 1600 1552 altero
1625 1524 1771 1552 calceato

966 1576 1153 1607 utebantur,
1195 1576 1227 1600 nt
1271 1571 1358 1599 firmo
1400 1571 1501 1604 gradu
1543 1569 1770 1605 consisterent,

962 1621 1046 1654 (tund
1070 1619 1214 1648 maxime
1238 1626 1319 1652 opus
1342 1622 1410 1646 erat
1430 1616 1675 1647 iaculatoribus.
1699 1615 1772 1649 qui-

964 1668 1024 1694 bus
1060 1665 1180 1694 firmari
1217 1664 1351 1692 debebat
1389 1670 1448 1698 pes
1483 1663 1604 1691 dexter.
1670 1662 1770 1696 Quem

963 1719 1084 1740 morem
1126 1711 1231 1739 fuisse
1273 1718 1337 1738 non
1378 1717 1513 1743 possum
1551 1709 1772 1737 demonstrare

964 1757 1046 1786 locis
1073 1756 1170 1791 aliis3
1205 1756 1262 1783 sed
1295 1755 1342 1783 ita
1374 1762 1427 1783 res
1459 1755 1535 1789 ipsa
1568 1756 1698 1789 probat,
1739 1757 1770 1781 ιιι

963 1804 1053 1832 locos
1083 1809 1239 1837 quaerere
1265 1800 1516 1835 supersederim.
1566 1801 1615 1828 Ita
1639 1801 1771 1827 Platae-

964 1856 1079 1879 enses.
1128 1856 1190 1882 quo
1235 1847 1391 1876 certiores
1433 1846 1581 1874 incedere
1628 1848 1772 1880 possent,

964 1896 1077 1924 dextro
1109 1895 1188 1928 pede
1218 1893 1320 1926 nudo,
1366 1892 1499 1920 sinistro
1540 1892 1686 1920 calceato
1719 1891 1772 1919 usi

965 1945 1039 1969 siunt
1065 1940 1166 1969 Thuc.
1195 1937 1230 1972 3,
1257 1936 1299 1966 22
1328 1947 1430 1972 neque
1455 1945 1492 1966 eo
1515 1938 1587 1965 loco
1614 1944 1773 1972 quaeren-

965 1989 1040 2015 dum
1065 1987 1214 2015 arbitror.
1241 1992 1335 2020 quem
1360 1992 1479 2013 morem
1505 1983 1608 2012 secuti
1633 1983 1709 2012 sint.
1731 1998 1769 2002 —

969 2030 1158 2062 Instituere
1182 2028 1338 2068 vestigia
1364 2034 1412 2059 est
1433 2030 1538 2066 figere.
1563 2033 1648 2058 certo
1670 2030 1774 2065 gradu

966 2079 1124 2107 incedere.
1174 2079 1224 2106 lta
1257 2073 1418 2105 insistere
1450 2076 1593 2112 vestigia
1618 2077 1714 2105 Lucr.
1744 2073 1773 2112 1,

967 2122 1031 2152 407
1060 2125 1102 2152 al.

1137 2200 1200 2231 (591
1216 2218 1261 2221 —
1277 2199 1352 2231 705.
1403 2198 1607 2239 Messapus.

1015 2257 1091 2288 691.
1119 2261 1166 2288 De
1187 2261 1340 2293 Messapo
1366 2258 1493 2286 Tuscae
1515 2256 1659 2293 regionis
1685 2256 1775 2291 prin-

969 2307 1040 2341 cipe
1070 2306 1181 2340 aliquo
1213 2305 1296 2333 nibil
1327 2308 1448 2332 certum
1485 2307 1553 2336 est:
1589 2306 1657 2331 erat
1681 2303 1774 2331 modo

968 2354 1001 2381 in
1022 2352 1120 2381 Italia
1141 2351 1292 2379 inferiore
1312 2350 1481 2383 Messapia
1506 2349 1611 2385 regio:
1639 2348 1776 2382 eiusque

968 2407 1027 2428 rex
1057 2400 1234 2432 Messapus
1267 2400 1480 2430 memoratur,
1512 2402 1531 2423 a
1558 2402 1620 2429 quo
1648 2394 1775 2422 Ennius

968 2448 1063 2480 poeta
1093 2451 1187 2474 suam
1217 2443 1309 2471 duxit
1340 2441 1508 2477 originem.
1545 2456 1584 2460 -
1624 2436 1777 2468 domitor

969 2498 1135 2530 equorum

970 2534 1138 2569 x·e11erat,“
1178 2538 1209 2563 S.

969 2592 1041 2614 cum
1067 2583 1229 2610 Minerva.

1018 2626 1097 2657 692.
1124 2629 1213 2662 Quod
1244 2629 1421 2660 Messapus
1454 2624 1525 2661 igni
1554 2632 1619 2653 non
1657 2623 1775 2652 sterni·

1181 2489 1412 2524 ..animaliunh
1460 2494 1545 2521 quae
1590 2489 1680 2521 pater
1724 2485 1774 2514 in-

1250 2543 1349 2569 quum
1389 2535 1427 2562 de
1460 2532 1601 2562 Athenis
1640 2534 1776 2561 certaret

970 2680 1038 2711 tur,
1074 2674 1210 2703 finxisse
1231 2676 1325 2708 poeta
1348 2672 1478 2700 videtur
1501 2673 1540 2699 ob
1566 2670 1778 2705 Hirpinorum

971 2727 1077 2755 arteS,
1107 2726 1190 2755 quas
1215 2719 1290 2748 vide
1314 2719 1355 2746 ad
1384 2714 1421 2744 11
1437 2739 1444 2750 .
1468 2713 1547 2745 785.

1019 2765 1096 2796 693.
1121 2762 1254 2794 recides
1290 2764 1336 2793 ita
1366 2761 1402 2800 6,
1436 2759 1513 2791 814.
1554 2778 1593 2782 -
1629 2758 1778 2791 desueta

973 2814 1012 2844 cf.
1039 2813 1077 2847 5,
1108 2809 1183 2840 332.

1020 2855 1097 2886 694.
1123 2856 1295 2886 retractat
1320 2855 1362 2884 cf.
1388 2851 1450 2892 10,
1476 2851 1553 2882 396.

1022 2902 1099 2933 695.
1126 2902 1366 2939 „Fescennium
1413 2901 1566 2935 oppidum
1610 2903 1675 2935 est,
1723 2898 1780 2928 ubi

976 2951 1139 2986 nuptialia
1158 2950 1295 2977 inventa
1311 2951 1384 2976 sunt
1405 2947 1563 2976 carmina.
1612 2945 1654 2974 ni
1673 2948 1781 2974 autem

976 2997 1089 3033 populi
1107 2997 1226 3025 ducunt
1249 2994 1408 3031 originem
1428 2995 1469 3022 ab
1487 2990 1781 3021 Atheniensibus.“
