2044 3329
294 128 348 166 20

858 127 893 159 Ρ.
917 126 1112 159 VIRGILII
1137 127 1344 161 MARONIS

292 239 371 280 Per
396 238 537 280 varios
565 251 706 285 casus,
733 251 809 291 per
835 241 902 278 tot
929 237 1172 279 discrimina
1201 253 1341 280 rerum

290 296 515 336 Tendimus
542 296 582 336 in
611 296 795 341 Lat-ium,
826 294 946 335 sedes
970 294 1043 334 ubi
1070 294 1160 336 fata
1188 296 1353 348 quietas

1827 298 1908 337 205

292 353 547 397 ostendunt:
579 353 663 393 illic
688 352 752 392 sas
780 364 911 403 regna
935 364 1156 403 resurgere
1178 352 1340 394 Troiae.

291 410 454 450 Durate
479 413 521 450 et
545 412 704 449 vosmet
734 407 859 447 rebus
886 412 1051 448 servate
1079 409 1283 449 secundis.

403 467 523 507 'salia
548 479 647 506 voce
678 463 828 514 refert,
860 464 1057 517 curisque
1085 465 1325 518 ingentibus
1355 479 1482 519 aeger

291 524 415 575 Spem
443 523 557 563 voltu
588 521 777 572 simulat,
804 521 958 573 premit
984 522 1118 562 altum
1147 522 1275 563 eorde
1306 522 1505 564 dolorem.

290 579 357 619 Illi
387 593 430 620 se
458 578 641 632 praedae
669 578 895 629 accingunt
923 578 1187 632 dapibusque
1214 578 1385 621 suturis:

1829 581 1910 620 210

290 636 475 688 Torgora
504 635 718 687 deripiunt
748 636 875 675 costis
900 638 941 676 et
972 636 1134 677 viscera
1166 636 1354 687 nudant,

290 693 394 733 Pars
421 693 463 733 in
491 692 629 733 frusta
660 695 805 732 secant
835 692 1089 745 veribusque
1117 693 1342 734 trementia
1370 692 1524 745 figunt3

288 749 433 790 Litore
461 762 568 790 aena
592 749 738 790 locant
765 749 837 790 alii
864 749 1139 803 flammasque
1163 750 1416 790 ministrant.

289 806 394 846 Tum
424 806 537 846 victu
564 809 765 847 revocant
788 806 914 858 vires,
943 807 1108 860 fusique
1139 821 1216 860 per
1244 806 1420 847 herbam

289 863 524 916 Implentur
548 863 701 904 veteris
727 863 883 904 Bacchi
913 864 1168 917 pinguisque
1200 863 1372 904 ferinae.

288 919 519 972 Postquam
547 924 742 974 exempta
765 920 898 962 fames
924 922 1056 974 epulis
1083 934 1335 974 mensaeque
1362 921 1562 970 remotae,

289 977 478 1019 Amissos
509 977 636 1031 longo
663 977 802 1019 socios
831 992 1024 1020 sermone
1048 979 1281 1033 requirunt,

335 1081 409 1112 206.
428 1082 504 1121 fas.
552 1084 711 1117 ..Dicendo
736 1082 800 1123 sas
831 1085 963 1113 ostendit
997 1085 1074 1113 alibi

289 1129 396 1158 nefas.
433 1134 462 1157 ut
495 1134 669 1158 occurreret
702 1130 884 1164 cogitationi
906 1131 1074 1167 sociorum,

289 1183 328 1202 110
356 1174 477 1207 fatigati
505 1179 545 1203 101
576 1176 671 1203 malis
702 1184 906 1210 quascunque
936 1177 1075 1210 require-

290 1224 355 1248 10111
382 1222 489 1251 sedes.
525 1222 604 1254 quod
633 1221 727 1249 etiam
761 1222 792 1249 in
820 1222 927 1255 quinto
957 1221 1074 1250 factum

288 1270 352 1297 051,
380 1266 518 1294 navibus
543 1266 703 1294 incensis·
728 1269 758 1294 S.
808 1267 909 1295 Simul
933 1267 1073 1295 animum

290 1311 403 1339 10111111.
439 1312 518 1345 quod
550 1311 647 1339 fatum
674 1311 779 1347 frangi
810 1320 872 1339 non
896 1316 1006 1346 potest.
1036 1327 1073 1331 ——

296 1353 504 1391 Ostendant,
531 1357 576 1384 ita
599 1357 693 1385 etiam
719 1358 783 1386 Cic.
808 1358 841 1385 C.
865 1359 907 1385 Μ.
939 1355 978 1385 18
1013 1355 1077 1385 ser

310 1423 333 1429 ..
359 1398 507 1430 ostendit
518 1400 659 1439 fructus
674 1400 829 1438 futuros.
878 1403 965 1431 Fam.
989 1400 1076 1437 5,12

291 1443 380 1485 quod
406 1443 490 1475 mihi
511 1454 613 1486 saepe
637 1444 789 1476 ostendis
814 1449 845 1476 te
869 1455 941 1476 esse
956 1446 1078 1484 sactu-

290 1499 377 1520 rum.
414 1493 492 1520 Sall.
508 1493 574 1526 lug.
593 1490 635 1519 23
653 1489 890 1529 defensoribus
908 1490 1077 1521 moenium

288 1534 447 1576 praemia
465 1534 581 1573 modo,
609 1535 708 1567 modo
723 1535 948 1575 formidinem
969 1540 1080 1567 osten-

291 1584 376 1611 tare.
414 1580 465 1610 66.
494 1580 546 1611 68.
579 1598 615 1602 —
648 1580 844 1622 Resurgere
866 1584 980 1612 dicitur
1005 1586 1080 1612 urbs

290 1628 397 1656 eodem
420 1629 525 1657 modo.
554 1636 614 1662 quo
640 1631 733 1657 stare
759 1629 943 1664 incolumis,
969 1626 1080 1657 iacere

291 1674 408 1709 diruta,
432 1673 471 1702 cf.
498 1675 572 1702 Hor.
599 1674 632 1702 C.
658 1672 693 1708 2,
722 1671 781 1709 17,
809 1671 859 1702 12.
906 1673 943 1709 3,
971 1672 1007 1708 3,
1037 1672 1078 1701 65

290 1720 341 1747 ter
356 1716 386 1746 si
404 1720 568 1758 resurgat
584 1727 701 1748 murus
715 1727 852 1748 aeneus.
894 1717 976 1748 Nclc.
991 1721 1077 1748 vult:

297 1760 456 1793 Latium.-
482 1761 577 1793 sedes
604 1780 640 1784 -—
671 1763 873 1802 ostendunt,
903 1762 976 1793 illic
1000 1770 1057 1793 etc.

337 1807 411 1837 207.
443 1807 586 1847 Durate,
612 1819 642 1838 v.
662 1810 796 1838 intrans.
822 1815 852 1839 111
875 1811 1006 1844 saepius
1027 1817 1077 1844 ap.

292 1860 399 1889 poetas
417 1859 444 1883 et
461 1855 590 1883 Livium
611 1853 661 1892 10,
684 1853 736 1884 46.
769 1854 822 1891 23,
847 1853 895 1883 18.
939 1855 984 1884 Cf.
1006 1853 1077 1883 104.

293 1963 476 1995 208—22.
525 1963 651 1995 Maesti
684 1964 823 2015 Troiani
853 1962 897 1996 oh
929 1965 1077 1996 amissos

622 2017 747 2040 socios.

337 2076 411 2105 208.
438 2084 545 2118 aeger
579 2079 681 2112 curis,
721 2079 759 2108 cf.
793 2077 869 2108 351.
905 2095 942 2099 -
978 2081 1078 2109 Ducis

291 2128 338 2151 vsi
376 2124 554 2159 exhortari,

292 2170 382 2197 nulla
407 2168 459 2196 sit.

338 2211 412 2241 209.
436 2211 561 2252 premit
574 2211 683 2243 allum
697 2212 798 2244 corde
816 2212 985 2244 dolorem.-
1016 2218 1080 2245 Do-

293 2261 407 2295 lorem,
433 2260 486 2293 qui
510 2267 644 2295 magnus
668 2261 826 2297 exsurgit,
854 2262 1014 2296 deprimit,
1041 2271 1080 2290 110

292 2308 459 2340 appareat:
487 2305 530 2332 ita
544 2313 697 2343 premere
719 2314 836 2334 curam
852 2304 881 2342 4,
900 2304 975 2335 332.
1020 2308 1079 2335 Cui

292 2350 485 2379 contrarium
517 2348 623 2379 altius
643 2353 792 2390 surgunt
820 2348 893 2380 irae
923 2349 979 2388 10,
1002 2349 1077 2381 813.

293 2397 484 2435 assurgunt
504 2392 578 2423 irae
601 2393 651 2429 12,
678 2393 752 2424 494.
775 2412 811 2415 —
836 2394 948 2425 Altior
968 2405 1081 2436 pauor

295 2441 410 2477 legitur
447 2448 498 2475 ap.
526 2442 598 2469 Tae.
638 2437 697 2477 16,
733 2439 784 2470 29.
834 2442 880 2471 Cf.
913 2444 1077 2472 Schilleri:

298 2483 390 2514 Mein
434 2487 727 2521 uberschwellend,
774 2484 865 2515 mein
912 2487 1080 2527 emportes

297 2527 388 2559 Herz
419 2527 497 2559 hab’
530 2528 584 2560 ich
607 2533 855 2568 hinabgedriickt
886 2529 920 2561 in
946 2531 1081 2562 meinen

298 2572 423 2611 Busen,
454 2580 481 2603 et
506 2578 628 2605 Nemes.
650 2579 715 2606 Ecl.
739 2575 768 2614 4,
797 2574 835 2605 16
864 2574 955 2614 Quid
981 2576 1082 2608 vultu

295 2622 439 2649 mentem
461 2620 588 2660 premis
611 2624 643 2652 et
665 2631 757 2662 spem
776 2621 896 2660 fronte
919 2631 1082 2653 serenans

295 2670 351 2693 etc.

341 2707 416 2737 210.
441 2708 613 2749 praedae.-
652 2712 789 2741 Dativus
814 2715 861 2740 est
886 2715 1056 2746 poetarum.

342 2752 415 2782 211.
443 2752 616 2795 deripiunt
648 2758 685 2786 cf.
721 2754 777 2789 10,
808 2754 881 2785 475.
927 2755 982 2794 ll,
1015 2756 1079 2786 743

297 2803 334 2828 011
370 2801 509 2828 additum
548 2799 650 2830 cos-tis
686 2803 778 2831 unice
820 2810 939 2830 verum.
1002 2800 1078 2832 Der.

298 2848 381 2880 prob.
415 2843 497 2885 Wg.
524 2843 603 2874 Wd.
626 2844 686 2876 Ld.
705 2845 769 2876 dir.
795 2850 880 2881 prob.
908 2845 969 2876 Rb.
996 2845 1077 2877 ch.

303 2888 365 2919 Dis
394 2891 498 2926 signat
523 2891 664 2925 aliquam
693 2894 825 2921 duarum
857 2901 959 2921 rerum
985 2900 1078 2927 sepa-

298 2937 467 2971 rationem,
500 2933 540 2964 ‹ie
572 2938 703 2965 alterius
728 2941 767 2966 ah
800 2940 901 2966 altera
934 2939 1079 2966 remotio-

298 2990 378 3010 nem.
427 2981 473 3010 Cf.
506 2978 580 3009 224.
613 2980 648 3015 3,
678 2980 753 3011 419.
810 2984 841 3012 Α
871 2984 1012 3012 librariis
1045 2984 1078 3011 in

299 3028 349 3055 his
382 3027 516 3056 vocibus
545 3031 608 3056 tam
638 3034 734 3063 saepe
768 3033 904 3058 erratum
943 3032 1006 3066 est,
1045 3033 1079 3057 ut

603 2125 729 2153 etiamsi
766 2125 829 2160 ipsi
869 2134 944 2160 spes
979 2133 1079 2161 paene

1122 1085 1249 1119 scriptis
1280 1084 1372 1112 libris
1407 1090 1508 1118 paene
1540 1082 1583 1111 sit
1611 1081 1786 1111 auctoritas
1810 1082 1910 1109 nulla.

1125 1145 1161 1150 ——
1194 1127 1324 1158 viscera
1351 1129 1388 1158 cf.
1414 1128 1450 1162 6,
1477 1126 1552 1156 253.

1167 1173 1242 1203 212.
1267 1182 1351 1214 pars
1369 1175 1496 1203 secam.
1532 1174 1740 1202 Collectivum
1756 1181 1827 1201 011111
1840 1174 1912 1208 plu-

1121 1221 1181 1249 rali
1209 1221 1299 1249 verbi
1326 1220 1460 1254 proximi
1487 1219 1525 1248 cf.
1553 1221 1603 1247 Gr.
1629 1220 1650 1253 ς
1676 1217 1757 1255 242,
1783 1219 1812 1246 5.
1859 1218 1912 1246 Sic

1119 1263 1228 1306 pubes
1255 1265 1285 1299 5,
1315 1264 1386 1293 120.
1426 1272 1539 1303 genus
1564 1263 1594 1299 6,
1619 1262 1695 1293 581.
1732 1261 1831 1292 turba
1859 1261 1911 1300 11,

1125 1309 1198 1339 143.
1253 1312 1289 1339 111
1323 1311 1389 1338 11011
1424 1310 1457 1337 111
1492 1312 1595 1337 altera
1629 1310 1785 1338 enuntiati
1825 1312 1913 1343 parte

1123 1356 1370 1384 usitatissimum
1405 1359 1437 1383 ut
1471 1352 1509 1389 2,
1540 1352 1581 1382 32
1620 1352 1705 1384 Pars
1735 1356 1847 1394 stupet
1881 1355 1914 1383 et

1123 1399 1306 1429 mirantur.
1328 1416 1364 1419 d
1390 1397 1570 1429 Pars-alii
1595 1404 1627 1428 ut
1647 1402 1681 1428 E.
1708 1397 1736 1435 1,
1753 1399 1793 1428 65
1816 1400 1914 1428 etiam

1123 1454 1173 1480 ap.
1206 1448 1283 1474 Sall.
1319 1446 1510 1480 saepissime
1541 1449 1741 1479 opponuntur
1773 1445 1811 1475 cf.
1844 1446 1911 1480 lug.

1125 1489 1176 1519 57.
1196 1489 1248 1519 58.
1270 1489 1320 1519 69.
1345 1493 1386 1520 al.
1405 1506 1442 1510 —
1466 1488 1598 1519 veribus
1615 1493 1656 1519 M.
1674 1492 1712 1519 R.
1733 1493 1774 1519 al.
1792 1499 1914 1528 omnes,

1125 1541 1156 1565 ut
1185 1538 1219 1565 G.
1246 1534 1276 1573 2,
1301 1535 1374 1565 396.
1413 1537 1494 1564 Aen.
1518 1535 1549 1572 5,
1579 1533 1651 1565 103.
1689 1534 1834 1566 verubus
1858 1537 1912 1571 P.;

1125 1585 1235 1617 prohat
1264 1579 1400 1610 veribus
1432 1582 1560 1610 Plinius
1595 1584 1679 1616 apud
1711 1582 1912 1617 Cliarisium3

1126 1636 1184 1656 nec
1214 1628 1320 1656 minus
1352 1629 1434 1662 apud
1467 1627 1550 1655 alios
1587 1628 1757 1662 scriptores
1787 1628 1914 1656 videtur

1126 1673 1287 1707 praeferri.
1316 1688 1352 1692 -—-
1389 1669 1583 1701 'frementia
1615 1673 1681 1700 noli
1707 1681 1778 1702 011111
1800 1673 1913 1701 Servio

1125 1719 1270 1752 accipere
1282 1720 1407 1753 „adhuc
1421 1716 1641 1753 palpitaiitia“,
1655 1719 1747 1752 quasi
1764 1726 1800 1746 eo
1817 1721 1912 1747 verbo

1123 1764 1317 1798 significetur
1343 1764 1453 1791 edendi
1480 1764 1654 1799 cupiditas,
1687 1772 1750 1798 qua
1779 1764 1914 1799 correpti

1125 1818 1187 1837 non
1215 1813 1397 1843 exspectent
1423 1808 1569 1843 Troiani,
1607 1810 1681 1837 dum
1710 1810 1813 1838 omnis
1844 1811 1914 1838 vita

1124 1864 1166 1883 ex
1191 1855 1291 1882 bestia
1321 1855 1452 1882 recedat.
1503 1855 1608 1882 Potest
1641 1854 1671 1882 id
1700 1856 1824 1889 quidem
1850 1855 1913 1883 dici

1125 1900 1157 1927 in
1182 1901 1377 1935 Polyphemo
1402 1898 1437 1933 3,
1466 1897 1540 1927 627.
1588 1900 1737 1937 Accedit,
1767 1901 1848 1934 quod
1871 1909 1913 1929 ex

1124 1946 1165 1973 iis
1192 1952 1273 1979 quae
1296 1950 1390 1973 antea
1414 1949 1544 1972 narrata
1568 1949 1643 1973 sunt
1666 1950 1814 1983 apparet,
1844 1954 1914 1975 001-

1124 1998 1183 2019 vos
1216 1991 1279 2018 iam
1313 1999 1366 2024 per
1391 1990 1523 2024 aliquod
1548 1994 1670 2025 tempus
1693 1999 1765 2020 esse
1789 1998 1911 2021 caesoS.

1124 2037 1270 2064 Tremunt
1295 2037 1376 2070 quod
1403 2044 1479 2063 veru
1503 2039 1677 2064 moventur.

1171 2079 1244 2109 213.
1271 2081 1341 2109 Alii
1365 2088 1482 2115 aquam
1506 2081 1707 2118 calefaciunt,
1731 2089 1795 2116 qua
1819 2086 1912 2110 utan-

1125 2131 1173 2154 tur
1198 2126 1252 2159 (ut
1277 2127 1419 2161 videtur,
1450 2134 1522 2155 nam
1548 2127 1620 2161 vgi.
1646 2135 1707 2155 non
1731 2128 1849 2164 dixit),
1871 2129 1913 2156 ad

1125 2179 1252 2200 carnem
1287 2173 1463 2201 lavandam
1495 2176 1525 2200 et
1563 2174 1756 2207 coquendam
1787 2175 1840 2202 vel
1872 2175 1912 2202 ad

1124 2218 1212 2246 alias
1236 2226 1285 2246 res
1310 2218 1520 2246 necessarias.

1173 2260 1247 2291 214.
1266 2260 1346 2300 fusi
1367 2271 1430 2302 per
1451 2259 1590 2292 herbam
1614 2263 1652 2292 cf.
1676 2262 1715 2300 5,
1748 2260 1819 2291 102.

1171 2305 1245 2336 215.
1277 2305 1416 2347 Impleri
1454 2316 1524 2336 cum
1569 2308 1711 2344 genitivo
1754 2305 1788 2345 2,
1834 2306 1910 2337 586.

1127 2354 1190 2382 Cic.
1218 2354 1307 2381 Verr.
1337 2353 1373 2387 5,
1400 2351 1459 2389 57,
1497 2351 1558 2380 147
1592 2361 1695 2391 quum
1724 2351 1913 2393 completus

1126 2396 1195 2426 iam
1221 2400 1448 2427 mercatorum
1480 2405 1596 2426 carcer
1619 2400 1714 2427 esset.
1760 2401 1848 2428 Fam.
1881 2398 1912 2438 9,

1126 2441 1178 2480 18,
1203 2442 1232 2471 4.
1273 2444 1344 2471 Liv.
1367 2441 1394 2480 1,
1413 2440 1454 2471 46
1483 2440 1646 2472 Celeriter
1663 2440 1912 2474 adolescentem

1125 2497 1209 2518 suae
1232 2485 1437 2517 temeritatis
1462 2486 1579 2527 implet
1599 2490 1641 2516 al.
1667 2489 1705 2518 cf.
1724 2491 1775 2518 Gr.
1799 2491 1820 2525 §
1835 2488 1910 2519 271.

1172 2530 1246 2561 216.
1273 2533 1384 2562 Simile
1398 2530 1518 2570 8,184.
1558 2534 1680 2571 „Caute
1697 2535 1730 2562 in
1752 2536 1913 2564 maestitia

1127 2579 1206 2608 cibis
1228 2579 1342 2607 famem
1366 2583 1543 2613 exemptam
1563 2579 1637 2608 dicit
1661 2580 1680 2607 i.
1697 2588 1723 2608 0.
1746 2577 1911 2615 fugatam‘

1127 2627 1158 2652 S.
1207 2625 1312 2666 Aliter
1338 2621 1413 2652 723.
1450 2640 1486 2643 —
1516 2632 1719 2663 mensaeque
1741 2627 1912 2655 remotae:

1127 2670 1228 2698 Simul
1257 2669 1341 2697 enim
1377 2678 1447 2699 cum
1477 2670 1581 2704 epulis
1610 2677 1740 2698 mensae
1766 2673 1913 2700 solebant

1126 2715 1242 2749 apponi
1259 2718 1286 2742 et
1303 2715 1421 2743 auferri
1444 2717 1528 2749 apud
1542 2716 1719 2750 Romanos;
1742 2715 1815 2744 inde
1831 2719 1912 2746 haee

1126 2760 1261 2788 formula
1286 2761 1425 2795 dicendi,
1457 2768 1521 2795 qua
1545 2761 1671 2789 omnino
1694 2760 1783 2789 finem
1805 2762 1911 2796 epuiis

1123 2814 1196 2833 esse
1221 2806 1401 2840 impositum
1425 2806 1628 2840 significatur.
1683 2802 1730 2834 Pl.
1753 2808 1816 2841 legi
1841 2808 1912 2836 vult

1124 2847 1274 2879 relictae.

1171 2892 1244 2923 217.
1272 2896 1318 2923 De
1340 2904 1373 2923 re
1397 2896 1479 2924 tristi
1499 2895 1527 2924 si
1550 2894 1793 2924 confabulantur
1808 2896 1910 2925 homi-

1123 2948 1197 2975 1105,
1236 2948 1413 2969 sermonem
1447 2943 1546 2969 solent
1576 2940 1708 2969 libenter
1739 2942 1911 2976 producere

1123 2989 1218 3019 atque
1250 2985 1282 3013 in
1315 2994 1350 3013 eo
1375 2986 1443 3020 ipso
1472 2986 1600 3020 aliquod
1623 2985 1787 3014 infortunii
1811 2993 1910 3021 quae-

1124 3039 1192 3059 rere
1213 3032 1360 3059 levamen
1386 3038 1425 3060 ac
1447 3031 1608 3060 solatium.
1644 3046 1680 3051 —
1717 3028 1910 3071 Requiruut
