2023 3350
291 122 372 161 562

855 123 890 154 Ρ.
917 122 1113 156 vlnGtLu
1138 124 1352 157 MARONJS

293 232 428 273 Unam
463 243 513 270 ex
553 229 788 282 virginibus
827 230 956 270 sociis
996 244 1206 285 sacraque
1237 239 1425 287 caterva,

293 286 606 339 Uompellabat.
645 291 687 327 et
723 286 800 327 has
833 287 970 328 tristis
1002 288 1184 330 Latonia
1223 306 1346 334 voces

292 346 375 384 Ore
409 342 561 384 dabat:
603 343 808 385 Graditur
846 344 1004 385 bellum
1035 345 1090 386 ad

292 401 325 440 O
359 400 493 453 virgo,
531 403 573 441 et
610 401 768 442 nostris
805 402 1094 455 nequidquam
1126 403 1310 457 cingitur
1343 409 1485 458 armis,

292 457 403 498 Cara
440 457 543 497 mihi
579 462 677 499 ante
712 458 838 510 alias;
876 473 1012 512 neque
1048 461 1159 501 enim
1195 475 1326 502 novus
1363 464 1445 504 iste
1485 466 1649 505 Dianae

292 514 416 555 Venit
454 528 591 565 amor,
633 515 862 569 subitaque
902 517 1089 558 animum

290 571 439 612 Pulsus
477 571 530 612 ob
569 572 772 614 invidiam
814 588 945 627 regno
984 575 1181 628 viresque
1219 575 1426 628 superbas

291 628 488 669 Priverno
525 630 703 682 antiqua
737 630 934 672 Metabus
970 646 1100 685 quum
1135 633 1356 675 excederet
1392 635 1509 683 urbe,

1127 348 1296 390 crudele
1337 351 1530 400 Camilla,
1843 353 1924 390 535

1125 518 1349 559 dulcedine
1390 523 1532 562 movit..

1842 636 1923 674 540

289 685 518 737 Infantem,
556 686 720 740 fugiens
759 689 900 730 media
932 690 1044 731 inter
1079 690 1244 744 proelia
1276 690 1388 732 belli.

290 742 471 784 Sustulit
505 744 652 786 exsilio
693 747 912 791 comitem.
952 748 1187 801 mat-risque
1223 748 1394 789 vocavit

288 800 466 842 Nomine
499 802 724 845 Casmillae
761 808 928 846 mutata
966 809 1090 858 parte
1125 806 1361 848 Camillam.

286 965 391 992 soluto
416 972 489 992 esse
525 964 675 994 insertos.
725 968 909 996 Destinavit
941 968 1079 997 fortasse

287 1009 359 1037 libri
388 1010 458 1038 vn.
484 1011 546 1038 tini.
597 1013 672 1045 Ipsa
695 1013 831 1042 historia
856 1015 930 1043 hinc
949 1017 1079 1043 sublata

285 1063 322 1082 eo
356 1055 451 1084 facile
484 1056 650 1085 transferri
685 1064 805 1092 poterat
838 1059 996 1094 {Poteratl
1036 1062 1077 1089 At

286 1108 392 1129 nonne
426 1102 512 1130 videt
541 1104 600 1131 hoc
639 1106 707 1132 loco
738 1106 878 1134 Dianam
908 1107 1078 1141 aptissime

285 1154 442 1181 exponere
467 1148 607 1176 studium
636 1149 796 1180 Camillae
827 1160 940 1186 suurn,
979 1161 1077 1187 quum

284 1192 365 1220 libro
387 1193 458 1221 vn.
486 1201 538 1222 res
563 1199 649 1222 esset
679 1197 761 1225 satis
790 1198 1076 1234 supervacaneass

284 1239 411 1272 Inspice
436 1239 510 1267 libri
535 1240 606 1269 vn.
635 1237 697 1268 811
722 1239 839 1271 Ferret
859 1259 902 1263 —
922 1243 1078 1283 plantas.

284 1284 361 1311 Post
378 1284 471 1312 illum
484 1293 614 1313 versum
628 1287 714 1322 lege:
748 1285 913 1317 Priverno
930 1287 1078 1330 antiqua

283 1333 340 1358 etc.
374 1330 520 1358 Historia
551 1330 669 1360 linitur:
713 1332 896 1362 Aeternum
932 1334 1078 1364 telorum

284 1376 315 1402 et
340 1372 561 1415 virginitatis
582 1385 732 1406 amorem
759 1376 968 1409 Intemerata
1001 1379 1081 1409 colit

285 1419 402 1454 (huius
446 1420 520 1449 libri
553 1430 585 1449 v.
620 1420 717 1458 584).
767 1426 890 1459 Optime
934 1427 1080 1461 sequitur

290 1462 390 1493 Illam
410 1463 520 1494 omnis
543 1465 642 1495 tectis
663 1465 713 1502 (7.
741 1467 838 1505 812).
891 1472 996 1500 Locus
1020 1480 1079 1500 au-

288 1516 349 1539 tem
375 1511 407 1538 in
431 1513 491 1540 hoc
514 1512 604 1546 libro,
632 1513 709 1541 aliis
726 1515 766 1542 ad
790 1517 908 1544 librum
924 1518 1077 1546 V11.tra-

282 1557 396 1588 ductis,
420 1557 469 1586 sic
490 1559 700 1587 connectitur:
729 1559 793 1588 537
815 1561 905 1590 Cara
936 1560 1074 1591 mihi...

290 1599 389 1630 Venit
415 1610 514 1631 amor
531 1624 559 1631 ..
584 1626 590 1631 .
612 1603 726 1634 movit.
751 1605 815 1634 587
847 1605 970 1636 Γετιιηι
1008 1617 1078 1649 age

281 1648 341 1676 etc.
358 1648 482 1676 Versus
499 1646 677 1676 584—535
696 1648 823 1680 Vellem
840 1674 846 1680 .
865 1674 872 1680 .
893 1674 900 1680 .
922 1662 1075 1682 mearum

281 1693 483 1722 inseruerunt
507 1694 614 1723 Tucca
640 1700 669 1723 et
699 1697 829 1726 Varius.
856 1700 908 1726 vel
935 1699 1003 1729 alii.
1043 1704 1077 1727 ut

281 1739 345 1766 ista
374 1740 414 1766 ad
444 1746 537 1767 suam
567 1740 749 1774 opinionem
785 1744 991 1772 ordinarent··
1026 1742 1072 1772 ΡΙ.

284 1785 329 1812 Ea
354 1789 420 1812 arte
447 1785 559 1813 critica
583 1786 769 1816 constitues.
795 1789 947 1824 quidquid
978 1790 1073 1818 velis.

324 1850 400 1879 532.
427 1849 581 1881 interea:
607 1855 720 1890 „Licet
748 1853 881 1884 intr-rea
913 1858 1073 1892 particula

278 1898 408 1933 negotia
431 1905 558 1933 semper
583 1901 765 1934 praeteritis
798 1902 907 1931 futura
939 1904 1072 1932 coniun-

277 1948 348 1979 gat,
387 1948 492 1972 tamen
526 1947 681 1980 abruptus
709 1952 757 1975 est
783 1953 813 1976 et
845 1948 1073 1983 vituperabilis

279 1989 442 2017 transitus
480 1994 509 2018 et
541 1991 574 2018 in
606 1992 825 2026 superioribus
853 1994 946 2022 libris
975 2000 1004 2023 et
1041 1996 1073 2023 in

277 2035 426 2069 sequenti
450 2037 639 2071 praecipue,
680 2039 733 2066 ubi
760 2040 902 2074 Iuppiter
931 2042 1072 2075 appellat

279 2081 466 2109 lunonemst‘
489 2083 521 2109 S.
552 2090 583 2110 v.
616 2080 692 2111 791.
746 2085 835 2118 Quod
877 2093 973 2120 quam
1016 2089 1073 2115 ab-

279 2131 407 2160 ruptum
432 2131 462 2155 et
486 2127 701 2162 vituperabile
723 2131 774 2160 sit.
797 2135 829 2159 ut
853 2139 963 2161 omnes
988 2134 1074 2167 apud

278 2179 313 2199 se
353 2172 477 2207 possint
514 2175 724 2207 constituere,
776 2178 863 2205 locos
913 2185 1072 2212 apponam

276 2224 387 2246 omnes
414 2218 583 2250 Aeneidis,
627 2221 744 2255 quibus
781 2220 912 2251 interea
945 2225 1071 2260 legitur,

277 2271 379 2298 neque
404 2265 507 2293 ullum
524 2266 679 2295 omissum
705 2275 779 2296 esse
803 2269 947 2298 arbitror.
991 2271 1070 2298 Sunt

278 2306 306 2341 1,
335 2307 406 2337 124.
437 2307 509 2337 180.
537 2307 614 2340 418.
639 2310 715 2340 459.
742 2312 815 2342 633.
865 2313 895 2349 2,
914 2312 967 2343 57.
994 2313 1069 2344 250.

275 2351 351 2382 298.
402 2352 433 2389 3,
465 2353 541 2384 284.
575 2355 650 2386 472.
675 2356 749 2386 508.
784 2357 859 2387 568.
911 2359 940 2394 -1,
972 2359 1067 2397 (67.)

276 2396 350 2428 129.
384 2398 454 2428 160.
485 2399 605 2438 (291.)
653 2403 690 2440 5,
729 2402 755 2432 1.
799 2403 875 2434 755.
911 2403 987 2434 779.
1038 2405 1069 2443 6,

275 2442 350 2474 212.
374 2443 494 2482 (523.)
517 2444 593 2476 703.
649 2445 679 2484 7,
706 2447 781 2478 572.
825 2448 857 2486 8,
888 2449 961 2480 172.
990 2449 1064 2480 213.

275 2488 349 2519 280.
399 2489 429 2527 9,
453 2489 504 2520 41.
535 2490 607 2522 159.
633 2492 709 2523 367.
736 2492 810 2524 422.
837 2494 912 2525 473.
956 2494 1008 2534 10,
1038 2496 1064 2527 t.

274 2533 349 2564 118.
379 2534 450 2565 164.
474 2535 551 2566 256.
576 2536 652 2567 287.
681 2538 758 2570 439.
783 2539 860 2571 575.
890 2541 965 2572 606.
988 2541 1065 2572 665.

273 2579 349 2610 689.
383 2580 459 2610 833.
513 2581 569 2619 tt.
615 2583 642 2613 1.
680 2584 731 2614 22.
768 2584 842 2615 182.
875 2586 949 2616 532.
986 2587 1063 2618 597.

272 2624 347 2655 896.
402 2625 450 2657 12.
479 2626 552 2657 107.
582 2627 653 2658 161.
680 2629 755 2660 384.
782 2629 856 2660 614.
882 2631 957 2661 791.
985 2631 1062 2663 842.

275 2687 312 2691 -
340 2673 447 2702 Diana
485 2675 522 2703 de
544 2677 634 2704 caelo
670 2682 897 2715 prospectans,
940 2685 1062 2710 maesta

270 2719 353 2752 quod
377 2719 536 2749 Camillae
560 2722 662 2751 vitam
691 2731 824 2753 servare
855 2733 919 2753 non
950 2727 1062 2761 possit,

270 2764 403 2793 demittit
427 2768 603 2801 nympham
627 2768 735 2805 Opim,
778 2777 861 2804 quae
883 2777 955 2800 eam
979 2776 1063 2801 certe

269 2810 461 2844 ulciscatur;
499 2819 563 2846 qua
588 2814 663 2842 data
681 2815 852 2844 occasione
877 2822 987 2846 narrat
1010 2818 1062 2846 vi-

268 2861 332 2883 tam
360 2856 530 2885 Camillae.

313 2919 388 2949 534,
417 2923 542 2957 „tristis
576 2926 618 2953 ist
648 2927 702 2955 mit
726 2935 824 2956 voces
857 2937 897 2958 zu
928 2931 1058 2959 verbin-

267 2966 347 2994 111111·-
381 2964 440 2996 Ld.
487 2971 552 3005 Ego
579 2971 676 3008 iungo
702 2981 774 3002 cum
805 2970 973 3005 Latonia.
1016 2978 1056 3005 ad

268 3019 362 3038 voces·
388 3014 583 3045 adiectivum
610 3017 674 3046 iam
699 3023 746 3047 est
771 3016 844 3047 hm.

1171 967 1248 997 535.
1277 969 1384 997 Oratio
1412 969 1538 997 Dianae
1563 968 1765 1003 vituperatur
1794 974 1919 1004 propter

1125 1017 1155 1043 11.
1182 1024 1213 1043 v.
1239 1020 1268 1043 et
1295 1013 1370 1043 557.
1396 1012 1448 1042 66.
1481 1012 1535 1050 82,
1566 1022 1646 1048 quos
1677 1015 1784 1043 Diana
1815 1015 1919 1044 dicere

1125 1069 1187 1089 non
1209 1065 1325 1095 posset.
1375 1061 1435 1088 sed
1459 1064 1558 1094 potest
1582 1060 1610 1088 is
1638 1061 1691 1094 qui
1715 1065 1825 1089 narrat
1858 1069 1917 1089 suo

1124 1107 1251 1135 nomine
1276 1107 1333 1141 uti,
1358 1106 1396 1135 cf.
1417 1103 1447 1140 2,
1469 1104 1529 1141 793
1552 1113 1590 1134 ac
1604 1113 1702 1139 quum
1721 1105 1918 1134 orationibus

1123 1153 1296 1187 scriptores
1321 1152 1446 1186 antiqui
1469 1151 1662 1186 saepissime
1678 1156 1842 1181 uterentur
1860 1160 1916 1186 pro

1123 1198 1383 1233 narrationibus,
1424 1202 1457 1225 ut
1486 1198 1559 1226 eius
1589 1199 1627 1226 de
1658 1206 1720 1232 quo
1742 1199 1918 1226 narrabant

1123 1250 1153 1273 et
1171 1252 1264 1278 quem
1289 1245 1445 1274 dicentem
1475 1243 1670 1273 inducebant
1701 1243 1841 1273 consilia
1863 1244 1916 1271 de-

1125 1291 1285 1318 clararent
1312 1296 1340 1319 et
1354 1290 1506 1322 rationes,
1532 1297 1763 1323 nonnunquam
1781 1289 1917 1318 formam

1125 1336 1297 1371 orationis,
1337 1341 1370 1364 ut
1398 1342 1479 1370 quae
1506 1343 1569 1363 non
1596 1339 1681 1363 esset
1713 1335 1778 1363 nisi
1804 1335 1916 1367 forma,

1124 1381 1275 1410 omisisse
1297 1390 1351 1410 eos
1367 1382 1515 1410 videmus
1530 1386 1558 1410 et
1581 1381 1750 1410 deflexisse
1779 1381 1812 1408 in
1843 1388 1918 1409 nar-

1124 1428 1289 1456 rationem.
1319 1427 1366 1456 ef.
1394 1425 1517 1455 v.543.
1547 1425 1574 1460 1,
1596 1425 1670 1454 2⁴6.
1688 1425 1763 1455 2118.
1792 1424 1821 1462 2,
1839 1425 1916 1455 50⁴.

1126 1488 1168 1492 -—
1194 1480 1252 1501 ore
1277 1471 1386 1501 dabat
1412 1481 1526 1501 voces:
1549 1472 1587 1501 cf.
1617 1470 1648 1507 4,
1675 1470 1751 1500 344.

1170 1516 1245 1546 536.
1272 1516 1411 1554 nostrie,
1427 1519 1539 1553 qualia
1558 1526 1616 1546 nos
1634 1519 1776 1554 gerimus
1789 1516 1916 1547 enti-52.

1169 1562 1244 1591 539.
1272 1561 1362 1593 vires
1398 1562 1582 1604 superbas,
1630 1564 1747 1598 quibus
1781 1566 1917 1598 superbe

1122 1611 1278 1638 utebatur.

1169 1653 1244 1683 540.
1277 1652 1479 1684 Privernum
1517 1654 1550 1683 in
1590 1654 1683 1682 Latio
1722 1654 1915 1682 Volscorum

1122 1700 1281 1734 oppidum.
1313 1715 1349 1720 —-
1376 1698 1541 1740 antiqua.-
1564 1701 1685 1735 .,nobili
1711 1702 1787 1728 urbe
1801 1698 1861 1732 (cf.
1885 1697 1913 1735 t,

1122 1743 1224 1781 531),
1264 1753 1339 1773 nain
1376 1742 1438 1774 hoc
1469 1746 1664 1774 Privernum
1695 1746 1843 1774 dicitur.“
1879 1747 1912 1773 S.

1123 1790 1169 1818 Cf.
1197 1788 1230 1825 8.
1255 1789 1332 1818 561.

1165 1834 1241 1864 543.
1274 1833 1442 1865 Casmilla
1468 1837 1501 1864 in
1536 1833 1687 1864 Camilla
1714 1840 1746 1865 ut
1776 1833 1914 1865 Casme-

1121 1890 1165 1909 na
1189 1882 1222 1910 in
1253 1880 1404 1911 Camena
1429 1890 1503 1911 esse
1524 1886 1696 1918 mutatum,
1725 1885 1821 1911 vetus
1843 1883 1913 1916 opi-

1119 1928 1172 1955 nio
1196 1932 1254 1956 est.
1305 1929 1476 1957 Camillam
1509 1927 1693 1964 significare
1716 1928 1910 1963 ministram,

1119 1978 1153 2001 ut
1187 1974 1366 2003 Mei-curlus
1401 1974 1526 2003 dicatur
1564 1975 1648 2008 apud
1688 1975 1813 2002 Tuscos
1847 1974 1910 2002 Ca—

1120 2020 1243 2055 millus,
1273 2020 1499 2054 praeminister
1523 2021 1662 2054 deorum,
1697 2021 1786 2049 docet
1810 2021 1910 2048 Macr.

1122 2063 1150 2098 3,
1177 2063 1207 2099 8,
1233 2064 1262 2093 6.
1293 2066 1455 2101 „Romani
1481 2073 1606 2101 quoque
1629 2072 1745 2100 pueros
1765 2069 1796 2094 et
1819 2067 1908 2100 puel-

1119 2112 1171 2139 las
1205 2111 1329 2140 nobiles
1360 2116 1390 2140 et
1419 2112 1565 2140 investes
1599 2111 1757 2140 Camillos
1788 2115 1818 2140 et
1844 2112 1909 2140 Ca—

1119 2157 1229 2185 millas
1247 2159 1422 2192 appellant.
1448 2157 1680 2186 flaminicarum
1698 2161 1728 2186 et
1744 2156 1908 2186 flaminum

1119 2203 1371 2236 praeministros.
1407 2203 1568 2232 Camillus
1587 2203 1714 2238 proprie
1725 2204 1909 2237 appellatur

1118 2256 1195 2282 puer
1232 2249 1413 2285 ingenuus“
1448 2250 1542 2278 Paul.
1583 2249 1666 2277 Fest.
1708 2257 1737 2283 p.
1769 2246 1823 2286 43,
1861 2251 1906 2277 M.

1115 2294 1307 2326 ..Cumeram
1331 2297 1491 2324 vocabant
1514 2295 1637 2329 antiqui
1652 2301 1714 2323 vas
1737 2296 1905 2331 quoddam,

1114 2341 1196 2373 quod
1222 2345 1365 2375 opertum
1390 2341 1424 2369 in
1447 2341 1568 2376 nuptiis
1593 2340 1748 2376 ferebant,
1786 2341 1819 2368 in
1841 2349 1905 2376 quo

1113 2390 1202 2413 erant
1226 2387 1375 2415 nubentis
1398 2386 1563 2423 utensilia,
1587 2387 1670 2421 quod
1689 2390 1719 2415 et
1739 2387 1906 2415 camillum

1113 2431 1277 2467 dicebant,
1322 2440 1359 2461 eo
1398 2433 1480 2467 quod
1525 2440 1690 2461 sacrorum
1720 2432 1903 2461 ministrum

1112 2469 1284 2514 κείσμιλον
1309 2479 1539 2513 appellabant‘·
1575 2486 1603 2513 p.
1639 2477 1692 2506 63.
1734 2477 1774 2506 cf.
1807 2478 1902 2507 Varr.

1111 2522 1174 2550 LL.
1203 2520 1231 2553 7.
1269 2521 1310 2551 34
1336 2521 1571 2560 ,,(,“(ιηιῖ1111η1,
1610 2524 1665 2559 qui
1707 2526 1903 2562 glossemata

1110 2567 1326 2605 interpretati,
1365 2570 1512 2598 dixerunt
1548 2570 1787 2605 administram3
1827 2570 1900 2598 addi

1110 2618 1240 2649 oportet,
1267 2615 1301 2643 in
1323 2615 1374 2643 bis
1401 2623 1483 2650 quae
1508 2617 1697 2652 occultiora;
1722 2617 1829 2650 itaque
1852 2616 1900 2644 di-

1107 2658 1189 2688 citur
1214 2660 1337 2695 nuptiis
1362 2658 1533 2698 camillus,
1565 2662 1619 2696 qui
1643 2669 1807 2692 numerum
1829 2660 1899 2693 fert,

1108 2704 1143 2732 in
1163 2713 1225 2739 quo
1246 2706 1321 2740 quid
1339 2706 1391 2741 sit,
1418 2706 1451 2735 in
1476 2707 1655 2736 ministerio
1676 2708 1819 2743 plerique
1842 2715 1897 2735 ne-

1106 2750 1223 2779 sciunt.
1272 2752 1355 2780 Hinc
1382 2749 1556 2782 Casmilus
1577 2754 1761 2783 nominatur
1785 2754 1897 2782 Samo-

1107 2798 1215 2825 thrace
1239 2797 1405 2832 mysteriis
1434 2798 1508 2827 dius
1545 2799 1675 2834 quidam
1709 2797 1897 2827 administer

1107 2841 1179 2870 Diis
1210 2843 1349 2879 Magnis.
1398 2843 1539 2873 Verbum
1566 2852 1641 2873 esse
1661 2845 1815 2873 Graecum
1842 2851 1895 2873 ar-

1105 2887 1211 2922 bitror,
1237 2890 1319 2923 quod
1340 2889 1425 2923 apud
1439 2890 1676 2919 Callimachum
1689 2889 1723 2917 in
1738 2891 1895 2924 poematis

1104 2932 1174 2961 eius
1199 2931 1345 2962 inveni.“
1383 2935 1475 2964 Adde
1498 2935 1590 2964 Dion.
1608 2935 1681 2963 Hal.
1708 2932 1738 2970 2,
1764 2933 1815 2963 22.
1851 2952 1888 2956 -—

1103 2979 1182 3007 Eam
1222 2983 1328 3008 autem
1365 2981 1613 3014 explicationem
1650 2982 1892 3016 grammaticam

1101 3029 1132 3052 et
1153 3025 1399 3061 etymologicam
1422 3029 1496 3054 sunt
1520 3025 1574 3059 qui
1605 3025 1721 3054 eiicere
1749 3027 1889 3063 cupiant,
