2023 3350
289 84 370 123 580

834 77 870 108 P.
896 76 1091 109 VIRGILU
1120 76 1333 110 MAROMS

286 195 389 248 Opis
426 192 482 233 ad
517 189 753 232 aetherium
788 188 936 241 pennis
973 187 1166 230 aufertur
1198 189 1436 244 Olympum.

400 249 541 289 Prima
569 247 697 299 fugit,
739 245 912 286 domina
951 245 1129 296 amissa,
1167 246 1270 288 levis
1302 248 1371 288 ala
1410 245 1624 293 Camillae,

285 306 461 349 Turbati
493 304 663 357 fugiunt
695 303 859 352 Rutuli,
897 301 1008 355 fugit
1041 316 1140 343 acer
1175 303 1346 356 Atinas3

286 362 546 415 Disiectique
581 361 709 402 duces
748 359 1018 412 desolatique
1050 359 1228 412 manipli

286 421 394 461 Tuta
430 421 582 472 petunt
617 422 659 459 et
694 418 811 471 equis
851 417 989 458 aversi
1027 417 1083 458 ad
1118 416 1286 457 moenia
1323 417 1513 457 tendunt.

286 478 372 519 Nec
410 477 636 530 quisquam
669 475 878 516 instantes
917 474 1100 515 Teucros
1135 474 1352 526 letumque
1388 473 1568 515 ferentes

286 535 533 576 Sustentare
569 533 681 574 valet
719 533 816 574 telis
855 535 930 573 aut
966 532 1117 573 sistere
1153 535 1313 580 contra,

286 591 369 633 Sed
402 591 524 632 laxos
558 589 748 631 referunt
782 589 968 630 humeris
997 588 1297 642 languentibus
1327 601 1471 638 arcus3

251 678 253 681 -
286 647 699 702 Quadrupedumque
738 652 907 701 putrem
944 661 1071 688 cursu
1105 646 1247 699 quatit
1284 644 1444 697 ungula
1482 658 1687 697 campum.

287 707 483 748 Volvitur
522 705 577 748 ad
618 719 760 746 muros
802 705 983 758 caligine
1019 703 1216 745 turbidus
1253 707 1350 744 atra

287 764 446 815 Pulvis,
485 767 528 804 et
566 777 587 804 e
620 762 802 816 speculis
836 776 1062 815 percussae
1094 765 1272 815 pectora
1303 763 1461 800 matres

287 822 532 863 Femineum
567 820 794 861 clamorem
829 819 885 861 ad
923 820 1029 860 caeli
1070 819 1212 860 sidera
1249 817 1419 859 tollunt.

288 879 368 930 Qui
407 892 533 920 cursu
560 881 707 932 portas
745 877 873 931 primi
910 877 1108 930 inrupere
1145 879 1352 930 patentes,

288 936 378 978 Hos
414 936 585 977 inimica
622 949 747 988 super
784 935 918 976 mixto
957 935 1113 988 premit
1153 933 1321 986 agmine
1358 929 1503 979 turba;

287 994 374 1035 Nec
410 993 605 1035 miseram
643 991 849 1045 effugiunt
883 995 1084 1043 mortem,

287 1051 509 1093 Moenibus
541 1050 585 1091 in
621 1050 774 1103 patriis
812 1054 942 1103 atque
978 1050 1090 1091 inter
1125 1053 1220 1090 tuta
1255 1048 1476 1089 domorum

287 1109 450 1151 Confixi
489 1107 708 1161 exspirant
745 1108 921 1149 animas.

1823 358 1906 396 870

1824 643 1905 682 875

1825 929 1908 968 880

1121 991 1195 1033 sed
1234 991 1378 1032 limine
1415 988 1460 1028 in
1494 987 1600 1039 ipso,

980 1107 1085 1148 Pars
1128 1105 1325 1147 claudere
1363 1106 1534 1157 portam

1826 1216 1908 1254 585

287 1167 375 1208 Nec
411 1166 538 1207 sociis
578 1164 745 1218 aperire
772 1165 902 1215 viam,
932 1179 1009 1206 nec
1047 1163 1269 1205 moenibus
1307 1161 1468 1203 audent

286 1224 490 1278 Accipere
528 1226 715 1272 orantes,
751 1223 974 1275 oriturque
1010 1222 1251 1263 miserrima
1291 1219 1443 1261 caedes

287 1280 596 1324 Defendentum
627 1280 758 1322 armis
794 1280 939 1322 aditus
973 1280 1102 1334 inque
1139 1292 1261 1321 arma
1295 1279 1504 1320 ruentum.

289 1451 507 1483 Stis—915.
570 1451 715 1483 Camilla
764 1455 884 1483 necata
933 1450 1075 1493 fugiunt

288 1507 419 1544 Latini;
465 1508 604 1539 Turnus
650 1507 691 1539 ad
731 1507 852 1539 urbem
885 1507 1073 1540 defenden-

289 1564 367 1596 dam
391 1563 570 1600 accelerat;
620 1564 756 1597 Aeneas
786 1564 827 1596 ad
862 1574 937 1596 eam
964 1568 1073 1596 castra

631 1622 737 1663 ponit.

332 1678 409 1709 869.
430 1679 582 1720 sugium
605 1679 643 1710 ll.
669 1684 751 1710 etc-t
778 1682 866 1709 Haec
890 1682 931 1709 ad
948 1682 1076 1709 laudeni

288 1726 448 1755 Camillae
475 1731 549 1755 sunt
582 1727 682 1760 dicta,
723 1734 787 1761 qua
827 1734 925 1755 caesa
965 1735 1075 1755 omnes

287 1772 444 1800 victoriae
473 1781 562 1807 spem
587 1773 752 1801 abiiciunt.
782 1787 818 1791 -—
850 1780 928 1800 acer
949 1770 1075 1800 Atinas

286 1818 409 1855 „armis
434 1826 479 1847 sc.
508 1825 583 1847 acer
611 1817 669 1852 (cf.
704 1816 752 1851 lt),
787 1816 885 1854 305),
917 1817 999 1854 fugit
1026 1822 1072 1846 ta-

288 1863 392 1892 men.“
418 1865 450 1891 S.

330 1906 407 1937 870.
432 1910 538 1938 Duces
555 1908 694 1943 dispersi
711 1910 872 1944 palantur,
889 1913 919 1936 et
938 1908 1076 1937 militum

288 1959 410 1983 turmae
435 1953 536 1990 (quas
552 1955 713 1989 maniplos
730 1954 822 1990 dixit,
849 1962 945 1989 quam
962 1962 1074 1983 vocem

286 2002 373 2035 expl.
398 2001 456 2029 Ov.
485 2002 572 2030 Fast.
602 1999 633 2035 3,
665 1997 746 2035 117)
787 2001 950 2028 desolatae
988 2004 1073 2028 sunt.

287 2046 341 2075 Sic
365 2048 444 2074 Stat.
468 2043 499 2082 9,
523 2043 586 2074 672
612 2042 875 2085 desolatumque
900 2042 1074 2085 magistro

287 2098 429 2132 agmen.

331 2134 408 2165 874.
435 2133 533 2165 latos
574 2144 676 2164 arcus
714 2145 797 2170 „non
838 2137 976 2165 intentos
1017 2137 1073 2165 sed

286 2180 442 2211 solutos.“
490 2183 535 2210 De
560 2181 759 2218 fugientibus
792 2182 836 2210 ita
862 2183 934 2210 Hor.
974 2182 1009 2211 C.
1043 2181 1072 2217 3,

286 2226 317 2263 8,
359 2226 400 2255 23
430 2225 580 2267 Scythae
614 2225 696 2256 laxo
736 2226 952 2257 meditantur
990 2236 1073 2256 arcu

287 2271 405 2302 cedere
425 2270 568 2312 campis.

331 2316 408 2348 875.
434 2320 541 2347 Paene
573 2319 656 2347 idem
679 2327 710 2348 v.
732 2316 763 2354 8,
788 2316 863 2347 596.
912 2321 961 2347 Ita
986 2327 1073 2358 qna-

286 2367 357 2395 tere
385 2365 481 2393 etiam
509 2362 558 2400 11,
582 2363 658 2393 513.
685 2366 758 2393 val.
784 2366 831 2393 Fl.
856 2363 886 2399 3,
916 2362 955 2392 21
989 2362 1074 2392 Din-

286 2408 390 2450 dyma
415 2407 547 2438 volucri
571 2407 685 2449 qualit
705 2418 790 2449 equo
821 2408 976 2448 CizycuS.

330 2465 407 2495 876.
433 2467 569 2501 Propius
607 2468 647 2495 ad
686 2469 796 2495 urbem
824 2468 946 2496 accedit
981 2467 1073 2495 densi

286 2513 432 2548 pulveris
455 2513 571 2549 caligo,
610 2513 692 2547 quod
718 2513 845 2548 signum
867 2517 915 2541 est
936 2513 1072 2541 Latinos

286 2560 399 2593 pulsos
434 2560 474 2587 ad
518 2560 627 2587 urbem
662 2557 823 2594 refugere,
870 2566 969 2592 quare
1006 2559 1070 2587 iam

285 2605 454 2640 mulieres,
495 2604 527 2632 in
557 2612 646 2633 muro
675 2611 801 2640 pugnae
830 2603 922 2633 finem
952 2612 1070 2640 exspe-

286 2654 420 2687 ctantes,
442 2652 615 2679 clamorem
641 2650 765 2678 tollunt.

330 2693 406 2723 877.
433 2704 450 2723 e
474 2692 623 2734 speculis
648 2704 693 2724 sc.
719 2694 801 2723 muri
823 2694 861 2724 cf.
889 2692 965 2723 475.

329 2738 406 2769 878.
426 2738 615 2776 femineum
656 2738 837 2769 clamorem
878 2741 1070 2777 „impatien-

284 2784 379 2815 tem.“
403 2788 434 2814 S.
471 2786 508 2815 cf.
535 2783 567 2822 9,
590 2783 666 2814 477.

329 2829 393 2859 879
431 2833 561 2866 Portae,
611 2831 705 2866 quasi
751 2834 819 2859 tuta
861 2835 947 2859 esset
989 2834 1065 2860 urbs

284 2877 425 2906 exercitu
449 2881 679 2914 propugnante,
712 2880 833 2910 patent;
882 2878 938 2905 sed
966 2885 1063 2911 quum

283 2921 478 2995 ῗῗᾱὲεῐέιςα
509 2923 659 2952 advolent
682 2922 821 2961 equites,
861 2923 1063 2952 clauduntur.

1163 1450 1240 1481 880.
1267 1459 1386 1492 snper.-
1425 1451 1499 1479 Liv.
1535 1446 1596 1485 24,
1631 1445 1671 1475 39
1709 1454 1810 1486 quum
1844 1441 1909 1474 alii

1119 1506 1222 1538 supe-r
1246 1495 1395 1526 aliorum
1422 1493 1540 1536 capita
1567 1496 1716 1522 ruerent.

1165 1551 1241 1583 8³32.
1271 1556 1348 1583 tuta
1386 1551 1582 1581 domornm:
1625 1553 1671 1578 lta
1712 1551 1788 1578 tnta
1832 1550 1907 1576 sub-

1119 1601 1262 1628 stantive
1284 1604 1456 1634 usurpatur
1481 1595 1558 1626 871.
1584 1595 1614 1630 9,
1644 1595 1719 1623 366.
1766 1598 1825 1624 (lv.
1854 1595 1905 1622 Tr.

1120 1643 1150 1676 2,
1176 1643 1252 1673 201.
1283 1646 1358 1673 'rac
1390 1646 1453 1672 An.
1478 1642 1505 1679 1,
1531 1642 1631 1677 215,
1661 1640 1701 1669 29
1727 1641 1765 1669 cf.
1786 1640 1811 1677 1,
1830 1638 1904 1668 422.

1119 1690 1181 1718 Ubi
1217 1698 1272 1718 eos
1312 1692 1424 1718 domus
1463 1689 1559 1718 tutari
1600 1689 1806 1721 videbantur,
1843 1694 1906 1714 non

1119 1733 1213 1763 intra
1240 1733 1358 1764 domos
1382 1736 1402 1763 i.
1427 1743 1454 1763 e.
1479 1735 1513 1762 in
1546 1735 1629 1768 ipsis
1659 1733 1805 1761 domibus
1833 1739 1907 1760 cae-

1119 1782 1235 1809 duntur
1256 1782 1311 1809 sed
1334 1781 1367 1808 iu
1393 1781 1449 1808 via
1469 1780 1615 1808 domibus
1640 1779 1757 1808 cincta.

1164 1826 1240 1854 885.
1267 1822 1459 1855 miserrima
1485 1823 1622 1859 caedem
1663 1825 1745 1859 quod
1766 1824 1907 1854 eiusdem

1119 1872 1223 1907 gentis
1248 1872 1339 1901 cives
1368 1872 1448 1900 iuter
1479 1879 1514 1900 se
1540 1871 1747 1905 interficiunt;
1798 1870 1844 1899 ita
1874 1867 1906 1905 2,

1120 1916 1196 1946 411.

1164 1961 1241 1992 886.
1268 1964 1347 1991 Cum
1387 1963 1584 1999 fugientibus
1626 1961 1690 1991 iam
1730 1961 1906 1990 intermixti

1118 2011 1226 2038 hostes
1259 2010 1380 2043 aliquot
1415 2008 1567 2043 [inimica
1597 2008 1708 2043 turha)
1744 2008 1843 2036 simul
1872 2008 1905 2036 in

1119 2057 1227 2083 urbem
1260 2055 1438 2089 irrumpunt
1471 2055 1667 2088 Latinosque
1693 2055 1829 2082 caedunt
1850 2055 1904 2082 vel

1119 2101 1202 2129 intra
1242 2101 1376 2129 moenia.
1436 2102 1547 2134 Itaque
1585 2107 1683 2134 quum
1726 2099 1904 2134 periculum

1118 2152 1219 2181 esset,
1252 2155 1291 2174 ne
1315 2149 1391 2175 urbs
1415 2148 1454 2174 ab
1478 2146 1623 2174 hostibus
1646 2150 1829 2180 caperetur,
1861 2154 1903 2174 ex

1118 2192 1171 2227 iis,
1196 2193 1249 2227 qui
1270 2193 1332 2220 iam
1357 2193 1491 2227 inerant,
1515 2191 1621 2226 aliqui
1642 2196 1750 2226 portas
1772 2193 1902 2220 claude-

1119 2240 1212 2271 bant,
1251 2246 1353 2272 neque
1385 2245 1461 2272 prae
1490 2238 1629 2265 hostium
1663 2238 1775 2266 timore
1803 2238 1902 2272 portis

1117 2284 1254 2312 reclusis
1280 2284 1385 2313 socios
1411 2283 1550 2318 recipere
1582 2283 1686 2317 iisque
1715 2291 1811 2312 unam
1847 2291 1901 2312 sa-

1116 2330 1194 2358 lutis
1218 2330 1305 2358 viam
1339 2329 1464 2364 aperire
1493 2330 1661 2357 audebant.
1707 2330 1739 2357 A
1763 2337 1825 2364 quo
1848 2337 1900 2358 co-

1117 2380 1193 2403 natu
1218 2383 1324 2410 quum.
1353 2376 1408 2409 qui
1431 2378 1523 2403 extra
1545 2378 1645 2404 erant.
1681 2374 1801 2404 frustra
1831 2383 1901 2410 pre-

1117 2422 1208 2450 cibus
1228 2426 1255 2449 et
1281 2421 1511 2450 vociferatione
1531 2428 1695 2449 removere
1715 2426 1901 2458 tentassent,

1117 2466 1182 2495 iam
1219 2474 1346 2495 summa
1368 2467 1589 2501 desperatione
1624 2467 1759 2501 turbati,
1799 2468 1899 2496 armis

1116 2512 1336 2547 prohibebant,
1362 2521 1401 2541 ne
1423 2517 1532 2546 portae
1557 2513 1790 2543 clauderentur.
1823 2515 1900 2542 lude

1115 2558 1298 2586 miserrima
1321 2558 1421 2587 oritur
1444 2558 1559 2587 caedes
1575 2558 1707 2596 civium,
1731 2567 1828 2593 quum
1841 2559 1900 2587 alii

1114 2604 1215 2632 armis
1235 2608 1358 2638 portam
1379 2603 1591 2639 defenderent,
1615 2604 1674 2632 alii
1697 2606 1784 2634 omni
1807 2605 1841 2634 vi
1863 2605 1899 2633 in

1113 2656 1186 2678 eam
1208 2649 1373 2678 irruerent.
1420 2649 1513 2678 Hunc
1534 2657 1664 2678 versum
1692 2650 1725 2678 in
1750 2651 1899 2680 omnibus

1113 2697 1193 2723 mss.
1216 2696 1331 2724 lectum
1363 2699 1393 2723 et
1422 2701 1443 2723 a
1468 2695 1582 2724 Servio
1606 2701 1814 2726 memoratum
1843 2691 1895 2725 Pl.

1112 2740 1216 2775 eiecit,
1242 2745 1277 2769 ut
1299 2742 1454 2777 glossam,
1489 2748 1572 2775 quae
1593 2742 1722 2770 caedem
1745 2742 1897 2771 miseram

1114 2786 1306 2823 explicaret,
1355 2790 1383 2814 et
1417 2787 1546 2816 caedem
1579 2787 1719 2821 sumpsit
1754 2787 1819 2816 fieri
1853 2790 1894 2816 ab

1113 2832 1268 2860 hostibus.
1296 2832 1357 2860 Sed
1378 2832 1496 2869 omnia,
1520 2836 1605 2861 recte
1618 2832 1790 2869 explicata,
1816 2835 1894 2862 bene

1110 2880 1278 2907 cohaerere
1301 2877 1452 2906 vidimus.
1500 2879 1607 2912 Neque
1630 2877 1737 2906 minus
1755 2886 1893 2913 sequen-

1111 2923 1157 2951 tia
1178 2925 1357 2952 cohaerent.
1405 2925 1485 2952 Nam
1505 2923 1557 2951 1111
1586 2922 1687 2951 armis
1713 2923 1810 2952 etiam
1837 2925 1891 2952 de-

1110 2969 1198 3004 pulsi
1224 2968 1388 3004 portisque
1410 2969 1548 3006 exclusi,
1582 2971 1688 2996 tamen
1715 2976 1812 3004 quum
1836 2978 1890 3000 ur—
