2023 3350
254 131 337 170 368

254 243 420 283 Funere
460 238 573 280 felici
609 238 783 292 spolior.

255 297 425 351 Saepsit
462 309 507 337 sc
541 297 686 347 tectis,

821 127 859 159 P.
892 125 1085 159 VIRGILH
1120 125 1330 159 MAROMS

844 237 932 279 Nec
965 237 1092 291 plura
1120 238 1289 281 locutus

367 353 460 394 Mos
493 357 587 394 erat
622 352 831 406 Hesperio
866 353 911 393 in
943 352 1089 403 Latio,
1131 367 1256 417 quem
1289 353 1487 408 protinus
1524 352 1653 395 ulbeS

254 410 447 453 Albanae
483 411 653 452 colueie
691 423 882 460 sacrum,
925 423 1037 451 nunc
1069 410 1258 452 maxima
1289 424 1434 452 reium

275 471 389 510 loma
423 467 540 519 colit,
583 481 714 520 quum
751 468 892 521 plima
926 470 1097 508 movent
1135 467 1179 508 in
1213 468 1379 521 proelia
1411 468 1607 520 Martem,
1639 478 1645 485 '

254 527 350 568 Sive
387 524 505 566 Getis
542 526 702 566 inferre
742 538 871 565 manu
907 523 1176 566 lacrimabile
1209 524 1371 566 bellum

254 583 517 637 Hyrcanisve
554 582 763 624 Arabisve
797 586 972 636 parant,
1014 596 1088 623 seu
1124 582 1300 623 tendere
1337 582 1393 624 ad
1429 582 1557 624 Indos

253 643 552 693 Auroramque
588 640 708 693 sequi
742 639 1011 693 Parthosque
1044 652 1270 693 reposcere
1307 640 1440 693 signa.

254 699 362 739 Sunt
399 698 591 751 geminae
623 697 733 739 Belli
769 701 940 750 portae,

255 755 475 809 Religione
511 768 660 796 sacrae
697 758 739 796 et
778 754 894 796 saevi
929 753 1159 796 formidine
1194 754 1370 796 Martis:

257 814 436 855 Centum
473 813 588 854 aerei
625 811 833 854 claudunt
867 814 1009 853 vectes
1045 815 1307 865 aeternaque
1344 811 1448 854 ferri

255 870 447 920 Robora,
487 884 563 911 nec
597 874 741 911 custos
780 868 953 911 absistit
985 869 1131 911 limine
1167 869 1307 911 Ianus.

730 308 959 348 rerumque
992 295 1169 349 reliquit
1198 296 1401 338 habenas.
1812 297 1895 337 600

1813 582 1894 621 605

984 697 1045 738 sic
1081 696 1252 738 nomine
1291 696 1450 750 dicunt,

1814 871 1898 910 610

255 929 366 980 Has,
409 927 483 968 ubi
521 931 640 970 certa
673 927 794 969 sedet
827 926 1024 981 patribus
1063 926 1274 968 sententia
1312 939 1493 982 pugnae,

257 986 354 1040 lpse
392 985 604 1036 Quirinali
642 984 796 1027 trabea
833 984 1062 1038 cinctuque

261 1101 317 1132 nr.
337 1103 419 1134 coni.
437 1099 609 1132 ,ΥοηπιὶΙιὶ
624 1100 814 1142 mortisque
832 1100 867 1132 in
882 1100 903 1132 l.
917 1111 950 1143 p.
971 1099 1054 1132 Ld..·

261 1146 337 1177 Non
355 1147 440 1177 mihi
456 1153 486 1177 et
501 1145 611 1177 omnis
625 1149 663 1176 de
678 1148 795 1177 Latino
809 1149 929 1178 dictum
945 1149 1054 1185 sumit,

259 1204 287 1223 ο.
315 1192 336 1222 ι’.
363 1192 384 1222 Ι.
406 1202 439 1234 p.
471 1193 614 1228 explicat
649 1196 770 1230 „sclion
807 1194 841 1222 in
878 1195 932 1222 der
965 1196 1055 1222 Naue

256 1241 313 1268 des
336 1240 492 1268 Grabes.·⁴
536 1236 599 1267 Gt.-
621 1246 766 1278 8umque
791 1236 916 1278 ipsein
935 1236 1056 1267 limine

255 1293 290 1325 p.
336 1285 501 1313 Sententia
534 1285 633 1318 plana
664 1289 730 1318 est,
761 1284 935 1313 difficultas
969 1289 998 1313 et
1021 1288 1055 1313 ut

257 1335 391 1366 apparet
409 1331 610 1364 corruptelae
634 1330 780 1364 suspicio
799 1333 908 1359 haeret
930 1330 964 1358 in
984 1338 1055 1358 om-

257 1374 322 1405 nis.
377 1373 429 1405 Pl.
456 1384 520 1404 non
545 1380 648 1410 potest
681 1376 867 1410 emendare,
904 1376 1054 1410 additque

257 1422 411 1450 ..videant
446 1421 507 1450 alii
536 1421 612 1456 quid
650 1421 808 1455 possint.··
859 1423 967 1455 Neque
997 1422 1055 1449 ad-

256 1470 318 1497 huc
348 1468 522 1502 quidquam
560 1471 738 1501 potuerunt.
790 1463 857 1494 Hn.
892 1471 923 1495 et
943 1468 1056 1495 Mark-

257 1514 333 1542 land
360 1512 599 1541 hemistichium
621 1512 768 1546 spurium
791 1514 942 1541 habuere.

302 1557 378 1587 599.
401 1558 528 1596 funere
553 1556 583 1594 f.
613 1555 761 1596 spolior.-
792 1557 963 1593 ..exequiis
985 1561 1056 1586 tan-

256 1609 324 1633 tum
349 1604 514 1640 regalibus
545 1601 672 1632 careo.“·
705 1604 737 1631 S.
787 1603 912 1632 Similis
939 1611 1056 1632 conso-

259 1650 338 1678 latio
366 1647 404 1686 2,
436 1647 511 1676 646.

305 1693 381 1723 600.
411 1694 471 1722 Ubi
501 1701 562 1722 non
596 1697 699 1728 potest
735 1694 934 1728 supprimere
967 1693 1058 1722 furo-

260 1749 342 1770 rem.
368 1748 461 1769 omne
482 1739 612 1767 remittit
629 1739 814 1775 imperium,
839 1747 879 1767 ne
900 1746 936 1767 se
957 1739 1057 1768 etiam

258 1788 380 1815 scelere
429 1785 575 1819 inquinet
615 1785 752 1813 veritus.
793 1799 831 1803 —
872 1785 923 1812 Ita
960 1792 1058 1818 quum

259 1833 398 1860 Latinus
424 1832 520 1859 rebus
546 1838 581 1858 se
603 1830 840 1865 submovisset,
876 1830 983 1858 Turno
1008 1831 1056 1858 lo-

258 1885 317 1906 cus
346 1878 441 1905 datus
469 1880 534 1911 est,
561 1882 663 1909 eaque
686 1876 827 1909 pollebat
853 1875 1055 1911 auctoritate,

259 1930 323 1958 qua
359 1930 440 1957 opus
479 1925 563 1950 erat.
605 1925 638 1949 ut
678 1925 762 1949 recte
798 1925 907 1955 posset
939 1921 1059 1955 opponi

259 1970 402 1997 Aeneae.
450 1966 577 2001 Arripit
608 1970 715 1994 tamen
741 1966 870 1994 Turnus
904 1966 967 1994 sibi
1001 1974 1058 2001 po-

260 2015 410 2045 tentiam.
434 2020 496 2041 non
518 2014 612 2040 habet
632 2015 822 2046 potestatem
841 2012 1028 2048 legitimam.

258 2090 464 2122 602-640.
515 2088 629 2119 Latini
668 2087 711 2119 ad
746 2085 880 2119 bellum
923 2095 961 2119 se
999 2097 1057 2130 pa-

618 2138 704 2166 rant.

306 2192 381 2223 601.
408 2196 528 2222 Morem
546 2194 616 2222 Iani
635 2193 801 2222 reserandi
815 2193 888 2229 Vgl.
909 2194 948 2220 ab
970 2192 1058 2220 anti-

259 2240 430 2275 quissimis
467 2240 662 2274 temporibus
697 2239 838 2275 deducit,
880 2238 999 2266 Livius
1038 2245 1059 2266 a

260 2289 362 2315 Numa
384 2286 423 2315 cf.
454 2284 491 2316 3.
523 2284 598 2314 280.
629 2300 666 2305 -
698 2282 861 2325 protinus
894 2281 1056 2321 „iugiter“

261 2334 292 2360 S.
317 2332 355 2360 cf.
385 2330 420 2367 3,
446 2328 521 2359 416.

305 2375 380 2404 602.
408 2384 575 2405 maxuma
602 2383 736 2404 rerum:
769 2382 884 2403 rerum
909 2375 1056 2409 superla-

259 2423 327 2451 tivo
353 2422 512 2456 additum,
540 2427 573 2450 ut
598 2425 733 2457 augeat,
764 2421 818 2450 Sic
845 2417 881 2457 2,
914 2417 979 2447 534
1003 2427 1056 2448 re-

258 2476 333 2496 rum
351 2466 455 2504 sacta
478 2468 526 2495 est
545 2463 782 2506 pulcherrima
807 2463 919 2494 Roma
943 2465 981 2494 cf.
1003 2466 1055 2492 Gr.

258 2515 279 2547 s
312 2512 375 2540 235
407 2513 471 2541 An.
508 2511 537 2540 6.
569 2516 598 2540 et
630 2512 728 2540 Bach.
759 2511 797 2538 ad
831 2512 905 2538 Met.
933 2508 970 2545 8,
1013 2507 1054 2536 49

259 2563 357 2586 neunt
388 2558 457 2586 dies
494 2565 600 2586 rerum
630 2557 687 2586 mit
718 2557 842 2590 Superi.
878 2556 938 2583 den
966 2555 1056 2583 Aus-

259 2605 358 2633 druck
420 2604 476 2631 des
537 2602 797 2632 umfassendsten
851 2600 1055 2634 Lobpreises.

259 2650 351 2677 Adde
375 2654 404 2676 et
429 2649 525 2682 Quint
552 2646 586 2685 1,
616 2646 674 2684 12,
703 2645 743 2674 16
771 2643 927 2675 Honesta
952 2647 1058 2684 atque

256 2691 494 2734 pulcherrima
518 2701 630 2722 rerum
656 2689 865 2731 eloquentia.

307 2738 382 2767 603.
408 2741 545 2768 movent
562 2737 598 2768 in
610 2735 747 2778 proelia
768 2734 936 2766 Martem.-
955 2737 1058 2771 „Nam

259 2785 359 2813 moris
393 2785 496 2812 fuerat
526 2785 642 2813 indicto
675 2785 759 2812 bello
790 2782 825 2810 in
855 2782 971 2811 Martis
1000 2789 1055 2811 sa-

259 2831 364 2859 crario
395 2830 519 2858 ancilia
545 2826 778 2859 commoverest‘
806 2829 837 2855 S.

306 2874 382 2903 6114.
409 2877 478 2904 lam
515 2876 684 2910 imperium
711 2875 893 2902 Romanum
925 2874 966 2901 ad
995 2881 1053 2902 ex-

259 2926 379 2949 tremas
409 2926 510 2949 terras
539 2928 743 2956 progressum
767 2919 905 2953 indicat,
937 2919 1052 2947 simul-

260 2973 320 2998 que
331 2967 456 2994 extollit
470 2974 521 2994 res
534 2972 644 3000 gestas
660 2964 813 3001 Augusti.
828 2979 865 2983 —
885 2961 1051 2993 lacrima-

260 3008 328 3038 bile
346 3009 470 3040 bellum
487 3011 526 3041 cf.
545 3010 621 3041 462.
672 3013 770 3040 Getae
785 3011 826 3039 ad
845 3010 1049 3045 Danubium3

1100 983 1268 1026 Gabino

1101 1111 1237 1139 quorum
1260 1111 1376 1132 nomen
1399 1103 1497 1132 etiam
1521 1103 1558 1131 de
1588 1101 1689 1131 Dacis
1712 1105 1744 1131 et
1766 1103 1899 1130 Sarma-

1102 1149 1144 1177 tis
1171 1154 1346 1184 usurpant;
1379 1157 1459 1183 quos
1491 1149 1627 1183 populos
1658 1149 1717 1177 sub
1747 1148 1899 1184 Augusto

1101 1195 1283 1223 Romanum
1317 1195 1487 1229 imperium
1516 1193 1748 1222 incursitantes
1778 1193 1899 1222 Lentu*

1100 1241 1154 1268 lus
1179 1239 1335 1276 coercuit,
1362 1247 1425 1267 non
1448 1239 1567 1268 devicit
1590 1240 1674 1267 Flor.
1702 1235 1739 1276 4,
1769 1235 1827 1276 12,
1854 1234 1897 1266 19

1102 1293 1149 1320 sq.
1177 1300 1214 1304 —
1245 1293 1352 1313 manu
1378 1284 1420 1315 cf.
1449 1283 1485 1321 6,
1513 1281 1590 1312 344.

1149 1328 1224 1358 605.
1254 1327 1430 1369 Hyrcanis
1469 1329 1507 1359 cf.
1555 1327 1585 1365 4,
1624 1327 1700 1358 367.
1736 1344 1774 1349 —
1812 1330 1900 1365 Hyr-

1102 1383 1201 1404 canos
1226 1379 1255 1404 et
1280 1375 1409 1404 Arabes
1433 1375 1478 1404 ita
1506 1375 1609 1411 iungit
1637 1375 1747 1404 Catuli
1773 1371 1833 1411 11,
1865 1374 1898 1412 5,

1102 1426 1134 1450 ut
1173 1426 1334 1450 extremos
1368 1420 1500 1455 imperii
1530 1420 1704 1457 significet,
1751 1420 1901 1457 adiungit

1102 1467 1185 1495 idem
1211 1468 1349 1495 Parthos
1374 1471 1404 1494 et
1428 1467 1535 1495 Indos.
1573 1463 1702 1495 Arabis
1726 1467 1789 1494 dat.
1816 1467 1899 1501 plur.

1102 1531 1200 1558 quum
1225 1523 1267 1551 sit
1289 1531 1371 1551 nom.
1397 1523 1480 1559 sing.
1511 1519 1641 1559 Arabs,
1672 1528 1748 1551 nam
1772 1518 1900 1552 Arabi--

1103 1566 1165 1597 bus
1194 1569 1310 1597 versui
1334 1576 1397 1597 non
1423 1572 1526 1603 potest
1549 1568 1666 1603 aptari.
1715 1568 1769 1597 Sic
1790 1568 1901 1598 adiee-

1103 1615 1207 1643 tivum
1232 1615 1295 1642 abl.
1323 1611 1439 1642 Arabo
1464 1614 1538 1643 fecit
1563 1614 1657 1643 Ovid.
1681 1614 1754 1642 Her.
1780 1611 1831 1650 15,
1855 1611 1899 1641 76

1101 1668 1171 1688 non
1197 1657 1312 1688 Arabo
1337 1660 1454 1688 noster
1475 1666 1551 1688 rore
1573 1654 1725 1698 capillus
1751 1655 1830 1688 olet.
1856 1674 1886 1680 —

1102 1705 1144 1734 A.
1172 1705 1207 1733 U.
1240 1702 1306 1732 730
1341 1705 1456 1733 Gallus
1500 1708 1612 1734 contra
1639 1704 1769 1733 Arabes
1800 1713 1900 1740 expe-

1102 1751 1255 1779 ditionem
1285 1750 1438 1785 suscepit.
1467 1765 1506 1770 —-
1547 1747 1594 1779 ad
1632 1746 1758 1779 Indos:
1794 1750 1834 1780 cf.
1868 1748 1900 1789 6,

1103 1793 1181 1824 795.

1149 1838 1225 1869 606.
1256 1837 1473 1880 Parthosque
1507 1846 1684 1880 reposcere
1717 1837 1824 1882 signa
1858 1841 1899 1871 cf.

1102 1887 1143 1915 ad
1166 1894 1233 1915 rem
1263 1884 1297 1923 l,
1323 1884 1399 1915 289.

1149 1930 1225 1960 607.
1251 1929 1415 1972 geminae
1438 1927 1532 1960 Belli
1551 1932 1676 1971 portae
1697 1930 1736 1959 cf.
1762 1926 1797 1968 1,
1823 1927 1899 1959 294.

1104 1978 1212 2013 Fingit
1236 1978 1299 2006 sibi
1332 1978 1444 2006 aedem
1469 1976 1542 2005 Iani
1574 1977 1608 2004 in
1641 1982 1706 2010 qua
1737 1975 1902 2005 inclusum

1104 2024 1146 2052 sit
1170 2024 1316 2060 Bellum,
1345 2028 1373 2052 et
1395 2023 1521 2059 gemino
1552 2022 1641 2051 aditu
1669 2023 1710 2050 ab
1735 2022 1846 2051 antica
1871 2025 1903 2051 et

1105 2069 1232 2104 postica
1254 2073 1343 2103 parte
1373 2069 1499 2098 clausis
1523 2067 1646 2097 foribus
1669 2066 1783 2096 ferreis
1806 2074 1902 2102 repa-

1104 2115 1193 2150 gulis
1226 2114 1374 2151 munitis,
1417 2113 1555 2144 custodit
1585 2114 1702 2149 Ianus,
1741 2120 1782 2141 ne
1811 2114 1902 2142 Mars

1105 2164 1261 2194 erumpat.
1311 2160 1346 2188 Si
1378 2161 1498 2188 bellum
1529 2160 1688 2188 decretum
1716 2161 1783 2194 est,
1817 2158 1902 2187 Con·

1105 2207 1158 2234 sul
1182 2205 1267 2234 fores
1298 2205 1417 2242 aperit,
1449 2205 1569 2233 bellum
1595 2203 1722 2240 indicit,
1757 2204 1902 2233 classica

1104 2258 1220 2281 canere
1257 2251 1352 2280 iubet.
1402 2250 1528 2279 Similis
1564 2253 1613 2278 est
1650 2248 1758 2283 opinio
1786 2249 1901 2278 Ennii:

1099 2299 1286 2336 postquam
1309 2292 1498 2324 Discordia
1521 2296 1611 2324 tetra
1632 2290 1724 2323 Belli
1746 2292 1903 2332 ferratos

1098 2339 1230 2382 posteis
1251 2343 1443 2381 portasque
1467 2337 1630 2381 refregit.

1147 2391 1226 2426 610.
1251 2398 1298 2426 De
1319 2399 1398 2426 Iano
1423 2397 1463 2426 cs.
1488 2394 1561 2425 leo,

1150 2452 1225 2482 611.
1253 2451 1366 2483 sedet.-
1400 2453 1438 2483 cf.
1465 2453 1500 2490 5,
1535 2450 1612 2482 418.

1103 2497 1167 2529 has
1189 2500 1329 2528 scribere
1356 2496 1461 2528 huic“
1491 2496 1543 2528 ΡΙ.

1151 2553 1228 2587 612.
1260 2552 1440 2594 Quirinali
1465 2552 1586 2585 trabea
1606 2555 1646 2584 cf.
1675 2551 1751 2583 188.
1779 2556 1900 2591 ’,βιω-

1104 2602 1211 2630 tonius
1250 2602 1283 2629 in
1319 2601 1400 2630 libro
1432 2602 1470 2630 de
1508 2609 1624 2637 genere
1653 2600 1795 2630 vestium
1825 2599 1901 2628 dicit

1105 2647 1166 2675 tria
1203 2655 1276 2675 esse
1308 2653 1428 2683 genera
1460 2648 1652 2675 trabearum.
1701 2646 1808 2674 Unum
1835 2644 1900 2673 diis

1104 2697 1284 2729 sacratum,
1326 2693 1409 2727 quod
1441 2696 1490 2720 est
1519 2696 1644 2721 tantum
1673 2692 1711 2720 de
1746 2695 1898 2725 purpura.

1103 2739 1206 2767 Aliud
1230 2745 1355 2775 regum,
1390 2738 1472 2772 quod
1497 2741 1545 2766 est
1570 2743 1781 2772 purpureum,
1805 2736 1900 2764 habet

1104 2787 1210 2812 tamen
1242 2785 1351 2812 album
1383 2783 1518 2818 aliquid.
1566 2782 1707 2811 Tertium
1742 2781 1900 2816 augurale

1102 2830 1139 2858 de
1170 2836 1313 2863 purpura
1342 2832 1371 2857 et
1401 2836 1496 2858 cocco
1520 2828 1667 2857 mixtum.
1720 2822 1899 2863 Quirinali

1099 2883 1173 2911 ergo
1203 2872 1339 2910 regali.“
1372 2876 1403 2902 S.
1452 2874 1549 2908 Apud
1578 2870 1795 2901 Claudianum
1831 2874 1898 2900 tra-

1099 2922 1159 2949 bea
1189 2924 1240 2948 est
1264 2923 1397 2948 ornatus
1428 2918 1590 2953 consuliS,
1623 2915 1677 2950 (in
1704 2917 1833 2951 Eutrop.
1868 2914 1897 2953 1,

1098 2964 1128 2994 9.
1162 2962 1236 2993 119.
1279 2962 1354 2992 370.
1392 2961 1468 2991 464.
1517 2961 1547 2999 2,
1575 2960 1628 2989 24.
1665 2958 1762 2997 123.)
1811 2968 1896 2996 quae

1096 3011 1195 3040 etiam
1230 3007 1362 3039 cinctus
1394 3006 1427 3046 1,
1457 3006 1519 3036 301
1552 3010 1583 3036 et
1611 3003 1744 3036 cinctus
1779 3003 1898 3045 Quiri-

1660 2454 1816 2490 „Mallem
1845 2461 1900 2488 pro
