2023 3350
729 83 964 116 AENEmos
992 84 1077 117 Lm.
1109 85 1153 118 x.
1679 88 1760 127 525

121 200 356 252 Sustinuit;
395 197 499 240 socii
534 210 691 252 magno
731 197 918 240 clamore
959 201 1216 252 sequuntur,

119 261 233 302 Dum
268 258 435 312 genitor
468 256 560 297 nati
598 269 751 310 parma
786 259 1008 309 protectus
1046 256 1208 309 abiret;

120 317 310 369 Telaque
350 313 583 356 conficiunt
622 313 969 368 proturbantque
1010 315 1175 356 eminus
1215 313 1384 357 hostem

120 373 365 417 Missilibus.
423 371 546 412 Furit
584 371 752 413 Aeneas
793 375 1021 425 tectusque
1055 375 1173 414 tenet
1213 386 1269 414 se.

120 435 183 475 Ac
222 431 356 481 velut,
395 427 530 470 effusa
568 429 605 470 si
646 429 817 482 quando
860 429 1067 483 grandine
1099 429 1234 471 nimbi

121 488 430 541 Praecipitant,
470 487 607 528 omnis
641 488 804 541 campis
849 487 1020 542 diffugit
1052 491 1214 539 arator,

123 546 267 590 Omnis
306 548 348 586 et
382 544 596 597 agricola,
634 548 676 587 et
712 549 809 588 tuta
847 545 954 587 latet
992 559 1092 587 arce
1128 546 1288 597 viator,

119 606 205 647 Aut
242 602 379 644 amnis
412 602 540 655 ripis,
581 606 658 644 aut
695 603 774 644 alti
815 602 979 645 fornice
1019 602 1128 654 saxi,

119 663 230 704 Dum
261 660 374 715 pluit
408 659 452 701 in
490 660 640 712 terris,
684 664 733 702 ut
769 661 936 714 possint
979 661 1070 702 sole
1106 660 1284 702 reducto

117 720 329 761 Exercere
369 717 502 760 diem:
540 718 601 760 sic
639 717 819 761 obrutus
860 719 1048 773 undique
1090 718 1187 760 telis

116 778 282 819 Aeneas
321 775 479 817 nubem
518 775 640 828 belli,
685 776 786 818 dum
827 776 1001 819 detonet
1035 776 1191 827 omnis,

118 834 330 886 Sustinet,
370 838 412 875 et
446 834 634 875 Lausum
671 834 905 889 increpitat
938 835 1165 888 Lausoque
1198 832 1408 874 minatur:

116 892 208 943 Quo
244 892 453 933 moriture
491 892 602 944 ruis,
638 892 888 946 maioraque
920 892 1082 934 viribus
1122 890 1286 933 audes?

117 950 251 992 Fallit
289 953 333 992 te
373 950 593 991 incautum
627 950 767 1003 pietas
804 954 892 992 tua.
950 950 1039 992 Nec
1076 950 1216 991 minus
1254 948 1326 990 ille

117 1008 322 1049 Exsultat
363 1007 547 1049 demens.
609 1008 770 1050 Saevae
808 1008 980 1062 iamque
1020 1007 1150 1049 altius
1189 1007 1281 1048 irae

116 1065 340 1107 Dardanio
377 1069 561 1119 surgunt
596 1065 785 1117 ductori,
823 1070 1102 1119 extremaque
1146 1066 1287 1107 Lauso

116 1124 278 1165 Parcae
320 1122 394 1165 fila
429 1124 595 1177 legunt:
633 1123 823 1165 validum
860 1137 1046 1177 namque
1088 1123 1223 1177 exigit
1264 1135 1408 1163 ensem

115 1181 198 1223 Per
237 1181 426 1223 medium
462 1183 631 1223 Aeneas
669 1182 883 1232 iuvenem,
924 1184 1150 1235 totumque
1191 1179 1400 1222 recondit.

116 1239 306 1281 Transiit
348 1242 391 1281 et
424 1253 621 1293 parmam
660 1253 830 1291 mucro,
871 1238 984 1281 levia
1023 1252 1146 1281 arma
1184 1237 1381 1289 minacis,

1679 260 1764 299 800

1680 546 1764 586 805

1684 834 1767 873 810

161 1344 240 1375 800.
267 1343 347 1375 dum
373 1343 515 1387 genitor
540 1343 668 1376 abiret:

118 1392 207 1420 ctivo
235 1392 275 1421 cf.
305 1391 334 1428 l,
359 1392 389 1421 ἴ).

162 1436 241 1467 801.
273 1434 506 1473 Proturbnnt,
548 1446 614 1467 non
650 1439 746 1467 modo
789 1439 920 1467 student

118 1486 320 1521 proturbare,
344 1485 404 1514 sed
423 1491 542 1513 revera
563 1486 754 1519 proturbant
771 1485 919 1512 Aeneam

118 1537 137 1559 a
158 1527 349 1566 Mezentio,
391 1538 488 1565 quum
526 1538 563 1559 se
600 1531 685 1559 inter
708 1531 857 1559 Aeneam
889 1534 919 1558 et

117 1577 315 1605 Mezentium
340 1576 492 1605 inferant.

163 1620 242 1651 302.
267 1619 368 1651 Furit
404 1625 444 1651 ob
484 1627 632 1657 ereptum
674 1621 737 1650 sibi
779 1623 917 1658 hostem,

117 1673 227 1697 tamen
252 1676 290 1697 se
313 1668 422 1703 ipsum
447 1672 559 1703 tegere
583 1667 709 1703 cogitur
734 1668 918 1697 iaculorum

117 1713 332 1751 multitudine,
356 1722 419 1743 nec
437 1719 546 1749 potest
561 1714 594 1742 in
615 1716 742 1742 hostem
762 1714 918 1748 impetum

118 1760 242 1789 facere.
292 1761 355 1789 Sed
382 1765 489 1789 tectus
521 1768 558 1789 se
580 1764 678 1796 tenet,
702 1764 733 1788 ut
761 1760 920 1796 agricola,

119 1806 174 1840 qui
198 1805 333 1834 imbrem
360 1806 471 1834 vitans
501 1814 538 1834 se
572 1805 762 1842 abscondit,
806 1810 837 1833 ut
879 1813 919 1833 eo

118 1852 205 1880 finito
233 1853 343 1880 redeat
369 1853 407 1880 ad
433 1859 519 1886 opus
544 1859 651 1880 suum.
701 1852 756 1880 Sic
775 1852 921 1887 Aeneas,

119 1898 246 1925 tardato
270 1897 412 1926 hostium
442 1897 571 1935 surore,
607 1897 641 1926 in
663 1898 811 1926 Lausum
845 1905 922 1932 pro-

121 1943 253 1977 rumpit.

165 1987 243 2018 804.
269 1984 418 2027 diffugit
444 1987 624 2023 perfectum
648 1992 753 2025 recte,
786 1992 923 2016 antece·

121 2035 164 2063 dit
190 2035 276 2063 enim
308 2038 454 2068 tempore
482 2033 528 2062 illi
565 2030 662 2063 latet.
712 2033 921 2068 Comparatio

121 2085 232 2110 autem
262 2080 400 2108 vertitur
429 2080 461 2108 in
499 2077 586 2108 latet
621 2086 701 2107 arce
740 2080 848 2108 viator
890 2084 923 2107 ut

121 2128 218 2156 scuto
242 2125 388 2154 Aeneas.
435 2127 559 2154 Tamen
578 2125 608 2153 in
625 2133 663 2153 eo
680 2127 815 2163 haereo,
838 2126 924 2159 quod

119 2181 184 2201 non
210 2172 329 2200 dictum
356 2176 406 2200 est
431 2168 581 2211 diffugit
606 2173 728 2199 arator
759 2173 790 2200 et
818 2169 925 2206 latet,-

121 2219 180 2247 sed
206 2214 354 2257 diffugit
379 2220 502 2246 arator
528 2218 559 2245 et
586 2213 672 2246 latet
697 2214 824 2246 viator.
859 2219 926 2246 Nec

121 2264 198 2299 q'uid
221 2263 348 2292 intersit
378 2263 462 2292 inter
493 2263 672 2297 agricolam
698 2267 727 2291 et
761 2269 924 2292 aratorem

123 2310 207 2338 satis
233 2313 383 2347 apparet,
409 2317 470 2338 nec
495 2317 553 2337 cur
578 2314 609 2337 et
632 2314 743 2337 arator
762 2314 791 2337 et
818 2310 926 2338 viator

123 2362 332 2393 memoretur,
341 2356 449 2384 viator
461 2359 568 2384 autem
588 2355 620 2384 in
631 2353 717 2384 latet
729 2357 824 2384 solus
835 2364 926 2383 com—

123 2406 265 2439 paretur,
284 2409 381 2436 quum
394 2399 480 2430 diem
495 2409 649 2430 exercere
662 2401 768 2435 magis
779 2402 926 2437 agricola

123 2447 328 2482 significatus
344 2448 593 2477 essevideatur.
619 2449 732 2482 Neque
754 2450 831 2476 tuta
848 2454 927 2476 arce

124 2501 186 2521 nec
195 2495 270 2522 arte
285 2491 396 2522 latere
409 2494 524 2522 iterum
541 2493 663 2528 exponi
678 2501 736 2528 per
750 2491 864 2522 amnis
878 2491 928 2521 ri-

123 2547 191 2578 pas
215 2543 246 2567 et
257 2536 395 2577 foruit-e
411 2537 489 2568 saxi
508 2540 591 2568 satis
605 2541 724 2574 placet.
750 2541 930 2568 Praeterea

125 2585 256 2613 attende
296 2585 414 2613 dictum
456 2593 537 2614 esse
576 2583 739 2625 agricola
778 2583 929 2625 diffugit

126 2639 186 2665 pro
218 2628 399 2670 agricolae
431 2628 631 2669 diffugiunt
660 2631 694 2659 in
724 2639 771 2668 re,
799 2632 833 2660 in
864 2639 929 2666 qua

125 2676 305 2711 singularis
338 2678 448 2705 locum
479 2677 608 2705 videtur
636 2685 701 2705 non
729 2679 852 2706 habere
884 2678 926 2706 cf.

128 2725 182 2752 Gr.
207 2721 239 2755 ς.
262 2720 339 2750 360.

173 2768 252 2796 805.
274 2775 354 2796 arce
380 2768 469 2802 vulg.
493 2783 538 2786 —
560 2769 636 2797 arte
662 2769 791 2808 MPRyc
818 2773 848 2797 et
874 2771 927 2797 S.:

125 2815 238 2851 „quod
263 2814 393 2843 scilicet
415 2809 529 2852 perite
554 2822 592 2842 se
617 2821 637 2842 a
656 2819 852 2850 tempestate
870 2816 927 2843 de-

125 2859 297 2889 rendunt*
344 2861 457 2894 Longe
486 2863 633 2894 praestat
657 2862 806 2895 vulgata.
855 2861 927 2889 Arx

127 2908 213 2935 enim
246 2905 309 2942 (cf.
344 2904 464 2939 arceo)
504 2912 598 2933 omne
637 2907 721 2939 quod
760 2910 868 2935 tuetur
896 2910 927 2934 et

127 2952 271 2981 defendit
296 2951 336 2980 cf.
367 2950 399 2986 2,
424 2949 501 2979 322.
551 2949 746 2991 campis—
762 2949 925 2992 agricola

129 3001 162 3028 et
190 2999 232 3026 ei.
260 2995 324 3027 Rb.
355 2998 431 3027 min.

718 1347 758 1375 de
783 1346 923 1375 coniun-

1012 1345 1090 1375 807.
1115 1342 1195 1374 dum
1221 1342 1314 1385 pluit
1339 1341 1374 1372 in
1400 1339 1523 1377 terris5
1543 1342 1587 1371 ita
1612 1344 1709 1371 Lucr.
1737 1342 1769 1380 6,

966 1391 1035 1420 630
1071 1389 1183 1429 Quum
1209 1388 1304 1430 pluit
1327 1387 1362 1418 ῖη
1389 1386 1491 1418 terris
1523 1390 1555 1417 ct
1585 1387 1680 1417 venti
1702 1397 1770 1417 uu-

966 1434 1040 1466 bila
1079 1438 1236 1476 portant.
1300 1435 1512 1469 Exquisitum
1547 1442 1610 1463 nec
1649 1435 1769 1464 rationi

967 1483 1166 1512 contrarium
1200 1490 1258 1518 pro
1297 1480 1330 1510 in
1368 1483 1492 1510 terras.
1542 1483 1635 1509 Serv.
1660 1486 1770 1510 tamen

965 1526 1068 1565 „dum
1096 1526 1202 1567 pluit:
1229 1529 1280 1556 liic
1307 1527 1592 1562 distinguendum;
1642 1535 1717 1555 nam
1741 1528 1772 1556 si

964 1575 1115 1604 iunxeris
1143 1572 1224 1603 dum
1249 1571 1344 1614 pluit
1370 1571 1406 1602 in
1430 1570 1548 1609 terris,
1573 1573 1631 1601 erit
1650 1575 1770 1602 archa-

965 1623 1091 1657 ismus,
1129 1620 1237 1649 debuit
1273 1620 1358 1648 enim
1397 1620 1507 1648 dicere
1546 1616 1581 1647 in
1614 1619 1771 1648 terrasst‘

965 1665 1058 1707 pluit
1080 1669 1158 1706 ylio,
1195 1663 1313 1706 pluvit
1353 1670 1520 1701 expuncto
1545 1675 1562 1693 ο
1588 1668 1630 1694 Μ.
1653 1664 1772 1706 pluvit

966 1714 1021 1742 PR
1047 1721 1112 1741 rec.
1142 1710 1204 1741 Ro.
1231 1728 1275 1731 -—
1299 1710 1422 1751 possit,
1446 1712 1506 1740 sed
1531 1712 1641 1740 addito
1667 1720 1688 1740 n
1709 1714 1771 1741 MR

964 1757 1101 1798 possint
1127 1760 1186 1795 al.,
1221 1759 1306 1792 quod
1333 1765 1353 1786 a
1377 1763 1563 1786 correctore
1595 1763 1770 1793 putaverat

967 1810 1073 1833 ortum
1104 1801 1154 1833 ΙΙι.
1182 1812 1247 1832 rec.
1279 1801 1328 1832 W
1356 1825 1363 1832 .
1392 1801 1455 1832 Rb.
1484 1807 1514 1832 et
1541 1808 1660 1840 postea
1686 1802 1736 1834 111.

1014 1860 1092 1905 808.
1119 1868 1275 1890 exercere
1301 1857 1390 1889 diem
1425 1861 1443 1889 i.
1472 1868 1502 1889 e.
1527 1861 1589 1889 diei
1612 1862 1771 1891 laborem.

969 1906 1011 1935 cf.
1037 1905 1069 1943 8,
1094 1905 1149 1935 94.

1013 1961 1092 1991 809.
1119 1964 1168 1991 Ita
1190 1959 1355 1992 sustinet:
1385 1964 1587 1999 „bellantum
1614 1964 1771 1999 impetum

970 2009 1122 2045 sustinet,
1144 2010 1248 2037 donec
1275 2009 1455 2038 deferveat.
1503 2012 1539 2038 Et
1557 2012 1639 2039 bene
1661 2015 1771 2040 trans-

969 2055 1123 2083 lationem
1152 2054 1226 2083 fecit
1250 2062 1269 2083 a
1298 2055 1405 2084 vicina
1423 2056 1706 2091 comparatione.“
1736 2060 1770 2086 S.

975 2098 1150 2129 Detouare
1173 2098 1392 2138 abdonnern,
1417 2107 1447 2130 ut
1474 2103 1546 2131 Val.
1571 2105 1620 2131 1³¹1.
1643 2101 1681 2139 4,
1705 2102 1772 2132 294

971 2143 1050 2175 dnm
1079 2144 1218 2176 detonet
1243 2144 1308 2176 ira.
1357 2148 1417 2176 Ov.
1443 2149 1540 2176 'l'rist.
1566 2148 1598 2185 2,
1629 2147 1671 2177 35
1695 2151 1773 2184 lup-

969 2192 1052 2228 piter
1078 2189 1134 2221 ubi
1159 2190 1331 2230 detonuit,
1355 2201 1481 2233 purum
1503 2191 1670 2224 discussis
1687 2203 1773 2224 aera

970 2235 1087 2268 reddit
1114 2235 1227 2278 aquis.
1267 2235 1320 2267 Pl.
1346 2239 1431 2267 eiicit
1454 2246 1486 2267 v.
1512 2238 1662 2268 803-9.

1017 2306 1094 2335 Slt.
1123 2309 1171 2336 Tu
1197 2307 1227 2335 in
1252 2311 1385 2335 mortem
1414 2311 1528 2342 aperte
1554 2308 1636 2344 ruis,
1661 2312 1693 2336 tu
1721 2316 1773 2336 nte

973 2353 1097 2381 viribus
1123 2353 1280 2381 maiorem
1307 2354 1510 2389 aggrederis,
1541 2361 1626 2381 cave
1653 2362 1695 2382 ne
1718 2354 1775 2383 tibi

973 2400 1080 2434 pietas
1121 2405 1177 2427 tua
1216 2398 1321 2427 fraudi
1363 2399 1417 2428 sit.
1478 2399 1580 2428 Vides
1623 2400 1773 2429 Aeneam

974 2453 1111 2480 parcere
1135 2446 1222 2473 velle
1249 2445 1302 2480 pio
1328 2444 1405 2474 filio.
1454 2447 1490 2473 In
1526 2445 1634 2480 ipsius
1666 2450 1773 2474 autem

975 2496 1077 2520 morte
1103 2495 1323 2519 commoratur
1353 2493 1439 2527 Vgl„
1471 2496 1500 2518 et
1534 2492 1588 2519 vel
1617 2492 1774 2520 vestitum

974 2538 1137 2572 sangnine
1168 2537 1299 2565 foedum
1320 2537 1492 2573 describit,
1523 2541 1555 2565 ut
1585 2537 1776 2566 misericor-

975 2584 1061 2612 diam
1086 2587 1218 2612 moveat
1244 2584 1333 2619 eius,
1378 2585 1431 2618 qui
1458 2584 1632 2612 admodum
1659 2585 1774 2612 adole-

974 2638 1074 2658 scens
1102 2629 1184 2664 perit
1208 2629 1327 2664 pietate
1353 2637 1425 2658 sua.

1019 2696 1098 2726 813.
1126 2695 1204 2726 Irae
1229 2695 1340 2726 allius
1363 2700 1517 2739 surgunt
1541 2697 1583 2727 cf.
1608 2698 1643 2736 1,
1672 2696 1752 2728 209.

1019 2765 1097 2795 817.
1123 2763 1267 2795 transiit
1296 2768 1416 2806 MPyb,
1459 2764 1590 2796 transit
1621 2768 1649 2795 R
1683 2770 1776 2802 proh.

980 2809 1059 2841 Lch.
1085 2820 1150 2840 rec.
1177 2809 1250 2844 Ld..
1276 2810 1437 2841 transilit
1460 2821 1488 2841 c.
1504 2818 1533 2841 et
1555 2813 1776 2842 mentelianus

974 2862 1003 2885 et
1040 2858 1319 2893 Minorangiensis
1353 2867 1419 2887 rec.
1456 2855 1520 2887 Rb.
1553 2858 1596 2887 cs.
1630 2856 1707 2888 785.
1732 2875 1777 2880 —-

974 2901 1123 2932 minacis
1165 2904 1280 2932 Lausi.
1350 2906 1388 2933 Et
1434 2904 1616 2933 levioribus
1664 2904 1777 2941 armis,

974 2957 1088 2985 parma
1103 2950 1244 2986 scilicet,
1257 2951 1437 2979 instructus
1455 2955 1503 2980 est
1516 2952 1659 2988 Lausus,
1680 2958 1777 2986 quam

977 3001 1008 3024 ιιι
1034 3000 1150 3032 posset
1173 2996 1289 3025 minari
1313 2997 1461 3027 Aeneae.
