2044 3329
826 112 1098 147 PRAEFArro.
1705 108 1778 134 XXI

165 232 337 272 stratur.
398 228 538 282 Atque
571 227 616 269 in
653 227 726 269 illo
766 231 975 269 conventu
1015 229 1086 271 Rb.
1143 228 1216 279 „In
1252 225 1363 268 allen
1392 224 1555 266 meinen
1582 223 1681 265 Mss.
1723 222 1781 264 ist

163 297 389 351 durcliweg
400 296 613 350 Vergilius
635 311 686 337 zu
714 296 840 338 lesen.
899 297 987 338 Auf
1011 296 1287 340 lateinischen
1309 294 1565 336 Inschriften
1590 292 1778 347 wz'rdtl)

164 367 378 421 Vergilius
414 366 492 407 mit
522 365 537 406 i
572 364 690 406 nicht
728 380 804 407 vor
840 365 932 407 dem
965 366 1123 408 dritten
1151 364 1442 408 Jahrhundert
1471 363 1780 404 vorkomme11.“

162 436 296 478 Addit
337 435 523 477 Graecos
569 434 789 488 scripsisse
828 432 1090 489 Οὐεργίλιος.
1159 435 1215 476 Et
1262 448 1392 488 quum
1441 433 1486 475 F.
1531 431 1780 482 Schultzius‚

161 505 198 547 is
240 504 315 558 qui
351 503 523 557 scripsit
557 503 876 556 „quaestionum
910 503 1341 558 orthographicarum
1367 501 1527 553 decas“,
1571 501 1615 542 in
1645 514 1781 555 eoque

161 573 305 616 libello
362 573 544 615 formam
584 571 790 625 Virgilius
844 572 949 615 bene
1005 571 1204 623 defendit,
1260 575 1407 613 notum
1462 570 1569 612 illud
1625 584 1782 611 memo-

161 645 299 684 rasset
340 641 582 696 Βιργιλίοιο
599 641 640 695 ⁵)
682 644 724 682 et
765 655 855 682 esse
904 641 1165 697 1ἰ’ν91”ἰι’1ιε111
1212 641 1406 682 Palatino
1455 644 1497 682 et
1540 640 1655 694 apud
1692 639 1782 680 Pri-

163 711 373 753 scianum:
420 711 491 752 Rb.
549 710 775 762 „Priscian,
803 709 952 763 inquit,
980 711 1037 752 ist
1072 713 1160 751 erst
1188 724 1265 752 aus
1302 709 1397 751 (lem
1437 709 1631 752 sechsten
1662 722 1782 760 saec,

163 779 231 821 die
260 779 464 821 Inschrift
490 793 567 820 aus
593 778 688 820 dem
720 778 902 831 fiinften,
938 778 1140 820 wahrend
1166 779 1302 821 meine
1330 779 1510 820 altesten
1538 778 1636 819 Mss.
1667 778 1783 820 einer

162 848 363 890 friiheren
399 848 490 890 Zeit
530 847 787 902 angeheren.
846 849 955 889 Dass
992 846 1191 901 iibrigens
1232 847 1308 889 auf
1343 847 1410 889 die
1436 847 1641 902 Angaben
1678 847 1783 888 iiber

161 917 242 959 den
269 917 488 959 Palatinus
516 931 597 959 von
622 917 869 970 Ambrogio,
900 916 979 958 den
1008 916 1193 970 Wagner
1220 916 1282 957 als
1311 916 1430 957 einen
1453 916 1783 957 Gewahrsmann

162 990 303 1038 neunt,
334 986 453 1028 nicht
483 986 558 1028 der
585 987 801 1040 geringste
826 986 998 1028 Verlass
1023 986 1095 1036 ist,
1124 985 1235 1027 habe
1262 984 1331 1026 ich
1361 984 1492 1026 sehon
1522 998 1598 1025 vor
1623 984 1785 1025 Jahren

162 1055 359 1097 erklartf‘
433 1055 522 1096 Nec
557 1058 701 1097 tamen
738 1054 905 1106 attulit,
944 1067 1054 1107 quae
1091 1068 1192 1096 vera
1229 1054 1442 1107 scriptura
1483 1057 1593 1094 esset
1629 1053 1673 1094 in
1706 1053 1784 1094 Pa-

161 1124 296 1166 latino
325 1123 418 1175 illo,
459 1137 583 1177 quem
623 1124 715 1177 ipse
754 1121 963 1177 optimum
1000 1122 1284 1173 iudicaverat,
1325 1136 1461 1175 neque
1492 1122 1536 1163 in
1575 1120 1648 1162 illo
1686 1134 1784 1162 con-

161 1196 290 1234 ventu
327 1205 463 1246 neque
502 1192 546 1234 in
586 1192 772 1234 editione
817 1205 905 1232 sua.
980 1191 1144 1233 Deinde
1183 1191 1291 1234 illud
1323 1191 1493 1241 mirum,
1550 1190 1665 1245 quod
1703 1189 1785 1231 Msi

162 1275 196 1313 c,
220 1264 268 1302 ut
297 1260 491 1314 exempla
516 1264 685 1303 exstant
713 1274 842 1314 supra
857 1274 895 1314 p.
912 1260 1065 1312 XVIII,
1084 1262 1340 1315 scripturam
1367 1260 1517 1302 ceteris
1533 1259 1786 1315 praetulerit

164 1329 380 1379 omnibus,
430 1329 475 1371 id
506 1329 549 1371 in
598 1329 680 1372 hoc
724 1329 896 1371 nomine
938 1328 1080 1372 facere
1117 1331 1313 1373 noluerit.
1371 1329 1499 1371 Halm
1532 1329 1658 1381 „Was
1703 1329 1784 1370 den

160 1399 323 1441 Namen
360 1399 548 1455 Verqilius
576 1397 757 1451 betrifft,
804 1412 850 1441 so
883 1399 1074 1442 erinnere
1105 1399 1173 1441 ich
1204 1400 1317 1442 mich
1348 1399 1425 1442 ihn
1449 1401 1493 1442 in
1516 1400 1616 1442 Mss.
1645 1399 1717 1441 des
1748 1403 1787 1442 9.

162 1468 249 1510 111111
278 1471 339 1509 10.
369 1481 476 1509 saec.
506 1469 584 1522 fast
609 1468 677 1510 nie
702 1468 854 1510 anders
882 1468 944 1510 als
971 1469 1095 1523 Verg.
1127 1469 1294 1523 gelesen
1323 1485 1374 1511 zu
1397 1469 1573 1511 haben.“
1628 1470 1785 1512 Similis

163 1541 228 1579 est
264 1537 417 1579 relatio
457 1536 633 1578 Teuffeli
672 1539 790 1579 Rom.
829 1537 1059 1591 Littgesch.
1099 1552 1137 1592 p.
1171 1541 1250 1580 389
1287 1539 1379 1590 „die
1418 1539 1675 1581 Inschristen
1709 1554 1786 1581 aus

164 1606 239 1647 der
268 1606 358 1647 Zeit
382 1604 457 1647 der
488 1605 699 1660 Republik
728 1607 816 1648 und
844 1607 925 1649 den
956 1611 1096 1649 ersten
1134 1607 1407 1651 christlichen
1438 1609 1786 1651 Jahrhunderten

165 1675 352 1730 (videtur
379 1675 537 1716 multas
567 1675 674 1717 scire
694 1676 867 1718 illorum
891 1680 1130 1730 temporum
1156 1677 1471 1732 inscriptiones)
1502 1677 1643 1721 haben
1662 1679 1787 1721 iiber-

164 1743 352 1797 wiegend
381 1758 403 1785 e
433 1744 627 1799 (Aliquot
654 1745 788 1798 igitur
816 1746 834 1786 i
860 1747 1066 1797 servant),
1101 1750 1189 1788 erst
1213 1746 1270 1787 im
1295 1747 1547 1789 Mittelalter
1576 1748 1787 1802 unges-,thr

166 1812 246 1854 seit
276 1827 384 1855 saec.
417 1816 439 1854 9
468 1813 592 1867 fangt
630 1813 822 1856 daneben
863 1814 930 1856 dic
969 1815 1219 1857 Schreibart
1242 1816 1357 1869 Virg.
1388 1830 1443 1858 an
1478 1818 1786 1873 auszukommen.

167 1881 302 1936 (Haec
337 1882 449 1923 inter
485 1896 529 1924 se
570 1881 881 1938 adversantur.)
940 1885 1074 1926 Nemo
1110 1884 1250 1926 adhuc
1287 1889 1493 1938 quantum
1528 1887 1676 1938 sciam,
1732 1886 1788 1928 ad

167 1951 350 1992 nominis
381 1951 640 2004 scripturam
676 1952 964 2007 indagandam
1000 1953 1135 1995 libros
1173 1955 1485 2009 manuscriptos
1520 1956 1690 1998 Horatii
1721 1957 1788 1999 Ci—

167 2020 331 2062 ceronis
362 2019 546 2061 aliorum
581 2034 676 2061 cum
709 2020 932 2076 diligentia
955 2036 1006 2064 ac
1040 2022 1123 2065 fide
1152 2023 1349 2076 contulit,
1380 2023 1425 2066 id
1459 2025 1573 2080 quod
1605 2025 1789 2067 maxime

165 2103 271 2143 opus
301 2091 377 2130 est.

278 2158 419 2199 Pauca
465 2157 594 2198 etiam
636 2157 817 2200 dicenda
858 2163 957 2201 sunt
1001 2159 1053 2201 de
1093 2160 1444 2215 interpunctione.
1503 2164 1565 2205 Ac
1605 2164 1788 2218 primum

168 2227 274 2270 illud
322 2226 743 2269 animadvertendum
782 2231 846 2269 est
880 2228 923 2269 in
958 2229 1104 2282 lingua
1152 2230 1344 2271 Romana
1395 2233 1629 2273 orationem
1674 2237 1788 2274 recte

166 2296 448 2350 compositam
478 2295 660 2350 intelligi
691 2296 817 2337 nullis
844 2297 1011 2339 omnino
1043 2297 1200 2357 additis
1231 2299 1383 2352 signis,
1427 2315 1559 2354 quare
1584 2315 1636 2342 ea
1667 2302 1788 2355 signa

165 2366 200 2407 si
228 2365 456 2417 adduntur,
488 2369 529 2406 et
552 2365 608 2406 ad
632 2366 886 2407 sententiam
917 2367 1225 2421 explanandam
1250 2368 1443 2410 adhiberi
1481 2374 1662 2423 possunt
1697 2371 1788 2412 uni-

166 2449 330 2476 versam
355 2438 396 2476 et
425 2434 481 2476 ad
507 2435 694 2489 singulas
724 2436 931 2477 enuntiati
954 2440 1100 2492 partes
1122 2451 1199 2490 pro
1226 2439 1458 2479 sententiae
1475 2439 1638 2480 ratione
1652 2441 1786 2494 magis

166 2503 441 2545 extollendas.
500 2504 636 2554 Quum
664 2503 746 2546 hoc
769 2509 974 2559 praestet,
1014 2520 1179 2547 comma
1214 2521 1512 2561 nonnunquam
1547 2510 1689 2562 posui,
1738 2514 1787 2552 ut

167 2572 406 2614 cohiberem
435 2573 645 2627 legentem
670 2587 720 2615 ac
751 2587 946 2628 cogerem
962 2575 1120 2617 diutius
1147 2575 1307 2630 aliquid
1323 2577 1621 2632 contemplar13
1654 2579 1788 2632 omisi,

278 2735 314 2772 ⁵)
339 2732 377 2765 ld
400 2743 439 2765 eo
466 2734 607 2767 maioris
633 2740 686 2768 est
710 2736 888 2775 momenti,
915 2737 1086 2779 siquidem
1113 2738 1353 2780 Dittenberger
1377 2740 1544 2778 (Hermes
1570 2742 1617 2773 vl
1642 2751 1673 2784 p.
1706 2744 1787 2783 129]

167 2801 242 2833 sqq.
258 2791 369 2831 docet,
398 2791 407 2822 i
432 2789 544 2832 breve,
567 2793 660 2835 quod
688 2798 760 2825 erat
779 2793 812 2824 in
836 2794 1002 2827 Romanis
1027 2795 1240 2836 nominibus,
1266 2806 1284 2827 a
1300 2796 1438 2829 Graecis
1458 2798 1541 2830 verti
1567 2799 1677 2832 solere
1701 2801 1735 2832 in
1760 2812 1787 2846 ε,

167 2853 205 2880 ut
232 2845 415 2891 Τεβέριος,
441 2846 631 2890 Δομέτιος,
656 2846 906 2889 Καπετώλιον,
934 2857 967 2884 et
991 2862 1028 2885 ea
1052 2854 1168 2885 inesse
1193 2857 1226 2885 et
1248 2853 1283 2884 111
1315 2854 1603 2896 Inscriptionibus
1628 2856 1670 2888 ab
1697 2868 1787 2890 anno

172 2907 232 2938 105
259 2909 338 2937 ante
362 2905 439 2938 Chr.
465 2905 507 2937 ad
532 2906 596 2938 248
622 2911 701 2949 post
723 2907 812 2948 Chr„
835 2913 868 2941 et
893 2909 926 2941 in
954 2911 1039 2942 Mss.
1064 2909 1211 2952 Polyhii,
1237 2911 1411 2953 Dionysii,
1437 2912 1622 2945 Plutarchi.
1669 2915 1788 2956 Neque

169 2964 203 2996 in
232 2963 360 2996 Graeca
385 2962 503 3005 lingua
528 2963 663 2997 litterae
690 2977 746 3008 ιργ
773 2966 862 2998 inter
889 2975 925 2998 se
949 2966 1153 3009 iunguntur,
1181 2966 1278 2999 facile
1299 2978 1376 3011 εργ;
1424 2980 1529 3012 quare
1567 2972 1625 3013 qui
1648 2972 1789 3015 scripsit

171 3021 279 3063 Βιργ.,
303 3021 332 3053 is
359 3021 455 3053 nullo
481 3020 584 3053 modo
608 3021 676 3054 sibi
702 3021 804 3056 licere
829 3023 979 3056 scribere
1008 3025 1098 3066 Βεργ
1121 3025 1342 3058 intellexerat.
