<?xml version="1.0" encoding="UTF-8"?>
<!DOCTYPE html PUBLIC "-//W3C//DTD XHTML 1.0 Transitional//EN"
    "http://www.w3.org/TR/xhtml1/DTD/xhtml1-transitional.dtd">
<html xmlns="http://www.w3.org/1999/xhtml" xml:lang="en" lang="en">
 <head>
  <title>
</title>
<meta http-equiv="Content-Type" content="text/html;charset=utf-8" />
  <meta name='ocr-system' content='tesseract 3.04.00' />
  <meta name='ocr-capabilities' content='ocr_page ocr_carea ocr_par ocr_line ocrx_word'/>
</head>
<body>
  <div class='ocr_page' id='page_1' title='image "aeneisvi00virguoft_0558.png"; bbox 0 0 2023 3350; ppageno 0'>
   <div class='ocr_carea' id='block_1_1' title="bbox 274 115 354 154">
    <p class='ocr_par' dir='ltr' id='par_1_1' title="bbox 274 115 354 154">
     <span class='ocr_line' id='line_1_1' title="bbox 274 115 354 154; baseline 0 -1"><span class='ocrx_word' id='word_1_1' title='bbox 274 115 354 154; x_wconf 80' lang='lat'>532</span> 
     </span>
    </p>
   </div>
   <div class='ocr_carea' id='block_1_2' title="bbox 595 115 1577 156">
    <p class='ocr_par' dir='ltr' id='par_1_2' title="bbox 595 115 1577 156">
     <span class='ocr_line' id='line_1_2' title="bbox 595 115 1577 156; baseline 0.01 -11"><span class='ocrx_word' id='word_1_2' title='bbox 595 115 630 146; x_wconf 81' lang='lat' dir='ltr'>P.</span> <span class='ocrx_word' id='word_1_3' title='bbox 662 115 853 147; x_wconf 82' lang='lat' dir='ltr'>VIRGILH</span> <span class='ocrx_word' id='word_1_4' title='bbox 887 115 1097 150; x_wconf 75' lang='lat' dir='ltr'><strong>MARONIS</strong></span> <span class='ocrx_word' id='word_1_5' title='bbox 1127 117 1360 153; x_wconf 82' lang='lat' dir='ltr'><strong>AENEIDOS</strong></span> <span class='ocrx_word' id='word_1_6' title='bbox 1395 122 1481 154; x_wconf 84' lang='lat' dir='ltr'>LtB.</span> <span class='ocrx_word' id='word_1_7' title='bbox 1518 124 1577 156; x_wconf 81' lang='lat' dir='ltr'>xl.</span> 
     </span>
    </p>
   </div>
   <div class='ocr_carea' id='block_1_3' title="bbox 274 225 1495 344">
    <p class='ocr_par' dir='ltr' id='par_1_3' title="bbox 274 225 1495 344">
     <span class='ocr_line' id='line_1_3' title="bbox 274 225 1416 284; baseline 0.007 -18"><span class='ocrx_word' id='word_1_8' title='bbox 274 225 546 278; x_wconf 87' lang='lat' dir='ltr'>Bellipotens.</span> <span class='ocrx_word' id='word_1_9' title='bbox 605 225 741 278; x_wconf 79' lang='lat' dir='ltr'>Aptat</span> <span class='ocrx_word' id='word_1_10' title='bbox 780 229 974 269; x_wconf 79' lang='lat' dir='ltr'>rorantes</span> <span class='ocrx_word' id='word_1_11' title='bbox 1005 229 1212 282; x_wconf 77' lang='lat' dir='ltr'>sanguine</span> <span class='ocrx_word' id='word_1_12' title='bbox 1249 232 1416 284; x_wconf 81' lang='lat' dir='ltr'>cristas,</span> 
     </span>
     <span class='ocr_line' id='line_1_4' title="bbox 274 282 1495 344; baseline 0.009 -23"><span class='ocrx_word' id='word_1_13' title='bbox 274 283 460 334; x_wconf 72' lang='lat' dir='ltr'>&#39;Telaque</span> <span class='ocrx_word' id='word_1_14' title='bbox 498 285 652 323; x_wconf 84' lang='lat' dir='ltr'>trunca</span> <span class='ocrx_word' id='word_1_15' title='bbox 684 282 764 323; x_wconf 83' lang='lat' dir='ltr'>viri</span> <span class='ocrx_word' id='word_1_16' title='bbox 799 287 842 324; x_wconf 91' lang='lat' dir='ltr'>et</span> <span class='ocrx_word' id='word_1_17' title='bbox 881 284 946 326; x_wconf 91' lang='lat' dir='ltr'>bis</span> <span class='ocrx_word' id='word_1_18' title='bbox 984 299 1059 326; x_wconf 84' lang='lat' dir='ltr'>sex</span> <span class='ocrx_word' id='word_1_19' title='bbox 1093 286 1272 331; x_wconf 79' lang='lat' dir='ltr'>thoraca</span> <span class='ocrx_word' id='word_1_20' title='bbox 1310 291 1495 344; x_wconf 84' lang='lat' dir='ltr'>petitum</span> 
     </span>
    </p>
   </div>
   <div class='ocr_carea' id='block_1_4' title="bbox 274 339 1527 396">
    <p class='ocr_par' dir='ltr' id='par_1_4' title="bbox 274 339 1527 396">
     <span class='ocr_line' id='line_1_5' title="bbox 274 339 1527 396; baseline 0.01 -18"><span class='ocrx_word' id='word_1_21' title='bbox 274 339 601 392; x_wconf 84' lang='lat' dir='ltr'>Perfossumque</span> <span class='ocrx_word' id='word_1_22' title='bbox 636 339 762 391; x_wconf 90' lang='grc'>10013,</span> <span class='ocrx_word' id='word_1_23' title='bbox 804 341 1071 396; x_wconf 80' lang='lat' dir='ltr'>clipeumque</span> <span class='ocrx_word' id='word_1_24' title='bbox 1107 358 1158 385; x_wconf 83' lang='lat' dir='ltr'>ex</span> <span class='ocrx_word' id='word_1_25' title='bbox 1191 358 1289 388; x_wconf 81' lang='lat' dir='ltr'>aere</span> <span class='ocrx_word' id='word_1_26' title='bbox 1327 348 1527 391; x_wconf 75' lang='lat' dir='ltr'><strong>sinistrae</strong></span> 
     </span>
    </p>
   </div>
   <div class='ocr_carea' id='block_1_5' title="bbox 1859 353 1910 391">
    <p class='ocr_par' dir='ltr' id='par_1_5' title="bbox 1859 353 1910 391">
     <span class='ocr_line' id='line_1_6' title="bbox 1859 353 1910 391; baseline -0.02 0"><span class='ocrx_word' id='word_1_27' title='bbox 1859 353 1910 391; x_wconf 95' lang='grc'>10</span> 
     </span>
    </p>
   </div>
   <div class='ocr_carea' id='block_1_6' title="bbox 275 395 1518 623">
    <p class='ocr_par' dir='ltr' id='par_1_6' title="bbox 275 395 1518 623">
     <span class='ocr_line' id='line_1_7' title="bbox 276 395 1496 454; baseline 0.009 -18"><span class='ocrx_word' id='word_1_28' title='bbox 276 395 492 449; x_wconf 80' lang='lat' dir='ltr'>Subligat,</span> <span class='ocrx_word' id='word_1_29' title='bbox 527 400 657 450; x_wconf 85' lang='lat' dir='ltr'>atque</span> <span class='ocrx_word' id='word_1_30' title='bbox 695 410 838 439; x_wconf 82' lang='lat' dir='ltr'>ensem</span> <span class='ocrx_word' id='word_1_31' title='bbox 870 399 982 441; x_wconf 93' lang='lat' dir='ltr'>collo</span> <span class='ocrx_word' id='word_1_32' title='bbox 1021 402 1242 454; x_wconf 75' lang='lat' dir='ltr'>suspendit</span> <span class='ocrx_word' id='word_1_33' title='bbox 1278 404 1496 446; x_wconf 89' lang='lat' dir='ltr'>eburnum.</span> 
     </span>
     <span class='ocr_line' id='line_1_8' title="bbox 276 453 1518 516; baseline 0.01 -23"><span class='ocrx_word' id='word_1_34' title='bbox 276 453 382 494; x_wconf 85' lang='lat' dir='ltr'>Tum</span> <span class='ocrx_word' id='word_1_35' title='bbox 417 454 573 505; x_wconf 77' lang='lat' dir='ltr'>socios,</span> <span class='ocrx_word' id='word_1_36' title='bbox 610 468 796 508; x_wconf 81' lang='lat' dir='ltr'>namque</span> <span class='ocrx_word' id='word_1_37' title='bbox 835 457 972 498; x_wconf 90' lang='lat' dir='ltr'>omnis</span> <span class='ocrx_word' id='word_1_38' title='bbox 1008 471 1105 499; x_wconf 87' lang='grc'>00111</span> <span class='ocrx_word' id='word_1_39' title='bbox 1140 460 1302 513; x_wconf 80' lang='lat' dir='ltr'>stipata</span> <span class='ocrx_word' id='word_1_40' title='bbox 1342 463 1518 516; x_wconf 78' lang='lat' dir='ltr'>tegebat</span> 
     </span>
     <span class='ocr_line' id='line_1_9' title="bbox 276 510 1453 566; baseline 0.009 -16"><span class='ocrx_word' id='word_1_41' title='bbox 276 510 418 552; x_wconf 81' lang='lat' dir='ltr'>Turba</span> <span class='ocrx_word' id='word_1_42' title='bbox 455 511 630 563; x_wconf 86' lang='lat' dir='ltr'>ducum,</span> <span class='ocrx_word' id='word_1_43' title='bbox 670 512 731 553; x_wconf 89' lang='grc'>310</span> <span class='ocrx_word' id='word_1_44' title='bbox 770 513 978 566; x_wconf 89' lang='lat' dir='ltr'>incipiens</span> <span class='ocrx_word' id='word_1_45' title='bbox 1016 515 1217 558; x_wconf 78' lang='lat' dir='ltr'>hortatur</span> <span class='ocrx_word' id='word_1_46' title='bbox 1257 523 1453 561; x_wconf 83' lang='lat' dir='ltr'>ovantes:</span> 
     </span>
     <span class='ocr_line' id='line_1_10' title="bbox 275 568 1444 623; baseline 0.009 -15"><span class='ocrx_word' id='word_1_47' title='bbox 275 568 464 610; x_wconf 77' lang='lat' dir='ltr'>Maxima</span> <span class='ocrx_word' id='word_1_48' title='bbox 501 582 569 610; x_wconf 89' lang='lat' dir='ltr'>res</span> <span class='ocrx_word' id='word_1_49' title='bbox 606 568 778 622; x_wconf 81' lang='lat' dir='ltr'>effecta,</span> <span class='ocrx_word' id='word_1_50' title='bbox 815 572 915 623; x_wconf 79' lang='lat' dir='ltr'>viri;</span> <span class='ocrx_word' id='word_1_51' title='bbox 951 573 1083 614; x_wconf 89' lang='lat' dir='ltr'>timor</span> <span class='ocrx_word' id='word_1_52' title='bbox 1122 574 1258 616; x_wconf 89' lang='lat' dir='ltr'>omnis</span> <span class='ocrx_word' id='word_1_53' title='bbox 1294 576 1444 618; x_wconf 84' lang='lat' dir='ltr'>abesto</span> 
     </span>
    </p>
   </div>
   <div class='ocr_carea' id='block_1_7' title="bbox 276 625 1619 689">
    <p class='ocr_par' dir='ltr' id='par_1_7' title="bbox 276 625 1619 689">
     <span class='ocr_line' id='line_1_11' title="bbox 276 625 1619 689; baseline 0.008 -23"><span class='ocrx_word' id='word_1_54' title='bbox 276 625 399 675; x_wconf 82' lang='lat' dir='ltr'>Quod</span> <span class='ocrx_word' id='word_1_55' title='bbox 431 630 644 680; x_wconf 86' lang='lat' dir='ltr'>superest;</span> <span class='ocrx_word' id='word_1_56' title='bbox 683 627 788 669; x_wconf 83' lang='lat' dir='ltr'>haec</span> <span class='ocrx_word' id='word_1_57' title='bbox 822 633 921 670; x_wconf 89' lang='lat' dir='ltr'>sunt</span> <span class='ocrx_word' id='word_1_58' title='bbox 960 630 1099 684; x_wconf 81' lang='lat' dir='ltr'>spolia</span> <span class='ocrx_word' id='word_1_59' title='bbox 1135 635 1177 673; x_wconf 92' lang='lat' dir='ltr'>et</span> <span class='ocrx_word' id='word_1_60' title='bbox 1210 632 1263 673; x_wconf 90' lang='lat' dir='ltr'>de</span> <span class='ocrx_word' id='word_1_61' title='bbox 1296 647 1395 687; x_wconf 84' lang='lat' dir='ltr'>rege</span> <span class='ocrx_word' id='word_1_62' title='bbox 1434 635 1619 689; x_wconf 89' lang='lat' dir='ltr'>superbo</span> 
     </span>
    </p>
   </div>
   <div class='ocr_carea' id='block_1_8' title="bbox 1853 637 1904 675">
    <p class='ocr_par' dir='ltr' id='par_1_8' title="bbox 1853 637 1904 675">
     <span class='ocr_line' id='line_1_12' title="bbox 1853 637 1904 675; baseline 0 0"><span class='ocrx_word' id='word_1_63' title='bbox 1853 637 1904 675; x_wconf 83' lang='lat'>15</span> 
     </span>
    </p>
   </div>
   <div class='ocr_carea' id='block_1_9' title="bbox 275 683 1519 917">
    <p class='ocr_par' dir='ltr' id='par_1_9' title="bbox 275 683 1519 917">
     <span class='ocr_line' id='line_1_13' title="bbox 275 683 1470 739; baseline 0.008 -16"><span class='ocrx_word' id='word_1_64' title='bbox 275 683 512 735; x_wconf 78' lang='lat' dir='ltr'>Primitiae,</span> <span class='ocrx_word' id='word_1_65' title='bbox 549 684 830 739; x_wconf 84' lang='lat' dir='ltr'>manibusque</span> <span class='ocrx_word' id='word_1_66' title='bbox 868 687 972 729; x_wconf 88' lang='lat' dir='ltr'>meis</span> <span class='ocrx_word' id='word_1_67' title='bbox 1012 688 1244 731; x_wconf 84' lang='lat' dir='ltr'>Mezentius</span> <span class='ocrx_word' id='word_1_68' title='bbox 1283 690 1351 731; x_wconf 88' lang='lat' dir='ltr'>hic</span> <span class='ocrx_word' id='word_1_69' title='bbox 1392 696 1470 733; x_wconf 90' lang='lat' dir='ltr'>est.</span> 
     </span>
     <span class='ocr_line' id='line_1_14' title="bbox 275 741 1440 800; baseline 0.008 -19"><span class='ocrx_word' id='word_1_70' title='bbox 275 741 398 782; x_wconf 88' lang='lat' dir='ltr'>Nunc</span> <span class='ocrx_word' id='word_1_71' title='bbox 434 742 516 783; x_wconf 90' lang='lat' dir='ltr'>iter</span> <span class='ocrx_word' id='word_1_72' title='bbox 550 741 606 784; x_wconf 84' lang='lat' dir='ltr'>ad</span> <span class='ocrx_word' id='word_1_73' title='bbox 639 756 783 795; x_wconf 81' lang='lat' dir='ltr'>regem</span> <span class='ocrx_word' id='word_1_74' title='bbox 820 744 945 785; x_wconf 87' lang='lat' dir='ltr'>nobis</span> <span class='ocrx_word' id='word_1_75' title='bbox 982 759 1212 800; x_wconf 86' lang='lat' dir='ltr'>murosque</span> <span class='ocrx_word' id='word_1_76' title='bbox 1249 747 1440 790; x_wconf 81' lang='lat' dir='ltr'>Latinos.</span> 
     </span>
     <span class='ocr_line' id='line_1_15' title="bbox 275 799 1487 857; baseline 0.007 -19"><span class='ocrx_word' id='word_1_77' title='bbox 275 799 408 839; x_wconf 81' lang='lat' dir='ltr'>Arma</span> <span class='ocrx_word' id='word_1_78' title='bbox 440 802 591 853; x_wconf 83' lang='lat' dir='ltr'>parate</span> <span class='ocrx_word' id='word_1_79' title='bbox 632 800 785 841; x_wconf 84' lang='lat' dir='ltr'>animis</span> <span class='ocrx_word' id='word_1_80' title='bbox 819 805 861 842; x_wconf 90' lang='lat' dir='ltr'>et</span> <span class='ocrx_word' id='word_1_81' title='bbox 899 816 974 855; x_wconf 92' lang='lat' dir='ltr'>spe</span> <span class='ocrx_word' id='word_1_82' title='bbox 1011 805 1275 856; x_wconf 80' lang='lat' dir='ltr'>praesumite</span> <span class='ocrx_word' id='word_1_83' title='bbox 1318 806 1487 857; x_wconf 85' lang='lat' dir='ltr'>bellum,</span> 
     </span>
     <span class='ocr_line' id='line_1_16' title="bbox 275 856 1519 917; baseline 0.007 -21"><span class='ocrx_word' id='word_1_84' title='bbox 275 856 338 897; x_wconf 91' lang='lat' dir='ltr'>Ne</span> <span class='ocrx_word' id='word_1_85' title='bbox 375 870 461 910; x_wconf 86' lang='lat' dir='ltr'>qua</span> <span class='ocrx_word' id='word_1_86' title='bbox 496 870 617 898; x_wconf 87' lang='lat' dir='ltr'>mora</span> <span class='ocrx_word' id='word_1_87' title='bbox 651 857 844 910; x_wconf 85' lang='lat' dir='ltr'>ignaros,</span> <span class='ocrx_word' id='word_1_88' title='bbox 877 859 951 900; x_wconf 88' lang='lat' dir='ltr'>ubi</span> <span class='ocrx_word' id='word_1_89' title='bbox 984 861 1171 913; x_wconf 86' lang='lat' dir='ltr'>primum</span> <span class='ocrx_word' id='word_1_90' title='bbox 1206 863 1360 905; x_wconf 83' lang='lat' dir='ltr'>vellere</span> <span class='ocrx_word' id='word_1_91' title='bbox 1397 865 1519 917; x_wconf 77' lang='lat' dir='ltr'>signa</span> 
     </span>
    </p>
   </div>
   <div class='ocr_carea' id='block_1_10' title="bbox 276 914 1396 973">
    <p class='ocr_par' dir='ltr' id='par_1_10' title="bbox 276 914 1396 973">
     <span class='ocr_line' id='line_1_17' title="bbox 276 914 1396 973; baseline 0.007 -19"><span class='ocrx_word' id='word_1_92' title='bbox 276 914 516 956; x_wconf 85' lang='lat' dir='ltr'>Adnuerint</span> <span class='ocrx_word' id='word_1_93' title='bbox 555 916 700 969; x_wconf 91' lang='lat' dir='ltr'>superi</span> <span class='ocrx_word' id='word_1_94' title='bbox 731 915 977 970; x_wconf 89' lang='lat' dir='ltr'>pubemque</span> <span class='ocrx_word' id='word_1_95' title='bbox 1011 918 1191 960; x_wconf 84' lang='lat' dir='ltr'>educere</span> <span class='ocrx_word' id='word_1_96' title='bbox 1230 922 1396 973; x_wconf 76' lang='lat' dir='ltr'>castris,</span> 
     </span>
    </p>
   </div>
   <div class='ocr_carea' id='block_1_11' title="bbox 1857 921 1910 960">
    <p class='ocr_par' dir='ltr' id='par_1_11' title="bbox 1857 921 1910 960">
     <span class='ocr_line' id='line_1_18' title="bbox 1857 921 1910 960; baseline -0.038 0"><span class='ocrx_word' id='word_1_97' title='bbox 1857 921 1910 960; x_wconf 86' lang='lat'>20</span> 
     </span>
    </p>
   </div>
   <div class='ocr_carea' id='block_1_12' title="bbox 274 971 1602 1204">
    <p class='ocr_par' dir='ltr' id='par_1_12' title="bbox 275 971 1339 1026">
     <span class='ocr_line' id='line_1_19' title="bbox 275 971 1339 1026; baseline 0.007 -14"><span class='ocrx_word' id='word_1_98' title='bbox 275 971 487 1025; x_wconf 82' lang='lat' dir='ltr'>Impediat</span> <span class='ocrx_word' id='word_1_99' title='bbox 521 973 746 1026; x_wconf 81' lang='lat' dir='ltr'>segnisque</span> <span class='ocrx_word' id='word_1_100' title='bbox 781 977 899 1015; x_wconf 89' lang='lat' dir='ltr'>metu</span> <span class='ocrx_word' id='word_1_101' title='bbox 935 977 1147 1018; x_wconf 83' lang='lat' dir='ltr'>sententia</span> <span class='ocrx_word' id='word_1_102' title='bbox 1183 978 1339 1021; x_wconf 82' lang='lat' dir='ltr'>tardet.</span> 
     </span>
    </p>

    <p class='ocr_par' dir='ltr' id='par_1_13' title="bbox 274 1030 1602 1204">
     <span class='ocr_line' id='line_1_20' title="bbox 274 1030 1360 1088; baseline 0.006 -18"><span class='ocrx_word' id='word_1_103' title='bbox 274 1030 444 1070; x_wconf 81' lang='lat' dir='ltr'>Interea</span> <span class='ocrx_word' id='word_1_104' title='bbox 476 1030 613 1071; x_wconf 88' lang='lat' dir='ltr'>socios</span> <span class='ocrx_word' id='word_1_105' title='bbox 648 1030 956 1086; x_wconf 81' lang='lat' dir='ltr'>inhumataque</span> <span class='ocrx_word' id='word_1_106' title='bbox 995 1047 1178 1088; x_wconf 76' lang='lat' dir='ltr'>corpora.</span> <span class='ocrx_word' id='word_1_107' title='bbox 1217 1039 1360 1076; x_wconf 82' lang='lat' dir='ltr'>terrae</span> 
     </span>
     <span class='ocr_line' id='line_1_21' title="bbox 276 1087 1602 1140; baseline 0.002 -12"><span class='ocrx_word' id='word_1_108' title='bbox 276 1087 546 1139; x_wconf 83' lang='lat' dir='ltr'>Mandemus,</span> <span class='ocrx_word' id='word_1_109' title='bbox 588 1087 663 1140; x_wconf 86' lang='lat' dir='ltr'>qui</span> <span class='ocrx_word' id='word_1_110' title='bbox 693 1088 809 1130; x_wconf 88' lang='lat' dir='ltr'>solus</span> <span class='ocrx_word' id='word_1_111' title='bbox 841 1089 976 1132; x_wconf 89' lang='lat' dir='ltr'>honos</span> <span class='ocrx_word' id='word_1_112' title='bbox 1010 1092 1252 1134; x_wconf 86' lang='lat' dir='ltr'>Acheronte</span> <span class='ocrx_word' id='word_1_113' title='bbox 1288 1093 1366 1134; x_wconf 89' lang='lat' dir='ltr'>sub</span> <span class='ocrx_word' id='word_1_114' title='bbox 1406 1092 1490 1132; x_wconf 86' lang='lat' dir='ltr'>imo</span> <span class='ocrx_word' id='word_1_115' title='bbox 1527 1094 1602 1132; x_wconf 87' lang='lat' dir='ltr'>est.</span> 
     </span>
     <span class='ocr_line' id='line_1_22' title="bbox 277 1144 1491 1204; baseline 0.004 -19"><span class='ocrx_word' id='word_1_116' title='bbox 277 1144 360 1195; x_wconf 89' lang='lat' dir='ltr'>Ite,</span> <span class='ocrx_word' id='word_1_117' title='bbox 397 1145 479 1196; x_wconf 81' lang='lat' dir='ltr'>ait,</span> <span class='ocrx_word' id='word_1_118' title='bbox 514 1146 709 1198; x_wconf 80' lang='lat' dir='ltr'>egregias</span> <span class='ocrx_word' id='word_1_119' title='bbox 744 1147 926 1198; x_wconf 81' lang='lat' dir='ltr'>animas,</span> <span class='ocrx_word' id='word_1_120' title='bbox 965 1163 1075 1202; x_wconf 80' lang='lat' dir='ltr'>quae</span> <span class='ocrx_word' id='word_1_121' title='bbox 1114 1151 1321 1204; x_wconf 83' lang='lat' dir='ltr'>sanguine</span> <span class='ocrx_word' id='word_1_122' title='bbox 1368 1150 1491 1190; x_wconf 90' lang='lat' dir='ltr'>nobis</span> 
     </span>
    </p>
   </div>
   <div class='ocr_carea' id='block_1_13' title="bbox 276 1202 1909 1261">
    <p class='ocr_par' dir='ltr' id='par_1_14' title="bbox 276 1202 1909 1261">
     <span class='ocr_line' id='line_1_23' title="bbox 276 1202 1909 1261; baseline 0.004 -19"><span class='ocrx_word' id='word_1_123' title='bbox 276 1202 397 1243; x_wconf 85' lang='lat' dir='ltr'>Hanc</span> <span class='ocrx_word' id='word_1_124' title='bbox 433 1203 620 1255; x_wconf 82' lang='lat' dir='ltr'>patriam</span> <span class='ocrx_word' id='word_1_125' title='bbox 659 1217 863 1257; x_wconf 86' lang='lat' dir='ltr'>peperere</span> <span class='ocrx_word' id='word_1_126' title='bbox 903 1219 997 1257; x_wconf 86' lang='lat' dir='ltr'>SUO,</span> <span class='ocrx_word' id='word_1_127' title='bbox 1035 1206 1236 1249; x_wconf 81' lang='lat' dir='ltr'>decorate</span> <span class='ocrx_word' id='word_1_128' title='bbox 1270 1208 1480 1261; x_wconf 85' lang='lat' dir='ltr'>supremis</span> <span class='ocrx_word' id='word_1_129' title='bbox 1857 1206 1909 1244; x_wconf 70' lang='lat'>20</span> 
     </span>
    </p>
   </div>
   <div class='ocr_carea' id='block_1_14' title="bbox 276 1259 1594 1319">
    <p class='ocr_par' dir='ltr' id='par_1_15' title="bbox 276 1259 1594 1319">
     <span class='ocr_line' id='line_1_24' title="bbox 276 1259 1594 1319; baseline 0.003 -19"><span class='ocrx_word' id='word_1_130' title='bbox 276 1259 546 1312; x_wconf 79' lang='lat' dir='ltr'>Muneribus3</span> <span class='ocrx_word' id='word_1_131' title='bbox 583 1266 878 1316; x_wconf 78' lang='lat' dir='ltr'>maestamque</span> <span class='ocrx_word' id='word_1_132' title='bbox 912 1264 1106 1306; x_wconf 78' lang='lat' dir='ltr'>Euandri</span> <span class='ocrx_word' id='word_1_133' title='bbox 1145 1266 1308 1319; x_wconf 86' lang='lat' dir='ltr'>primus</span> <span class='ocrx_word' id='word_1_134' title='bbox 1347 1266 1403 1307; x_wconf 78' lang='lat' dir='ltr'>ad</span> <span class='ocrx_word' id='word_1_135' title='bbox 1443 1264 1594 1306; x_wconf 86' lang='lat' dir='ltr'>urbem</span> 
     </span>
    </p>
   </div>
   <div class='ocr_carea' id='block_1_15' title="bbox 274 1429 1070 1606">
    <p class='ocr_par' dir='ltr' id='par_1_16' title="bbox 274 1429 1070 1606">
     <span class='ocr_line' id='line_1_25' title="bbox 320 1429 1069 1473; baseline 0.009 -13"><span class='ocrx_word' id='word_1_136' title='bbox 320 1431 352 1461; x_wconf 81' lang='grc' dir='ltr'>Β.</span> <span class='ocrx_word' id='word_1_137' title='bbox 377 1429 601 1473; x_wconf 79' lang='lat' dir='ltr'>bellipotens,</span> <span class='ocrx_word' id='word_1_138' title='bbox 654 1442 721 1463; x_wconf 85' lang='lat' dir='ltr'>vox</span> <span class='ocrx_word' id='word_1_139' title='bbox 766 1435 829 1464; x_wconf 84' lang='lat' dir='ltr'>iam</span> <span class='ocrx_word' id='word_1_140' title='bbox 876 1439 916 1465; x_wconf 78' lang='lat' dir='ltr'>ab</span> <span class='ocrx_word' id='word_1_141' title='bbox 966 1439 1069 1467; x_wconf 83' lang='lat' dir='ltr'>Ennio</span> 
     </span>
     <span class='ocr_line' id='line_1_26' title="bbox 276 1480 1068 1519; baseline 0.008 -13"><span class='ocrx_word' id='word_1_142' title='bbox 276 1483 435 1513; x_wconf 83' lang='lat' dir='ltr'>usurpata</span> <span class='ocrx_word' id='word_1_143' title='bbox 458 1486 509 1513; x_wconf 86' lang='grc'>00.</span> <span class='ocrx_word' id='word_1_144' title='bbox 536 1480 604 1509; x_wconf 87' lang='lat' dir='ltr'>Cic.</span> <span class='ocrx_word' id='word_1_145' title='bbox 630 1481 703 1510; x_wconf 80' lang='lat' dir='ltr'>niv.</span> <span class='ocrx_word' id='word_1_146' title='bbox 729 1480 769 1516; x_wconf 80' lang='lat'>2,</span> <span class='ocrx_word' id='word_1_147' title='bbox 792 1481 847 1517; x_wconf 84' lang='lat'>56,</span> <span class='ocrx_word' id='word_1_148' title='bbox 875 1482 947 1518; x_wconf 85' lang='grc'>116,</span> <span class='ocrx_word' id='word_1_149' title='bbox 973 1492 1068 1519; x_wconf 80' lang='lat' dir='ltr'>repe-</span> 
     </span>
     <span class='ocr_line' id='line_1_27' title="bbox 277 1525 1070 1562; baseline 0.008 -10"><span class='ocrx_word' id='word_1_150' title='bbox 277 1525 333 1552; x_wconf 87' lang='lat' dir='ltr'>tita</span> <span class='ocrx_word' id='word_1_151' title='bbox 358 1532 378 1552; x_wconf 89' lang='lat' dir='ltr'>a</span> <span class='ocrx_word' id='word_1_152' title='bbox 406 1525 507 1553; x_wconf 75' lang='lat' dir='ltr'>statio</span> <span class='ocrx_word' id='word_1_153' title='bbox 535 1527 638 1554; x_wconf 77' lang='lat' dir='ltr'>Theb.</span> <span class='ocrx_word' id='word_1_154' title='bbox 664 1525 699 1561; x_wconf 79' lang='lat'>2,</span> <span class='ocrx_word' id='word_1_155' title='bbox 728 1526 804 1562; x_wconf 79' lang='lat'>716,</span> <span class='ocrx_word' id='word_1_156' title='bbox 831 1536 894 1562; x_wconf 83' lang='lat' dir='ltr'>quo</span> <span class='ocrx_word' id='word_1_157' title='bbox 920 1531 994 1557; x_wconf 88' lang='lat' dir='ltr'>loco</span> <span class='ocrx_word' id='word_1_158' title='bbox 1022 1530 1070 1558; x_wconf 84' lang='lat' dir='ltr'>si-</span> 
     </span>
     <span class='ocr_line' id='line_1_28' title="bbox 274 1569 806 1606; baseline 0.004 -7"><span class='ocrx_word' id='word_1_159' title='bbox 274 1569 364 1599; x_wconf 81' lang='lat' dir='ltr'>milis</span> <span class='ocrx_word' id='word_1_160' title='bbox 391 1576 442 1598; x_wconf 83' lang='lat' dir='ltr'>est</span> <span class='ocrx_word' id='word_1_161' title='bbox 468 1572 594 1606; x_wconf 79' lang='lat' dir='ltr'>tropaei</span> <span class='ocrx_word' id='word_1_162' title='bbox 619 1572 806 1606; x_wconf 76' lang='lat' dir='ltr'>descriptio.</span> 
     </span>
    </p>
   </div>
   <div class='ocr_carea' id='block_1_16' title="bbox 273 1624 1067 1707">
    <p class='ocr_par' dir='ltr' id='par_1_17' title="bbox 273 1624 1067 1707">
     <span class='ocr_line' id='line_1_29' title="bbox 320 1624 1067 1665; baseline 0.005 -10"><span class='ocrx_word' id='word_1_163' title='bbox 320 1626 352 1656; x_wconf 87' lang='grc'>9.</span> <span class='ocrx_word' id='word_1_164' title='bbox 380 1624 451 1656; x_wconf 78' lang='lat' dir='ltr'>tela</span> <span class='ocrx_word' id='word_1_165' title='bbox 476 1628 618 1665; x_wconf 80' lang='lat' dir='ltr'>trunca,</span> <span class='ocrx_word' id='word_1_166' title='bbox 649 1628 876 1664; x_wconf 65' lang='lat' dir='ltr'>„praefractm</span> <span class='ocrx_word' id='word_1_167' title='bbox 912 1631 956 1659; x_wconf 86' lang='lat' dir='ltr'>ita</span> <span class='ocrx_word' id='word_1_168' title='bbox 981 1630 1067 1659; x_wconf 81' lang='lat' dir='ltr'>enini</span> 
     </span>
     <span class='ocr_line' id='line_1_30' title="bbox 273 1672 888 1707; baseline 0.002 -5"><span class='ocrx_word' id='word_1_169' title='bbox 273 1673 305 1702; x_wconf 90' lang='lat' dir='ltr'>in</span> <span class='ocrx_word' id='word_1_170' title='bbox 327 1672 473 1707; x_wconf 80' lang='lat' dir='ltr'>tropaeis</span> <span class='ocrx_word' id='word_1_171' title='bbox 497 1673 573 1707; x_wconf 82' lang='lat' dir='ltr'>poni</span> <span class='ocrx_word' id='word_1_172' title='bbox 597 1674 831 1703; x_wconf 72' lang='lat' dir='ltr'>consuerunt.‘⁴</span> <span class='ocrx_word' id='word_1_173' title='bbox 856 1678 888 1703; x_wconf 86' lang='lat' dir='ltr'>S.</span> 
     </span>
    </p>
   </div>
   <div class='ocr_carea' id='block_1_17' title="bbox 273 1727 1070 1950">
    <p class='ocr_par' dir='ltr' id='par_1_18' title="bbox 273 1727 1070 1950">
     <span class='ocr_line' id='line_1_31' title="bbox 323 1727 1069 1769; baseline 0.005 -12"><span class='ocrx_word' id='word_1_174' title='bbox 323 1729 374 1757; x_wconf 86' lang='lat' dir='ltr'>lo.</span> <span class='ocrx_word' id='word_1_175' title='bbox 398 1727 614 1769; x_wconf 84' lang='lat' dir='ltr'>perfossum,</span> <span class='ocrx_word' id='word_1_176' title='bbox 649 1737 714 1758; x_wconf 87' lang='lat' dir='ltr'>non</span> <span class='ocrx_word' id='word_1_177' title='bbox 744 1731 777 1759; x_wconf 88' lang='lat' dir='ltr'>in</span> <span class='ocrx_word' id='word_1_178' title='bbox 803 1732 938 1760; x_wconf 82' lang='lat' dir='ltr'>Aeneae</span> <span class='ocrx_word' id='word_1_179' title='bbox 961 1738 1069 1761; x_wconf 82' lang='lat' dir='ltr'>certa-</span> 
     </span>
     <span class='ocr_line' id='line_1_32' title="bbox 274 1774 1069 1811; baseline 0.006 -9"><span class='ocrx_word' id='word_1_180' title='bbox 274 1774 377 1811; x_wconf 82' lang='lat' dir='ltr'>mine,</span> <span class='ocrx_word' id='word_1_181' title='bbox 417 1776 477 1804; x_wconf 84' lang='grc'>3011</span> <span class='ocrx_word' id='word_1_182' title='bbox 508 1775 541 1804; x_wconf 86' lang='lat' dir='ltr'>in</span> <span class='ocrx_word' id='word_1_183' title='bbox 569 1776 694 1810; x_wconf 82' lang='lat' dir='ltr'>reliquo</span> <span class='ocrx_word' id='word_1_184' title='bbox 725 1777 850 1811; x_wconf 81' lang='lat' dir='ltr'>proelio</span> <span class='ocrx_word' id='word_1_185' title='bbox 877 1780 942 1806; x_wconf 86' lang='lat' dir='ltr'>tela</span> <span class='ocrx_word' id='word_1_186' title='bbox 965 1786 1069 1807; x_wconf 84' lang='lat' dir='ltr'>exce-</span> 
     </span>
     <span class='ocr_line' id='line_1_33' title="bbox 275 1820 1070 1857; baseline 0.006 -9"><span class='ocrx_word' id='word_1_187' title='bbox 275 1826 376 1855; x_wconf 80' lang='lat' dir='ltr'>perat.</span> <span class='ocrx_word' id='word_1_188' title='bbox 425 1820 473 1850; x_wconf 82' lang='lat' dir='ltr'>Cf.</span> <span class='ocrx_word' id='word_1_189' title='bbox 502 1820 555 1857; x_wconf 82' lang='lat'>10,</span> <span class='ocrx_word' id='word_1_190' title='bbox 578 1821 645 1849; x_wconf 83' lang='lat'>690</span> <span class='ocrx_word' id='word_1_191' title='bbox 663 1829 712 1856; x_wconf 73' lang='grc'>311.</span> <span class='ocrx_word' id='word_1_192' title='bbox 737 1838 781 1841; x_wconf 73' lang='lat'>—</span> <span class='ocrx_word' id='word_1_193' title='bbox 801 1820 894 1852; x_wconf 78' lang='lat' dir='ltr'>ensis</span> <span class='ocrx_word' id='word_1_194' title='bbox 919 1822 1070 1853; x_wconf 81' lang='lat' dir='ltr'>eburnus</span> 
     </span>
     <span class='ocr_line' id='line_1_34' title="bbox 273 1864 1070 1908; baseline 0.006 -14"><span class='ocrx_word' id='word_1_195' title='bbox 273 1866 313 1895; x_wconf 87' lang='lat' dir='ltr'>cf.</span> <span class='ocrx_word' id='word_1_196' title='bbox 345 1866 383 1903; x_wconf 81' lang='lat'>9,</span> <span class='ocrx_word' id='word_1_197' title='bbox 423 1865 501 1896; x_wconf 80' lang='lat'>305.</span> <span class='ocrx_word' id='word_1_198' title='bbox 537 1881 581 1886; x_wconf 92' lang='lat'><strong>—</strong></span> <span class='ocrx_word' id='word_1_199' title='bbox 629 1864 847 1908; x_wconf 78' lang='lat' dir='ltr'>clipeumque</span> <span class='ocrx_word' id='word_1_200' title='bbox 892 1877 932 1898; x_wconf 65' lang='lat' dir='ltr'>ea:</span> <span class='ocrx_word' id='word_1_201' title='bbox 979 1878 1070 1908; x_wconf 73' lang='lat' dir='ltr'>aere,</span> 
     </span>
     <span class='ocr_line' id='line_1_35' title="bbox 273 1910 654 1950; baseline 0.005 -11"><span class='ocrx_word' id='word_1_202' title='bbox 273 1919 423 1949; x_wconf 79' lang='lat' dir='ltr'>aereum,</span> <span class='ocrx_word' id='word_1_203' title='bbox 446 1912 488 1941; x_wconf 85' lang='lat' dir='ltr'>cf.</span> <span class='ocrx_word' id='word_1_204' title='bbox 517 1910 553 1950; x_wconf 88' lang='lat'>3,</span> <span class='ocrx_word' id='word_1_205' title='bbox 578 1911 654 1941; x_wconf 78' lang='lat'><strong>618.</strong></span> 
     </span>
    </p>
   </div>
   <div class='ocr_carea' id='block_1_18' title="bbox 322 1965 930 2008">
    <p class='ocr_par' dir='ltr' id='par_1_19' title="bbox 322 1965 930 2008">
     <span class='ocr_line' id='line_1_36' title="bbox 322 1965 930 2008; baseline 0.005 -12"><span class='ocrx_word' id='word_1_206' title='bbox 322 1965 372 1998; x_wconf 85' lang='lat' dir='ltr'>tt.</span> <span class='ocrx_word' id='word_1_207' title='bbox 400 1977 512 1998; x_wconf 79' lang='lat' dir='ltr'>ensem</span> <span class='ocrx_word' id='word_1_208' title='bbox 534 1977 628 2008; x_wconf 84' lang='lat' dir='ltr'>susp.</span> <span class='ocrx_word' id='word_1_209' title='bbox 652 1966 701 1997; x_wconf 87' lang='lat' dir='ltr'>eb.</span> <span class='ocrx_word' id='word_1_210' title='bbox 730 1969 771 1998; x_wconf 86' lang='lat' dir='ltr'>cf.</span> <span class='ocrx_word' id='word_1_211' title='bbox 797 1969 828 2008; x_wconf 76' lang='lat'>8,</span> <span class='ocrx_word' id='word_1_212' title='bbox 853 1967 930 1999; x_wconf 82' lang='lat'>459.</span> 
     </span>
    </p>
   </div>
   <div class='ocr_carea' id='block_1_19' title="bbox 271 2023 1068 2334">
    <p class='ocr_par' dir='ltr' id='par_1_20' title="bbox 271 2023 1068 2334">
     <span class='ocr_line' id='line_1_37' title="bbox 321 2023 1068 2063; baseline 0.005 -11"><span class='ocrx_word' id='word_1_213' title='bbox 321 2023 373 2052; x_wconf 73' lang='lat'>14.</span> <span class='ocrx_word' id='word_1_214' title='bbox 401 2025 546 2053; x_wconf 83' lang='lat' dir='ltr'>Maxima</span> <span class='ocrx_word' id='word_1_215' title='bbox 569 2032 622 2053; x_wconf 87' lang='lat' dir='ltr'>res</span> <span class='ocrx_word' id='word_1_216' title='bbox 653 2026 769 2054; x_wconf 79' lang='lat' dir='ltr'>effecta</span> <span class='ocrx_word' id='word_1_217' title='bbox 798 2031 862 2063; x_wconf 92' lang='lat' dir='ltr'>est,</span> <span class='ocrx_word' id='word_1_218' title='bbox 894 2035 967 2056; x_wconf 82' lang='lat' dir='ltr'>nam</span> <span class='ocrx_word' id='word_1_219' title='bbox 996 2030 1068 2063; x_wconf 88' lang='grc'>001-</span> 
     </span>
     <span class='ocr_line' id='line_1_38' title="bbox 272 2071 1066 2110; baseline 0.006 -12"><span class='ocrx_word' id='word_1_220' title='bbox 272 2078 331 2099; x_wconf 87' lang='grc'>303</span> <span class='ocrx_word' id='word_1_221' title='bbox 353 2075 403 2098; x_wconf 88' lang='lat' dir='ltr'>est</span> <span class='ocrx_word' id='word_1_222' title='bbox 430 2073 571 2106; x_wconf 83' lang='lat' dir='ltr'>Turnus,</span> <span class='ocrx_word' id='word_1_223' title='bbox 596 2071 729 2099; x_wconf 85' lang='lat' dir='ltr'>occisus</span> <span class='ocrx_word' id='word_1_224' title='bbox 756 2073 952 2110; x_wconf 84' lang='lat' dir='ltr'>Mezentius,</span> <span class='ocrx_word' id='word_1_225' title='bbox 977 2079 1066 2103; x_wconf 87' lang='lat' dir='ltr'>totus</span> 
     </span>
     <span class='ocr_line' id='line_1_39' title="bbox 273 2116 1067 2151; baseline 0.003 -6"><span class='ocrx_word' id='word_1_226' title='bbox 273 2116 460 2145; x_wconf 82' lang='lat' dir='ltr'>Latinorum</span> <span class='ocrx_word' id='word_1_227' title='bbox 491 2116 659 2145; x_wconf 83' lang='lat' dir='ltr'>exercitus</span> <span class='ocrx_word' id='word_1_228' title='bbox 688 2116 834 2151; x_wconf 79' lang='lat' dir='ltr'>fugatus.</span> <span class='ocrx_word' id='word_1_229' title='bbox 890 2120 969 2147; x_wconf 83' lang='lat' dir='ltr'>Inde</span> <span class='ocrx_word' id='word_1_230' title='bbox 1005 2126 1067 2147; x_wconf 86' lang='lat' dir='ltr'>ex·-</span> 
     </span>
     <span class='ocr_line' id='line_1_40' title="bbox 272 2163 1065 2198; baseline 0.005 -8"><span class='ocrx_word' id='word_1_231' title='bbox 272 2164 428 2198; x_wconf 86' lang='lat' dir='ltr'>hortatur,</span> <span class='ocrx_word' id='word_1_232' title='bbox 454 2167 485 2191; x_wconf 93' lang='lat' dir='ltr'>ut</span> <span class='ocrx_word' id='word_1_233' title='bbox 509 2163 593 2196; x_wconf 73' lang='lat' dir='ltr'>quoti</span> <span class='ocrx_word' id='word_1_234' title='bbox 614 2163 757 2197; x_wconf 80' lang='lat' dir='ltr'>supersit</span> <span class='ocrx_word' id='word_1_235' title='bbox 773 2164 919 2193; x_wconf 88' lang='lat' dir='ltr'>timorem</span> <span class='ocrx_word' id='word_1_236' title='bbox 937 2173 1065 2193; x_wconf 85' lang='lat' dir='ltr'>omnem</span> 
     </span>
     <span class='ocr_line' id='line_1_41' title="bbox 272 2207 1068 2245; baseline 0.004 -9"><span class='ocrx_word' id='word_1_237' title='bbox 272 2207 440 2242; x_wconf 54' lang='lat' dir='ltr'>annotatum</span> <span class='ocrx_word' id='word_1_238' title='bbox 493 2209 571 2237; x_wconf 78' lang='lat' dir='ltr'>nihil</span> <span class='ocrx_word' id='word_1_239' title='bbox 605 2208 691 2236; x_wconf 81' lang='lat' dir='ltr'>enim</span> <span class='ocrx_word' id='word_1_240' title='bbox 727 2214 871 2245; x_wconf 83' lang='lat' dir='ltr'>restare,</span> <span class='ocrx_word' id='word_1_241' title='bbox 912 2218 1009 2244; x_wconf 82' lang='lat' dir='ltr'>quam</span> <span class='ocrx_word' id='word_1_242' title='bbox 1033 2215 1068 2239; x_wconf 90' lang='lat' dir='ltr'>ut</span> 
     </span>
     <span class='ocr_line' id='line_1_42' title="bbox 272 2254 1066 2290; baseline 0.005 -9"><span class='ocrx_word' id='word_1_243' title='bbox 272 2258 514 2288; x_wconf 78' lang='lat' dir='ltr'>persequantur</span> <span class='ocrx_word' id='word_1_244' title='bbox 534 2256 662 2283; x_wconf 84' lang='lat' dir='ltr'>nostem</span> <span class='ocrx_word' id='word_1_245' title='bbox 694 2254 831 2290; x_wconf 82' lang='lat' dir='ltr'>eiusque</span> <span class='ocrx_word' id='word_1_246' title='bbox 865 2258 977 2285; x_wconf 82' lang='lat' dir='ltr'>urbem</span> <span class='ocrx_word' id='word_1_247' title='bbox 1009 2264 1066 2285; x_wconf 82' lang='lat' dir='ltr'>ca-</span> 
     </span>
     <span class='ocr_line' id='line_1_43' title="bbox 271 2299 372 2334; baseline 0.01 -7"><span class='ocrx_word' id='word_1_248' title='bbox 271 2299 372 2334; x_wconf 84' lang='lat' dir='ltr'>piant.</span> 
     </span>
    </p>
   </div>
   <div class='ocr_carea' id='block_1_20' title="bbox 268 2351 1064 2704">
    <p class='ocr_par' dir='ltr' id='par_1_21' title="bbox 269 2351 1063 2529">
     <span class='ocr_line' id='line_1_44' title="bbox 320 2351 1063 2390; baseline 0.008 -8"><span class='ocrx_word' id='word_1_249' title='bbox 320 2354 370 2383; x_wconf 82' lang='lat'>15.</span> <span class='ocrx_word' id='word_1_250' title='bbox 398 2351 494 2383; x_wconf 88' lang='lat' dir='ltr'>Haec</span> <span class='ocrx_word' id='word_1_251' title='bbox 520 2354 540 2383; x_wconf 88' lang='lat' dir='ltr'>i.</span> <span class='ocrx_word' id='word_1_252' title='bbox 565 2363 593 2383; x_wconf 88' lang='lat' dir='ltr'>e.</span> <span class='ocrx_word' id='word_1_253' title='bbox 620 2363 705 2390; x_wconf 76' lang='lat' dir='ltr'>quae</span> <span class='ocrx_word' id='word_1_254' title='bbox 737 2365 822 2385; x_wconf 89' lang='lat' dir='ltr'>nunc</span> <span class='ocrx_word' id='word_1_255' title='bbox 858 2363 1002 2387; x_wconf 83' lang='lat' dir='ltr'>monstro</span> <span class='ocrx_word' id='word_1_256' title='bbox 1034 2364 1063 2388; x_wconf 87' lang='lat' dir='ltr'>et</span> 
     </span>
     <span class='ocr_line' id='line_1_45' title="bbox 270 2400 1063 2442; baseline 0.005 -13"><span class='ocrx_word' id='word_1_257' title='bbox 270 2409 354 2436; x_wconf 80' lang='lat' dir='ltr'>quae</span> <span class='ocrx_word' id='word_1_258' title='bbox 373 2400 501 2429; x_wconf 82' lang='lat' dir='ltr'>videtis.</span> <span class='ocrx_word' id='word_1_259' title='bbox 528 2416 571 2419; x_wconf 90' lang='lat'>—</span> <span class='ocrx_word' id='word_1_260' title='bbox 597 2400 723 2440; x_wconf 68' lang='lat' dir='ltr'>„Quod</span> <span class='ocrx_word' id='word_1_261' title='bbox 746 2406 910 2442; x_wconf 72' lang='lat' dir='ltr'>superest,</span> <span class='ocrx_word' id='word_1_262' title='bbox 936 2405 956 2432; x_wconf 88' lang='lat' dir='ltr'>i.</span> <span class='ocrx_word' id='word_1_263' title='bbox 980 2414 1009 2433; x_wconf 86' lang='lat' dir='ltr'>e.</span> <span class='ocrx_word' id='word_1_264' title='bbox 1025 2407 1063 2433; x_wconf 89' lang='lat' dir='ltr'>de</span> 
     </span>
     <span class='ocr_line' id='line_1_46' title="bbox 271 2447 1062 2481; baseline 0.008 -7"><span class='ocrx_word' id='word_1_265' title='bbox 271 2447 414 2481; x_wconf 79' lang='lat' dir='ltr'>retiqu03</span> <span class='ocrx_word' id='word_1_266' title='bbox 441 2451 471 2475; x_wconf 85' lang='lat' dir='ltr'>et</span> <span class='ocrx_word' id='word_1_267' title='bbox 497 2451 547 2475; x_wconf 88' lang='lat' dir='ltr'>est</span> <span class='ocrx_word' id='word_1_268' title='bbox 571 2449 723 2476; x_wconf 80' lang='lat' dir='ltr'>absoluta</span> <span class='ocrx_word' id='word_1_269' title='bbox 749 2449 927 2478; x_wconf 59' lang='lat' dir='ltr'>etocustof‘</span> <span class='ocrx_word' id='word_1_270' title='bbox 952 2454 983 2479; x_wconf 89' lang='lat' dir='ltr'>S.</span> <span class='ocrx_word' id='word_1_271' title='bbox 1015 2451 1062 2480; x_wconf 73' lang='lat' dir='ltr'>Cf.</span> 
     </span>
     <span class='ocr_line' id='line_1_47' title="bbox 269 2492 405 2529; baseline -0.007 -9"><span class='ocrx_word' id='word_1_272' title='bbox 269 2492 301 2529; x_wconf 82' lang='lat'>2,</span> <span class='ocrx_word' id='word_1_273' title='bbox 333 2493 405 2520; x_wconf 69' lang='lat' dir='ltr'>tao.</span> 
     </span>
    </p>

    <p class='ocr_par' dir='ltr' id='par_1_22' title="bbox 268 2534 1064 2704">
     <span class='ocr_line' id='line_1_48' title="bbox 318 2534 1064 2579; baseline 0.007 -14"><span class='ocrx_word' id='word_1_274' title='bbox 318 2535 368 2566; x_wconf 89' lang='grc'>16.</span> <span class='ocrx_word' id='word_1_275' title='bbox 395 2534 464 2566; x_wconf 84' lang='lat' dir='ltr'>Hic</span> <span class='ocrx_word' id='word_1_276' title='bbox 485 2540 546 2572; x_wconf 75' lang='lat' dir='ltr'>est,</span> <span class='ocrx_word' id='word_1_277' title='bbox 570 2545 664 2572; x_wconf 77' lang='lat' dir='ltr'>quern</span> <span class='ocrx_word' id='word_1_278' title='bbox 691 2544 845 2573; x_wconf 65' lang='lat' dir='ltr'>monstro,</span> <span class='ocrx_word' id='word_1_279' title='bbox 869 2542 1064 2579; x_wconf 73' lang='lat' dir='ltr'>Mezentius,</span> 
     </span>
     <span class='ocr_line' id='line_1_49' title="bbox 269 2582 1062 2624; baseline 0.005 -12"><span class='ocrx_word' id='word_1_280' title='bbox 269 2584 352 2612; x_wconf 84' lang='lat' dir='ltr'>meis</span> <span class='ocrx_word' id='word_1_281' title='bbox 378 2583 526 2612; x_wconf 83' lang='lat' dir='ltr'>manibus</span> <span class='ocrx_word' id='word_1_282' title='bbox 552 2582 679 2617; x_wconf 75' lang='lat' dir='ltr'>sactus:</span> <span class='ocrx_word' id='word_1_283' title='bbox 704 2590 799 2613; x_wconf 86' lang='lat' dir='ltr'>antea</span> <span class='ocrx_word' id='word_1_284' title='bbox 823 2586 874 2614; x_wconf 80' lang='lat' dir='ltr'>vir</span> <span class='ocrx_word' id='word_1_285' title='bbox 900 2588 1062 2624; x_wconf 77' lang='lat' dir='ltr'>terribilis,</span> 
     </span>
     <span class='ocr_line' id='line_1_50' title="bbox 269 2630 1059 2668; baseline 0.005 -10"><span class='ocrx_word' id='word_1_286' title='bbox 269 2637 356 2658; x_wconf 86' lang='lat' dir='ltr'>nunc</span> <span class='ocrx_word' id='word_1_287' title='bbox 383 2631 478 2658; x_wconf 77' lang='lat' dir='ltr'>motio</span> <span class='ocrx_word' id='word_1_288' title='bbox 520 2636 610 2657; x_wconf 78' lang='lat' dir='ltr'>arina</span> <span class='ocrx_word' id='word_1_289' title='bbox 648 2630 679 2658; x_wconf 90' lang='lat' dir='ltr'>in</span> <span class='ocrx_word' id='word_1_290' title='bbox 719 2635 833 2659; x_wconf 87' lang='lat' dir='ltr'>trunco</span> <span class='ocrx_word' id='word_1_291' title='bbox 880 2640 1059 2668; x_wconf 81' lang='lat' dir='ltr'>suspensa.</span> 
     </span>
     <span class='ocr_line' id='line_1_51' title="bbox 268 2672 543 2704; baseline -0.004 0"><span class='ocrx_word' id='word_1_292' title='bbox 268 2675 379 2704; x_wconf 79' lang='lat' dir='ltr'>Simile</span> <span class='ocrx_word' id='word_1_293' title='bbox 405 2682 436 2703; x_wconf 79' lang='lat' dir='ltr'>v.</span> <span class='ocrx_word' id='word_1_294' title='bbox 471 2672 543 2703; x_wconf 76' lang='lat'>173.</span> 
     </span>
    </p>
   </div>
   <div class='ocr_carea' id='block_1_21' title="bbox 266 2728 1061 3041">
    <p class='ocr_par' dir='ltr' id='par_1_23' title="bbox 266 2728 1061 3041">
     <span class='ocr_line' id='line_1_52' title="bbox 317 2728 1061 2771; baseline 0.007 -12"><span class='ocrx_word' id='word_1_295' title='bbox 317 2730 367 2760; x_wconf 76' lang='lat'>13.</span> <span class='ocrx_word' id='word_1_296' title='bbox 390 2733 517 2771; x_wconf 80' lang='lat' dir='ltr'>parate</span> <span class='ocrx_word' id='word_1_297' title='bbox 543 2728 689 2768; x_wconf 75' lang='lat' dir='ltr'>animis,</span> <span class='ocrx_word' id='word_1_298' title='bbox 728 2732 749 2760; x_wconf 84' lang='lat' dir='ltr'>i.</span> <span class='ocrx_word' id='word_1_299' title='bbox 775 2741 803 2761; x_wconf 86' lang='lat' dir='ltr'>e.</span> <span class='ocrx_word' id='word_1_300' title='bbox 829 2733 893 2762; x_wconf 79' lang='lat' dir='ltr'>iam</span> <span class='ocrx_word' id='word_1_301' title='bbox 919 2742 1061 2770; x_wconf 80' lang='lat' dir='ltr'>praepa-</span> 
     </span>
     <span class='ocr_line' id='line_1_53' title="bbox 267 2777 959 2809; baseline 0.004 -3"><span class='ocrx_word' id='word_1_302' title='bbox 267 2782 336 2806; x_wconf 87' lang='lat' dir='ltr'>rate</span> <span class='ocrx_word' id='word_1_303' title='bbox 363 2785 425 2805; x_wconf 80' lang='lat' dir='ltr'>vos</span> <span class='ocrx_word' id='word_1_304' title='bbox 450 2777 568 2805; x_wconf 80' lang='lat' dir='ltr'>annuis</span> <span class='ocrx_word' id='word_1_305' title='bbox 593 2777 634 2805; x_wconf 82' lang='lat' dir='ltr'>ad</span> <span class='ocrx_word' id='word_1_306' title='bbox 667 2785 759 2807; x_wconf 85' lang='lat' dir='ltr'>arma</span> <span class='ocrx_word' id='word_1_307' title='bbox 789 2781 959 2809; x_wconf 82' lang='lat' dir='ltr'>sumenda.</span> 
     </span>
     <span class='ocr_line' id='line_1_54' title="bbox 267 2819 1059 2865; baseline 0.008 -15"><span class='ocrx_word' id='word_1_308' title='bbox 267 2831 327 2861; x_wconf 79' lang='lat' dir='ltr'>spe</span> <span class='ocrx_word' id='word_1_309' title='bbox 346 2819 578 2861; x_wconf 78' lang='lat' dir='ltr'>praesumite.-</span> <span class='ocrx_word' id='word_1_310' title='bbox 626 2823 738 2859; x_wconf 87' lang='lat' dir='ltr'>„Bene</span> <span class='ocrx_word' id='word_1_311' title='bbox 770 2824 815 2852; x_wconf 87' lang='lat' dir='ltr'>ait</span> <span class='ocrx_word' id='word_1_312' title='bbox 844 2825 1059 2865; x_wconf 78' lang='lat' dir='ltr'>praesumite</span> 
     </span>
     <span class='ocr_line' id='line_1_55' title="bbox 267 2868 1059 2905; baseline 0.006 -9"><span class='ocrx_word' id='word_1_313' title='bbox 267 2869 361 2902; x_wconf 83' lang='lat' dir='ltr'>quasi</span> <span class='ocrx_word' id='word_1_314' title='bbox 394 2876 460 2896; x_wconf 87' lang='lat' dir='ltr'>rem</span> <span class='ocrx_word' id='word_1_315' title='bbox 495 2868 558 2896; x_wconf 86' lang='lat' dir='ltr'>iam</span> <span class='ocrx_word' id='word_1_316' title='bbox 590 2868 641 2896; x_wconf 87' lang='lat' dir='ltr'>sui</span> <span class='ocrx_word' id='word_1_317' title='bbox 673 2868 772 2905; x_wconf 84' lang='lat' dir='ltr'>iuris,</span> <span class='ocrx_word' id='word_1_318' title='bbox 812 2874 843 2898; x_wconf 89' lang='lat' dir='ltr'>et</span> <span class='ocrx_word' id='word_1_319' title='bbox 880 2871 909 2899; x_wconf 87' lang='lat' dir='ltr'>ei</span> <span class='ocrx_word' id='word_1_320' title='bbox 947 2873 1059 2901; x_wconf 82' lang='lat' dir='ltr'>deberi</span> 
     </span>
     <span class='ocr_line' id='line_1_56' title="bbox 267 2913 1058 2947; baseline 0.008 -6"><span class='ocrx_word' id='word_1_321' title='bbox 267 2914 417 2941; x_wconf 80' lang='lat' dir='ltr'>videatur</span> <span class='ocrx_word' id='word_1_322' title='bbox 465 2917 555 2941; x_wconf 82' lang='lat' dir='ltr'>certa</span> <span class='ocrx_word' id='word_1_323' title='bbox 600 2913 772 2943; x_wconf 78' lang='lat' dir='ltr'>victoria.“</span> <span class='ocrx_word' id='word_1_324' title='bbox 809 2919 842 2945; x_wconf 87' lang='lat' dir='ltr'>S.</span> <span class='ocrx_word' id='word_1_325' title='bbox 890 2919 1058 2947; x_wconf 89' lang='lat' dir='ltr'>Summum</span> 
     </span>
     <span class='ocr_line' id='line_1_57' title="bbox 266 2959 1056 3001; baseline 0.009 -16"><span class='ocrx_word' id='word_1_326' title='bbox 266 2964 332 2986; x_wconf 82' lang='lat' dir='ltr'>est:</span> <span class='ocrx_word' id='word_1_327' title='bbox 359 2959 467 2987; x_wconf 79' lang='lat' dir='ltr'>Parati</span> <span class='ocrx_word' id='word_1_328' title='bbox 491 2965 519 2987; x_wconf 85' lang='lat' dir='ltr'>et</span> <span class='ocrx_word' id='word_1_329' title='bbox 545 2959 657 2987; x_wconf 85' lang='lat' dir='ltr'>intenti</span> <span class='ocrx_word' id='word_1_330' title='bbox 679 2960 752 2989; x_wconf 87' lang='lat' dir='ltr'>sitis</span> <span class='ocrx_word' id='word_1_331' title='bbox 779 2963 819 2990; x_wconf 85' lang='lat' dir='ltr'>ad</span> <span class='ocrx_word' id='word_1_332' title='bbox 843 2964 973 2999; x_wconf 78' lang='lat' dir='ltr'>betium,</span> <span class='ocrx_word' id='word_1_333' title='bbox 1006 2972 1056 3001; x_wconf 87' lang='lat' dir='ltr'>ne,</span> 
     </span>
     <span class='ocr_line' id='line_1_58' title="bbox 266 3004 1056 3041; baseline 0.01 -11"><span class='ocrx_word' id='word_1_334' title='bbox 266 3004 318 3031; x_wconf 83' lang='lat' dir='ltr'>ubi</span> <span class='ocrx_word' id='word_1_335' title='bbox 358 3004 483 3037; x_wconf 69' lang='lat' dir='ltr'>signum</span> <span class='ocrx_word' id='word_1_336' title='bbox 519 3005 660 3041; x_wconf 80' lang='lat' dir='ltr'>dabitur,</span> <span class='ocrx_word' id='word_1_337' title='bbox 697 3011 751 3034; x_wconf 86' lang='lat' dir='ltr'>aut</span> <span class='ocrx_word' id='word_1_338' title='bbox 788 3015 854 3036; x_wconf 85' lang='lat' dir='ltr'>non</span> <span class='ocrx_word' id='word_1_339' title='bbox 891 3008 975 3038; x_wconf 79' lang='lat' dir='ltr'>satis</span> <span class='ocrx_word' id='word_1_340' title='bbox 1008 3010 1056 3038; x_wconf 89' lang='lat' dir='ltr'>in-</span> 
     </span>
    </p>
   </div>
   <div class='ocr_carea' id='block_1_22' title="bbox 1109 1437 1909 1757">
    <p class='ocr_par' dir='ltr' id='par_1_24' title="bbox 1113 1437 1909 1514">
     <span class='ocr_line' id='line_1_59' title="bbox 1113 1437 1909 1475; baseline -0.006 -6"><span class='ocrx_word' id='word_1_341' title='bbox 1113 1443 1238 1469; x_wconf 82' lang='lat' dir='ltr'>structa</span> <span class='ocrx_word' id='word_1_342' title='bbox 1264 1444 1296 1468; x_wconf 87' lang='lat' dir='ltr'>et</span> <span class='ocrx_word' id='word_1_343' title='bbox 1321 1440 1475 1475; x_wconf 79' lang='lat' dir='ltr'>expedita</span> <span class='ocrx_word' id='word_1_344' title='bbox 1500 1439 1565 1468; x_wconf 86' lang='lat' dir='ltr'>sint</span> <span class='ocrx_word' id='word_1_345' title='bbox 1589 1437 1715 1475; x_wconf 85' lang='lat' dir='ltr'>omnia,</span> <span class='ocrx_word' id='word_1_346' title='bbox 1740 1440 1795 1465; x_wconf 87' lang='lat' dir='ltr'>aut</span> <span class='ocrx_word' id='word_1_347' title='bbox 1821 1439 1909 1465; x_wconf 85' lang='lat' dir='ltr'>metu</span> 
     </span>
     <span class='ocr_line' id='line_1_60' title="bbox 1113 1486 1328 1514; baseline 0.005 -1"><span class='ocrx_word' id='word_1_348' title='bbox 1113 1486 1328 1514; x_wconf 84' lang='lat' dir='ltr'>retineantini.</span> 
     </span>
    </p>

    <p class='ocr_par' dir='ltr' id='par_1_25' title="bbox 1109 1538 1907 1757">
     <span class='ocr_line' id='line_1_61' title="bbox 1167 1538 1907 1575; baseline -0.005 -6"><span class='ocrx_word' id='word_1_349' title='bbox 1167 1539 1216 1569; x_wconf 80' lang='lat'>19.</span> <span class='ocrx_word' id='word_1_350' title='bbox 1242 1541 1342 1575; x_wconf 82' lang='lat' dir='ltr'>Signa</span> <span class='ocrx_word' id='word_1_351' title='bbox 1382 1543 1507 1569; x_wconf 72' lang='lat' dir='ltr'>venere</span> <span class='ocrx_word' id='word_1_352' title='bbox 1548 1541 1638 1575; x_wconf 80' lang='lat' dir='ltr'>(Liv.</span> <span class='ocrx_word' id='word_1_353' title='bbox 1671 1538 1709 1575; x_wconf 85' lang='lat'>3,</span> <span class='ocrx_word' id='word_1_354' title='bbox 1752 1538 1815 1573; x_wconf 79' lang='lat'>50]</span> <span class='ocrx_word' id='word_1_355' title='bbox 1852 1541 1907 1566; x_wconf 83' lang='lat' dir='ltr'>aut</span> 
     </span>
     <span class='ocr_line' id='line_1_62' title="bbox 1112 1584 1907 1623; baseline -0.004 -9"><span class='ocrx_word' id='word_1_356' title='bbox 1112 1588 1301 1615; x_wconf 79' lang='lat' dir='ltr'>convellere</span> <span class='ocrx_word' id='word_1_357' title='bbox 1335 1587 1425 1622; x_wconf 79' lang='lat' dir='ltr'>(Liv.</span> <span class='ocrx_word' id='word_1_358' title='bbox 1457 1586 1518 1623; x_wconf 73' lang='lat'>22,</span> <span class='ocrx_word' id='word_1_359' title='bbox 1549 1585 1588 1620; x_wconf 80' lang='lat'>3]</span> <span class='ocrx_word' id='word_1_360' title='bbox 1624 1586 1736 1613; x_wconf 84' lang='lat' dir='ltr'>iubere</span> <span class='ocrx_word' id='word_1_361' title='bbox 1774 1584 1907 1618; x_wconf 78' lang='lat' dir='ltr'>propria</span> 
     </span>
     <span class='ocr_line' id='line_1_63' title="bbox 1111 1629 1906 1669; baseline -0.004 -9"><span class='ocrx_word' id='word_1_362' title='bbox 1111 1638 1161 1661; x_wconf 85' lang='lat' dir='ltr'>est</span> <span class='ocrx_word' id='word_1_363' title='bbox 1188 1633 1320 1669; x_wconf 86' lang='lat' dir='ltr'>locutio,</span> <span class='ocrx_word' id='word_1_364' title='bbox 1345 1641 1444 1667; x_wconf 80' lang='lat' dir='ltr'>quum</span> <span class='ocrx_word' id='word_1_365' title='bbox 1461 1634 1527 1661; x_wconf 81' lang='lat' dir='ltr'>dux</span> <span class='ocrx_word' id='word_1_366' title='bbox 1546 1631 1725 1660; x_wconf 79' lang='lat' dir='ltr'>exercitum</span> <span class='ocrx_word' id='word_1_367' title='bbox 1742 1629 1906 1664; x_wconf 77' lang='lat' dir='ltr'>proficisci</span> 
     </span>
     <span class='ocr_line' id='line_1_64' title="bbox 1109 1675 1907 1714; baseline -0.004 -8"><span class='ocrx_word' id='word_1_368' title='bbox 1109 1678 1207 1714; x_wconf 75' lang='lat' dir='ltr'>iubet,</span> <span class='ocrx_word' id='word_1_369' title='bbox 1236 1679 1314 1712; x_wconf 81' lang='lat' dir='ltr'>quia</span> <span class='ocrx_word' id='word_1_370' title='bbox 1339 1681 1435 1713; x_wconf 80' lang='lat' dir='ltr'>signa</span> <span class='ocrx_word' id='word_1_371' title='bbox 1459 1680 1607 1707; x_wconf 81' lang='lat' dir='ltr'>Romana</span> <span class='ocrx_word' id='word_1_372' title='bbox 1631 1677 1663 1705; x_wconf 87' lang='lat' dir='ltr'>in</span> <span class='ocrx_word' id='word_1_373' title='bbox 1682 1676 1802 1704; x_wconf 86' lang='lat' dir='ltr'>castris</span> <span class='ocrx_word' id='word_1_374' title='bbox 1817 1675 1907 1704; x_wconf 81' lang='lat' dir='ltr'>numi</span> 
     </span>
     <span class='ocr_line' id='line_1_65' title="bbox 1111 1723 1301 1757; baseline 0 -5"><span class='ocrx_word' id='word_1_375' title='bbox 1111 1723 1301 1757; x_wconf 76' lang='lat' dir='ltr'>figebantur.</span> 
     </span>
    </p>
   </div>
   <div class='ocr_carea' id='block_1_23' title="bbox 1106 1777 1907 2318">
    <p class='ocr_par' dir='ltr' id='par_1_26' title="bbox 1106 1777 1907 2318">
     <span class='ocr_line' id='line_1_66' title="bbox 1155 1777 1907 1819; baseline -0.001 -12"><span class='ocrx_word' id='word_1_376' title='bbox 1155 1779 1209 1808; x_wconf 83' lang='lat'>20.</span> <span class='ocrx_word' id='word_1_377' title='bbox 1236 1777 1426 1809; x_wconf 78' lang='lat' dir='ltr'>annuerint</span> <span class='ocrx_word' id='word_1_378' title='bbox 1456 1777 1599 1819; x_wconf 84' lang='lat' dir='ltr'>superi:</span> <span class='ocrx_word' id='word_1_379' title='bbox 1641 1780 1754 1816; x_wconf 85' lang='lat' dir='ltr'>„Bene</span> <span class='ocrx_word' id='word_1_380' title='bbox 1784 1778 1816 1807; x_wconf 90' lang='lat' dir='ltr'>in</span> <span class='ocrx_word' id='word_1_381' title='bbox 1847 1778 1907 1806; x_wconf 84' lang='lat' dir='ltr'>ad—</span> 
     </span>
     <span class='ocr_line' id='line_1_67' title="bbox 1111 1825 1906 1860; baseline -0.004 -6"><span class='ocrx_word' id='word_1_382' title='bbox 1111 1826 1295 1854; x_wconf 75' lang='lat' dir='ltr'>hortatione</span> <span class='ocrx_word' id='word_1_383' title='bbox 1330 1826 1410 1854; x_wconf 76' lang='grc'>1111111</span> <span class='ocrx_word' id='word_1_384' title='bbox 1444 1833 1480 1854; x_wconf 90' lang='grc'>30</span> <span class='ocrx_word' id='word_1_385' title='bbox 1511 1825 1720 1860; x_wconf 80' lang='lat' dir='ltr'>inauspicato</span> <span class='ocrx_word' id='word_1_386' title='bbox 1744 1826 1799 1852; x_wconf 86' lang='lat' dir='ltr'>vel</span> <span class='ocrx_word' id='word_1_387' title='bbox 1831 1825 1906 1853; x_wconf 74' lang='lat' dir='ltr'>stne</span> 
     </span>
     <span class='ocr_line' id='line_1_68' title="bbox 1111 1867 1907 1905; baseline -0.004 -5"><span class='ocrx_word' id='word_1_388' title='bbox 1111 1873 1243 1900; x_wconf 77' lang='lat' dir='ltr'>deorum</span> <span class='ocrx_word' id='word_1_389' title='bbox 1266 1873 1435 1900; x_wconf 82' lang='lat' dir='ltr'>voluntate</span> <span class='ocrx_word' id='word_1_390' title='bbox 1453 1870 1612 1899; x_wconf 81' lang='lat' dir='ltr'>facturum</span> <span class='ocrx_word' id='word_1_391' title='bbox 1640 1867 1826 1905; x_wconf 79' lang='lat' dir='ltr'>promittit.“</span> <span class='ocrx_word' id='word_1_392' title='bbox 1872 1872 1907 1898; x_wconf 86' lang='lat' dir='ltr'>S.</span> 
     </span>
     <span class='ocr_line' id='line_1_69' title="bbox 1111 1915 1906 1951; baseline -0.004 -5"><span class='ocrx_word' id='word_1_393' title='bbox 1111 1919 1219 1951; x_wconf 84' lang='lat' dir='ltr'>Atque</span> <span class='ocrx_word' id='word_1_394' title='bbox 1244 1918 1290 1946; x_wconf 83' lang='lat' dir='ltr'>ita</span> <span class='ocrx_word' id='word_1_395' title='bbox 1313 1919 1441 1946; x_wconf 86' lang='lat' dir='ltr'>omnino</span> <span class='ocrx_word' id='word_1_396' title='bbox 1463 1917 1602 1945; x_wconf 84' lang='lat' dir='ltr'>Rotnani</span> <span class='ocrx_word' id='word_1_397' title='bbox 1626 1917 1728 1945; x_wconf 83' lang='lat' dir='ltr'>duces</span> <span class='ocrx_word' id='word_1_398' title='bbox 1750 1915 1906 1944; x_wconf 86' lang='lat' dir='ltr'>militibus</span> 
     </span>
     <span class='ocr_line' id='line_1_70' title="bbox 1111 1963 1906 1997; baseline -0.003 -6"><span class='ocrx_word' id='word_1_399' title='bbox 1111 1971 1175 1991; x_wconf 88' lang='lat' dir='ltr'>non</span> <span class='ocrx_word' id='word_1_400' title='bbox 1212 1971 1255 1992; x_wconf 83' lang='lat' dir='ltr'>ex</span> <span class='ocrx_word' id='word_1_401' title='bbox 1294 1971 1357 1992; x_wconf 83' lang='lat' dir='ltr'>sua</span> <span class='ocrx_word' id='word_1_402' title='bbox 1393 1963 1454 1992; x_wconf 84' lang='lat' dir='ltr'>setl</span> <span class='ocrx_word' id='word_1_403' title='bbox 1485 1970 1528 1991; x_wconf 84' lang='lat' dir='ltr'>ex</span> <span class='ocrx_word' id='word_1_404' title='bbox 1559 1963 1693 1991; x_wconf 85' lang='lat' dir='ltr'>deorum</span> <span class='ocrx_word' id='word_1_405' title='bbox 1725 1963 1906 1997; x_wconf 83' lang='lat' dir='ltr'>voluntate,</span> 
     </span>
     <span class='ocr_line' id='line_1_71' title="bbox 1111 2008 1904 2046; baseline -0.003 -9"><span class='ocrx_word' id='word_1_406' title='bbox 1111 2016 1208 2043; x_wconf 80' lang='lat' dir='ltr'>quam</span> <span class='ocrx_word' id='word_1_407' title='bbox 1245 2009 1390 2044; x_wconf 82' lang='lat' dir='ltr'>auguriis</span> <span class='ocrx_word' id='word_1_408' title='bbox 1427 2009 1680 2046; x_wconf 78' lang='lat' dir='ltr'>cognovissent,</span> <span class='ocrx_word' id='word_1_409' title='bbox 1719 2008 1828 2036; x_wconf 82' lang='lat' dir='ltr'>omnia</span> <span class='ocrx_word' id='word_1_410' title='bbox 1865 2015 1904 2036; x_wconf 85' lang='lat' dir='ltr'>se</span> 
     </span>
     <span class='ocr_line' id='line_1_72' title="bbox 1110 2053 1905 2090; baseline -0.004 -7"><span class='ocrx_word' id='word_1_411' title='bbox 1110 2062 1209 2089; x_wconf 82' lang='lat' dir='ltr'>agere</span> <span class='ocrx_word' id='word_1_412' title='bbox 1234 2056 1495 2090; x_wconf 77' lang='lat' dir='ltr'>persuadebant;</span> <span class='ocrx_word' id='word_1_413' title='bbox 1543 2058 1575 2082; x_wconf 88' lang='lat' dir='ltr'>et</span> <span class='ocrx_word' id='word_1_414' title='bbox 1606 2054 1636 2083; x_wconf 87' lang='lat' dir='ltr'>si</span> <span class='ocrx_word' id='word_1_415' title='bbox 1672 2054 1802 2088; x_wconf 77' lang='lat' dir='ltr'>quando</span> <span class='ocrx_word' id='word_1_416' title='bbox 1826 2053 1905 2082; x_wconf 85' lang='lat' dir='ltr'>victi</span> 
     </span>
     <span class='ocr_line' id='line_1_73' title="bbox 1109 2098 1904 2137; baseline -0.003 -9"><span class='ocrx_word' id='word_1_417' title='bbox 1109 2105 1220 2137; x_wconf 85' lang='lat' dir='ltr'>erant,</span> <span class='ocrx_word' id='word_1_418' title='bbox 1256 2109 1322 2129; x_wconf 88' lang='lat' dir='ltr'>nou</span> <span class='ocrx_word' id='word_1_419' title='bbox 1353 2101 1590 2135; x_wconf 80' lang='lat' dir='ltr'>imprudentiae</span> <span class='ocrx_word' id='word_1_420' title='bbox 1622 2105 1678 2128; x_wconf 86' lang='lat' dir='ltr'>aut</span> <span class='ocrx_word' id='word_1_421' title='bbox 1711 2098 1904 2128; x_wconf 79' lang='lat' dir='ltr'>temeritatis</span> 
     </span>
     <span class='ocr_line' id='line_1_74' title="bbox 1108 2145 1904 2183; baseline -0.003 -9"><span class='ocrx_word' id='word_1_422' title='bbox 1108 2148 1352 2175; x_wconf 77' lang='lat' dir='ltr'>accusabantur</span> <span class='ocrx_word' id='word_1_423' title='bbox 1377 2152 1551 2183; x_wconf 80' lang='lat' dir='ltr'>asenam,</span> <span class='ocrx_word' id='word_1_424' title='bbox 1589 2146 1648 2173; x_wconf 83' lang='lat' dir='ltr'>sed</span> <span class='ocrx_word' id='word_1_425' title='bbox 1689 2145 1722 2173; x_wconf 80' lang='lat' dir='ltr'>ln</span> <span class='ocrx_word' id='word_1_426' title='bbox 1755 2145 1904 2179; x_wconf 82' lang='lat' dir='ltr'>auguriis</span> 
     </span>
     <span class='ocr_line' id='line_1_75' title="bbox 1108 2191 1904 2227; baseline -0.003 -7"><span class='ocrx_word' id='word_1_427' title='bbox 1108 2200 1167 2220; x_wconf 85' lang='lat' dir='ltr'>eos</span> <span class='ocrx_word' id='word_1_428' title='bbox 1207 2192 1328 2227; x_wconf 78' lang='lat' dir='ltr'>aliquid</span> <span class='ocrx_word' id='word_1_429' title='bbox 1375 2192 1568 2226; x_wconf 80' lang='lat' dir='ltr'>neglexisse</span> <span class='ocrx_word' id='word_1_430' title='bbox 1609 2191 1904 2220; x_wconf 79' lang='lat' dir='ltr'>convincebantur.</span> 
     </span>
     <span class='ocr_line' id='line_1_76' title="bbox 1106 2236 1903 2273; baseline -0.003 -7"><span class='ocrx_word' id='word_1_431' title='bbox 1106 2238 1245 2266; x_wconf 82' lang='lat' dir='ltr'>Aeneas</span> <span class='ocrx_word' id='word_1_432' title='bbox 1270 2239 1367 2273; x_wconf 83' lang='lat' dir='ltr'>igitur</span> <span class='ocrx_word' id='word_1_433' title='bbox 1392 2245 1482 2266; x_wconf 83' lang='lat' dir='ltr'>inore</span> <span class='ocrx_word' id='word_1_434' title='bbox 1507 2239 1654 2266; x_wconf 80' lang='lat' dir='ltr'>Romano</span> <span class='ocrx_word' id='word_1_435' title='bbox 1679 2236 1731 2264; x_wconf 83' lang='lat' dir='ltr'>hic</span> <span class='ocrx_word' id='word_1_436' title='bbox 1756 2236 1839 2273; x_wconf 86' lang='lat' dir='ltr'>agit,</span> <span class='ocrx_word' id='word_1_437' title='bbox 1870 2241 1903 2265; x_wconf 90' lang='lat' dir='ltr'>ut</span> 
     </span>
     <span class='ocr_line' id='line_1_77' title="bbox 1108 2283 1237 2318; baseline 0 -7"><span class='ocrx_word' id='word_1_438' title='bbox 1108 2283 1237 2318; x_wconf 82' lang='lat' dir='ltr'>ubique.</span> 
     </span>
    </p>
   </div>
   <div class='ocr_carea' id='block_1_24' title="bbox 1106 2336 1903 2509">
    <p class='ocr_par' dir='ltr' id='par_1_27' title="bbox 1106 2336 1903 2509">
     <span class='ocr_line' id='line_1_78' title="bbox 1154 2336 1903 2380; baseline -0.001 -13"><span class='ocrx_word' id='word_1_439' title='bbox 1154 2337 1206 2368; x_wconf 75' lang='lat'>21.</span> <span class='ocrx_word' id='word_1_440' title='bbox 1231 2337 1420 2380; x_wconf 80' lang='lat' dir='ltr'>segnisque</span> <span class='ocrx_word' id='word_1_441' title='bbox 1457 2338 1600 2378; x_wconf 65' lang='lat' dir='ltr'>tttsspyoc</span> <span class='ocrx_word' id='word_1_442' title='bbox 1634 2336 1798 2378; x_wconf 77' lang='lat' dir='ltr'>segnisve</span> <span class='ocrx_word' id='word_1_443' title='bbox 1834 2339 1903 2369; x_wconf 87' lang='lat' dir='ltr'>Ml.</span> 
     </span>
     <span class='ocr_line' id='line_1_79' title="bbox 1106 2385 1900 2424; baseline 0.004 -12"><span class='ocrx_word' id='word_1_444' title='bbox 1106 2386 1206 2413; x_wconf 78' lang='lat' dir='ltr'>Recte</span> <span class='ocrx_word' id='word_1_445' title='bbox 1238 2393 1319 2424; x_wconf 81' lang='lat' dir='ltr'>que,</span> <span class='ocrx_word' id='word_1_446' title='bbox 1357 2393 1430 2413; x_wconf 78' lang='lat' dir='ltr'>nam</span> <span class='ocrx_word' id='word_1_447' title='bbox 1465 2385 1631 2413; x_wconf 85' lang='lat' dir='ltr'>sententia</span> <span class='ocrx_word' id='word_1_448' title='bbox 1666 2390 1752 2414; x_wconf 83' lang='lat' dir='ltr'>inetu</span> <span class='ocrx_word' id='word_1_449' title='bbox 1785 2387 1900 2421; x_wconf 82' lang='lat' dir='ltr'>segnis</span> 
     </span>
     <span class='ocr_line' id='line_1_80' title="bbox 1106 2431 1902 2465; baseline 0.004 -7"><span class='ocrx_word' id='word_1_450' title='bbox 1106 2432 1303 2465; x_wconf 74' lang='lat' dir='ltr'>tardans-que</span> <span class='ocrx_word' id='word_1_451' title='bbox 1342 2431 1472 2459; x_wconf 85' lang='lat' dir='ltr'>animos</span> <span class='ocrx_word' id='word_1_452' title='bbox 1510 2431 1644 2459; x_wconf 83' lang='lat' dir='ltr'>utilitum</span> <span class='ocrx_word' id='word_1_453' title='bbox 1685 2439 1809 2461; x_wconf 85' lang='lat' dir='ltr'>caussa</span> <span class='ocrx_word' id='word_1_454' title='bbox 1849 2436 1902 2461; x_wconf 82' lang='lat' dir='ltr'>est</span> 
     </span>
     <span class='ocr_line' id='line_1_81' title="bbox 1107 2476 1608 2509; baseline 0 -4"><span class='ocrx_word' id='word_1_455' title='bbox 1107 2484 1227 2505; x_wconf 84' lang='lat' dir='ltr'>morae.</span> <span class='ocrx_word' id='word_1_456' title='bbox 1277 2477 1401 2505; x_wconf 78' lang='lat' dir='ltr'>similia</span> <span class='ocrx_word' id='word_1_457' title='bbox 1424 2476 1465 2504; x_wconf 82' lang='lat' dir='ltr'>cf.</span> <span class='ocrx_word' id='word_1_458' title='bbox 1493 2476 1525 2509; x_wconf 79' lang='lat'>2,</span> <span class='ocrx_word' id='word_1_459' title='bbox 1551 2477 1608 2505; x_wconf 74' lang='lat'>37.</span> 
     </span>
    </p>
   </div>
   <div class='ocr_carea' id='block_1_25' title="bbox 1106 2543 1898 2673">
    <p class='ocr_par' dir='ltr' id='par_1_28' title="bbox 1106 2543 1898 2673">
     <span class='ocr_line' id='line_1_82' title="bbox 1151 2543 1898 2580; baseline 0.001 -8"><span class='ocrx_word' id='word_1_460' title='bbox 1151 2543 1205 2572; x_wconf 82' lang='lat'>23.</span> <span class='ocrx_word' id='word_1_461' title='bbox 1231 2546 1300 2572; x_wconf 78' lang='lat' dir='ltr'>Non</span> <span class='ocrx_word' id='word_1_462' title='bbox 1325 2545 1410 2573; x_wconf 82' lang='lat' dir='ltr'>alius</span> <span class='ocrx_word' id='word_1_463' title='bbox 1435 2546 1488 2573; x_wconf 79' lang='lat' dir='ltr'>est</span> <span class='ocrx_word' id='word_1_464' title='bbox 1513 2546 1630 2580; x_wconf 79' lang='lat' dir='ltr'>hortos,</span> <span class='ocrx_word' id='word_1_465' title='bbox 1654 2552 1749 2578; x_wconf 83' lang='lat' dir='ltr'>quem</span> <span class='ocrx_word' id='word_1_466' title='bbox 1763 2545 1898 2574; x_wconf 87' lang='lat' dir='ltr'>mortuis</span> 
     </span>
     <span class='ocr_line' id='line_1_83' title="bbox 1106 2588 1896 2627; baseline 0.001 -9"><span class='ocrx_word' id='word_1_467' title='bbox 1106 2595 1275 2625; x_wconf 83' lang='lat' dir='ltr'>praestare</span> <span class='ocrx_word' id='word_1_468' title='bbox 1306 2591 1475 2625; x_wconf 82' lang='lat' dir='ltr'>possimus</span> <span class='ocrx_word' id='word_1_469' title='bbox 1511 2590 1552 2619; x_wconf 86' lang='lat' dir='ltr'>cf.</span> <span class='ocrx_word' id='word_1_470' title='bbox 1575 2589 1612 2627; x_wconf 91' lang='lat'>6,</span> <span class='ocrx_word' id='word_1_471' title='bbox 1636 2588 1713 2618; x_wconf 80' lang='lat'><strong>366.</strong></span> <span class='ocrx_word' id='word_1_472' title='bbox 1751 2606 1796 2610; x_wconf 90' lang='lat'><strong>—</strong></span> <span class='ocrx_word' id='word_1_473' title='bbox 1835 2589 1896 2619; x_wconf 81' lang='lat' dir='ltr'>snb</span> 
     </span>
     <span class='ocr_line' id='line_1_84' title="bbox 1106 2634 1309 2673; baseline 0 -9"><span class='ocrx_word' id='word_1_474' title='bbox 1106 2636 1147 2664; x_wconf 84' lang='lat' dir='ltr'>cf.</span> <span class='ocrx_word' id='word_1_475' title='bbox 1173 2634 1204 2673; x_wconf 82' lang='lat'>4,</span> <span class='ocrx_word' id='word_1_476' title='bbox 1231 2635 1309 2664; x_wconf 75' lang='lat'>387.</span> 
     </span>
    </p>
   </div>
   <div class='ocr_carea' id='block_1_26' title="bbox 1101 2691 1897 3054">
    <p class='ocr_par' dir='ltr' id='par_1_29' title="bbox 1101 2691 1897 3054">
     <span class='ocr_line' id='line_1_85' title="bbox 1149 2691 1897 2729; baseline 0 -7"><span class='ocrx_word' id='word_1_477' title='bbox 1149 2693 1202 2722; x_wconf 72' lang='lat'>24.</span> <span class='ocrx_word' id='word_1_478' title='bbox 1229 2692 1281 2724; x_wconf 76' lang='lat' dir='ltr'>ait</span> <span class='ocrx_word' id='word_1_479' title='bbox 1315 2699 1389 2729; x_wconf 82' lang='grc'>0031.</span> <span class='ocrx_word' id='word_1_480' title='bbox 1424 2701 1457 2721; x_wconf 87' lang='lat' dir='ltr'>v.</span> <span class='ocrx_word' id='word_1_481' title='bbox 1499 2691 1549 2721; x_wconf 86' lang='lat'>13.</span> <span class='ocrx_word' id='word_1_482' title='bbox 1587 2693 1730 2722; x_wconf 84' lang='lat' dir='ltr'>additum</span> <span class='ocrx_word' id='word_1_483' title='bbox 1768 2697 1897 2729; x_wconf 77' lang='lat' dir='ltr'>praeter</span> 
     </span>
     <span class='ocr_line' id='line_1_86' title="bbox 1103 2737 1897 2779; baseline -0.001 -11"><span class='ocrx_word' id='word_1_484' title='bbox 1103 2740 1338 2769; x_wconf 80' lang='lat' dir='ltr'>necessitatem</span> <span class='ocrx_word' id='word_1_485' title='bbox 1381 2740 1421 2768; x_wconf 78' lang='lat' dir='ltr'>cf.</span> <span class='ocrx_word' id='word_1_486' title='bbox 1454 2738 1493 2776; x_wconf 87' lang='lat'>5,</span> <span class='ocrx_word' id='word_1_487' title='bbox 1535 2737 1589 2766; x_wconf 84' lang='lat'>55.</span> <span class='ocrx_word' id='word_1_488' title='bbox 1638 2753 1678 2757; x_wconf 90' lang='lat'><em>—</em></span> <span class='ocrx_word' id='word_1_489' title='bbox 1728 2737 1897 2779; x_wconf 82' lang='lat' dir='ltr'>egregias</span> 
     </span>
     <span class='ocr_line' id='line_1_87' title="bbox 1106 2783 1895 2823; baseline -0.001 -10"><span class='ocrx_word' id='word_1_490' title='bbox 1106 2783 1244 2814; x_wconf 82' lang='lat' dir='ltr'>animas</span> <span class='ocrx_word' id='word_1_491' title='bbox 1268 2791 1345 2815; x_wconf 88' lang='lat' dir='ltr'>etc.:</span> <span class='ocrx_word' id='word_1_492' title='bbox 1389 2786 1587 2823; x_wconf 81' lang='lat' dir='ltr'>„Eleganter</span> <span class='ocrx_word' id='word_1_493' title='bbox 1611 2788 1643 2812; x_wconf 82' lang='lat' dir='ltr'>et</span> <span class='ocrx_word' id='word_1_494' title='bbox 1675 2785 1736 2813; x_wconf 84' lang='lat' dir='ltr'>hoc</span> <span class='ocrx_word' id='word_1_495' title='bbox 1769 2785 1808 2813; x_wconf 82' lang='lat' dir='ltr'>ad</span> <span class='ocrx_word' id='word_1_496' title='bbox 1833 2792 1895 2812; x_wconf 84' lang='lat' dir='ltr'>ex-</span> 
     </span>
     <span class='ocr_line' id='line_1_88' title="bbox 1105 2830 1894 2865; baseline 0 -7"><span class='ocrx_word' id='word_1_497' title='bbox 1105 2832 1318 2860; x_wconf 81' lang='lat' dir='ltr'>hortationem</span> <span class='ocrx_word' id='word_1_498' title='bbox 1332 2830 1529 2860; x_wconf 83' lang='lat' dir='ltr'>audientium</span> <span class='ocrx_word' id='word_1_499' title='bbox 1546 2834 1710 2864; x_wconf 77' lang='lat' dir='ltr'>sumptum</span> <span class='ocrx_word' id='word_1_500' title='bbox 1726 2834 1793 2865; x_wconf 79' lang='lat' dir='ltr'>est3</span> <span class='ocrx_word' id='word_1_501' title='bbox 1819 2836 1894 2858; x_wconf 85' lang='lat' dir='ltr'>nam</span> 
     </span>
     <span class='ocr_line' id='line_1_89' title="bbox 1103 2875 1894 2906; baseline -0.003 -1"><span class='ocrx_word' id='word_1_502' title='bbox 1103 2878 1177 2905; x_wconf 85' lang='lat' dir='ltr'>iaus</span> <span class='ocrx_word' id='word_1_503' title='bbox 1227 2876 1452 2906; x_wconf 88' lang='lat' dir='ltr'>defunctorum</span> <span class='ocrx_word' id='word_1_504' title='bbox 1487 2875 1666 2904; x_wconf 88' lang='lat' dir='ltr'>viventium</span> <span class='ocrx_word' id='word_1_505' title='bbox 1710 2875 1894 2903; x_wconf 76' lang='lat' dir='ltr'>exhortatio</span> 
     </span>
     <span class='ocr_line' id='line_1_90' title="bbox 1103 2919 1894 2962; baseline -0.004 -12"><span class='ocrx_word' id='word_1_506' title='bbox 1103 2926 1166 2958; x_wconf 90' lang='lat' dir='ltr'>est,</span> <span class='ocrx_word' id='word_1_507' title='bbox 1192 2926 1223 2951; x_wconf 83' lang='lat' dir='ltr'>et</span> <span class='ocrx_word' id='word_1_508' title='bbox 1251 2924 1332 2951; x_wconf 79' lang='lat' dir='ltr'>bene</span> <span class='ocrx_word' id='word_1_509' title='bbox 1361 2920 1515 2962; x_wconf 82' lang='lat' dir='ltr'>patriam</span> <span class='ocrx_word' id='word_1_510' title='bbox 1540 2920 1602 2957; x_wconf 80' lang='lat' dir='ltr'>ait,</span> <span class='ocrx_word' id='word_1_511' title='bbox 1628 2924 1790 2953; x_wconf 83' lang='lat' dir='ltr'>tamquam</span> <span class='ocrx_word' id='word_1_512' title='bbox 1813 2919 1894 2948; x_wconf 80' lang='lat' dir='ltr'>fidu-</span> 
     </span>
     <span class='ocr_line' id='line_1_91' title="bbox 1101 2961 1893 3004; baseline -0.001 -8"><span class='ocrx_word' id='word_1_513' title='bbox 1101 2967 1184 2996; x_wconf 83' lang='lat' dir='ltr'>ciam</span> <span class='ocrx_word' id='word_1_514' title='bbox 1217 2968 1317 3004; x_wconf 70' lang='lat' dir='ltr'>gerit,</span> <span class='ocrx_word' id='word_1_515' title='bbox 1352 2969 1447 3003; x_wconf 78' lang='lat' dir='ltr'>quasi</span> <span class='ocrx_word' id='word_1_516' title='bbox 1481 2963 1627 2995; x_wconf 49' lang='grc' dir='ltr'>Νίκῃ-113*</span> <span class='ocrx_word' id='word_1_517' title='bbox 1651 2966 1685 2993; x_wconf 90' lang='lat' dir='ltr'>S.</span> <span class='ocrx_word' id='word_1_518' title='bbox 1724 2961 1775 2993; x_wconf 74' lang='grc' dir='ltr'>ΡΙ.</span> <span class='ocrx_word' id='word_1_519' title='bbox 1807 2966 1893 2995; x_wconf 83' lang='lat' dir='ltr'>coni.</span> 
     </span>
     <span class='ocr_line' id='line_1_92' title="bbox 1106 3011 1382 3054; baseline 0 -12"><span class='ocrx_word' id='word_1_520' title='bbox 1106 3011 1167 3050; x_wconf 78' lang='lat' dir='ltr'>lle,</span> <span class='ocrx_word' id='word_1_521' title='bbox 1189 3012 1289 3053; x_wconf 81' lang='lat' dir='ltr'>agite</span> <span class='ocrx_word' id='word_1_522' title='bbox 1308 3022 1382 3054; x_wconf 83' lang='lat' dir='ltr'>egr.</span> 
     </span>
    </p>
   </div>
   <div class='ocr_carea' id='block_1_27' title="bbox 1960 0 2023 3350">
    <p class='ocr_par' dir='ltr' id='par_1_30' title="bbox 1960 0 2023 3350">
     <span class='ocr_line' id='line_1_93' title="bbox 1960 0 2023 3350; baseline 0 0"><span class='ocrx_word' id='word_1_523' title='bbox 1960 0 2023 3350; x_wconf 95' lang='lat' dir='ltr'> </span> 
     </span>
    </p>
   </div>
  </div>
 </body>
</html>
