2023 3350
208 118 289 158 300
781 113 820 145 Ρ.
847 112 1045 147 V1RG1L11
1069 114 1282 149 MARONIS

208 230 404 278 Viscera,

208 288 409 335 l'ectore,

208 343 318 393 Ouid
355 354 586 382 memorem
618 340 849 404 Lapithas,

444 226 713 279 rimaturque
750 225 908 279 epulis,
946 225 1207 281 habitatque
1246 228 1325 271 sub
1360 229 1450 271 alto

449 298 526 325 nec
563 282 683 324 fibris
721 282 892 336 requies
932 282 1062 324 datur
1094 285 1185 327 ulla
1220 287 1396 328 leuatis.
1771 286 1856 326 600

890 340 1044 382 Ixiona
1083 329 1439 398 Pirithoumque?

208 405 322 450 Quos
354 412 484 452 super
519 401 618 438 atra
659 397 766 438 silex
801 398 888 438 iam
927 397 1015 438 iam
1053 397 1231 451 lapsura
1269 401 1526 456 cadentique

206 457 405 499 Imminet
442 454 682 496 adsimilis?

207 516 352 555 Amea
387 512 526 554 fulcra
563 512 694 563 toris,

741 455 905 496 Lucent
946 454 1187 508 genialibus
1225 458 1325 500 altis

741 512 980 566 epulaeque
1018 516 1118 554 ante
1157 527 1235 556 ora
1271 519 1454 568 paratae

225 571 394 624 'regifico
429 570 558 621 luxu,
598 545 829 610 Furiarum
865 569 1055 611 maxima
1088 570 1212 613 iuxta
1771 571 1855 610 605

205 627 423 679 Accubat,
464 631 507 669 et
541 626 740 668 manibus
776 626 981 681 prohibet
1019 628 1267 682 contingere
1303 643 1482 682 mensas,

204 686 499 740 Exsurgitque
534 684 672 726 facem
707 684 930 735 attollens,
973 687 1105 738 atque
1139 686 1309 728 intonat
1343 700 1428 728 ore.

206 744 304 795 Hic,
344 743 499 797 quibus
535 743 661 784 invisi
699 741 877 793 fratres,

919 742 1019 783 dum
1057 743 1147 785 vita
1179 744 1396 797 manebat,

207 802 462 843 Pulsatusve
499 814 678 855 parens,
721 803 764 842 et
800 799 919 842 fraus
956 800 1112 844 innexa
1149 801 1317 854 clienti,

208 932 305 960 Lucr.
333 928 369 967 2,
402 928 478 959 659.
519 946 557 950 —-
602 925 766 958 Fecunda
802 925 924 969 poenis
957 926 1008 958 υἰ-

208 985 305 1005 scera
332 981 424 1013 sunt,
450 977 532 1011 quod
558 984 686 1010 semper
711 980 941 1010 renascuntur,
974 980 1009 1003 ut

208 1031 334 1057 semper
358 1030 461 1057 poena
486 1022 589 1057 possit
615 1022 724 1057 repeti.
775 1022 949 1059 „Fecunda
974 1021 1008 1050 in

206 1073 376 1103 poenam.··
405 1070 436 1096 S.

253 1112 331 1142 599.
356 1111 527 1142 rimatur:
574 1114 623 1141 Ita
653 1112 765 1149 cycni,
806 1112 862 1146 qui
901 1112 1009 1142 cibum

206 1163 379 1195 quaerunt,
408 1156 583 1187 rimantur
609 1161 717 1197 prata
748 1155 889 1196 Caystri
915 1160 950 1186 G.
981 1156 1007 1195 1,

207 1203 282 1233 384.
334 1205 380 1234 Cf.
412 1202 472 1241 11,
497 1201 562 1230 7⁴⁵⁴
585 1207 705 1242 partes
731 1200 881 1232 rimatur
906 1211 1008 1243 aper-

207 1252 273 1280 tae.
290 1265 336 1270 —
355 1247 468 1289 epulis
488 1250 631 1278 dativus.
657 1250 695 1277 ad
715 1251 848 1283 epulas:
875 1249 1008 1278 viscera

206 1296 353 1325 rimatur.
376 1300 409 1324 ut
430 1297 556 1330 epulas.
580 1295 679 1331 iecur.
703 1295 853 1329 reperiat.
883 1310 920 1314 —
944 1292 1007 1322 hu-

205 1339 363 1380 bilutquc
385 1339 445 1369 snb
465 1339 556 1369 alto:
590 1341 692 1369 Vides
712 1341 904 1369 immensam
918 1341 1008 1376 Tityi

204 1387 476 1424 mamiitudinem,
516 1386 610 1416 cuius
644 1389 702 1415 sub
738 1391 864 1420 pectore
896 1388 1007 1414 vultur

207 1434 287 1462 velit
312 1434 469 1462 habitare.
495 1433 550 1467 qui
574 1432 608 1460 in
633 1432 771 1461 summis
792 1431 886 1460 saxis
912 1432 1006 1460 nidos

205 1484 330 1508 struere
354 1480 445 1508 solet.

254 1523 330 1552 600.
356 1524 528 1553 Lucretius
560 1525 581 1552 l.
613 1524 633 1552 l.
665 1526 750 1552 hanc
783 1522 927 1552 fabulam
960 1524 1006 1552 ita

204 1571 367 1605 explicat:
416 1570 531 1605 Tityos
554 1569 646 1598 nobis
670 1570 723 1598 hic
747 1573 811 1604 031,
840 1569 873 1597 in
898 1577 1005 1598 amore

205 1616 365 1645 iacentem
397 1617 498 1650 Quem
529 1616 680 1644 volucres
712 1616 873 1650 lacerant.
910 1620 1006 1649 atque

205 1667 299 1691 exest
321 1662 442 1691 anxius
461 1668 571 1697 angor.
595 1661 663 1689 Aut
685 1661 752 1689 alia
777 1661 896 1694 quavis
917 1661 1005 1689 scin-

205 1709 283 1736 dunt
309 1708 487 1743 cuppedine
516 1713 622 1735 curae.
671 1706 829 1734 Volebam
855 1706 940 1735 enim
967 1715 1004 1735 eo

206 1757 345 1788 tempore
377 1753 522 1781 homines
551 1752 635 1781 docti
666 1752 910 1780 reconditiorem
942 1752 1006 1780 ali-

206 1807 303 1834 quam
320 1799 513 1828 sententiam
534 1798 690 1834 indagare
708 1798 902 1834 fabularum,
924 1805 1006 1833 quae

204 1853 245 1874 ne
271 1852 290 1873 a
314 1847 414 1881 vulgo
440 1845 568 1879 quidem
594 1851 693 1872 verae
716 1846 919 1873 haberentur.

253 1889 328 1919 601.
357 1888 441 1930 qnid
473 1897 664 1917 memorem.
713 1891 763 1917 Ea
797 1893 845 1918 est
877 1894 1006 1918 seuten-

205 1936 268 1965 tia:
296 1938 351 1965 sed
377 1936 453 1970 quid
479 1943 536 1971 ego
562 1935 710 1971 singulos
730 1935 870 1970 proferre
895 1935 1004 1967 velim

207 1991 303 2017 quum
337 1985 397 2010 hoc
434 1981 591 2009 infinitum
623 1981 684 2015 sit;
720 1988 820 2015 quare
858 1981 918 2009 vix
957 1986 1005 2009 est

205 2035 334 2063 caussa.
361 2035 417 2057 cur
434 2034 570 2061 poenam
587 2026 798 2061 Lapitharum
821 2034 1003 2055 memorem.

208 2089 247 2093 —-
291 2070 466 2111 Lapithae
501 2077 575 2100 sunt
608 2073 703 2101 Ixion
745 2073 880 2107 eiusque
919 2073 1005 2100 filius

206 2120 390 2154 Pirithous;
427 2119 483 2146 ille
515 2119 598 2152 quod
624 2120 779 2146 Iunonem
807 2123 1004 2147 tentaverat:

205 2165 258 2193 hic
300 2166 382 2199 quod
420 2164 647 2198 Proserpinam
686 2165 848 2201 rapiebat,
890 2164 1004 2199 puniti.

206 2212 335 2239 Poenae
368 2218 477 2239 eorum
506 2210 622 2238 variae
657 2211 843 2239 traduntur.
876 2214 905 2238 et
930 2211 1004 2243 Vgl.

205 2258 303 2285 etiam
336 2257 370 2284 in
399 2256 442 2284 iis
473 2256 596 2290 aliquid
627 2256 772 2284 novavit.
824 2257 870 2284 De
891 2256 1005 2284 Ixione

205 2302 244 2331 cf.
277 2304 311 2331 G.
346 2301 379 2337 3,
413 2299 466 2329 38.
517 2299 552 2337 4,
586 2298 661 2329 484.
712 2302 758 2329 De
789 2301 932 2329 Pirithoo
965 2301 1005 2330 cf.

204 2349 280 2376 Hor.
307 2349 340 2377 C.
368 2345 403 2376 3.
434 2344 469 2383 4,
497 2344 551 2376 80.
586 2362 624 2366 —-
660 2347 736 2383 Vgl.
762 2351 931 2381 utrumque
960 2347 1005 2375 ita

205 2394 313 2428 puniri
346 2393 438 2429 dicit,
478 2396 511 2421 ut
545 2399 644 2427 supra
681 2396 775 2427 caput
812 2400 931 2421 saxum
964 2393 1007 2420 sit

205 2448 360 2468 casurum
391 2446 518 2473 semper
549 2437 609 2473 (cf.
644 2438 814 2466 historiam
839 2438 1005 2466 Damoclis

205 2492 256 2520 ap.
292 2486 356 2514 Cic.
389 2486 486 2513 Tusc.
521 2483 555 2519 5,
596 2480 654 2515 21.
694 2482 768 2518 61).
824 2484 1005 2518 Appositae

204 2536 278 2559 sunt
300 2538 442 2564 mensae.
464 2530 571 2564 epulis
586 2529 858 2563 exquisitissimis
873 2534 1005 2558 ornatae

205 2577 355 2611 omnique
378 2580 538 2611 apparatu
563 2579 720 2610 structae3
755 2576 810 2603 sed
837 2575 866 2602 si
888 2582 1004 2603 manus

206 2624 394 2651 admovent.
427 2622 528 2649 Furia
554 2621 586 2648 in
611 2628 667 2649 eos
690 2620 781 2648 irruit
806 2628 925 2654 eosque
950 2621 1002 2649 de-

204 2669 305 2702 pellit.
327 2683 364 2688 —-
386 2666 643 2696 Incontinentiae
659 2673 699 2694 ea
719 2670 767 2694 est
784 2673 898 2700 poena.
938 2663 1002 2693 Hb.

204 2715 287 2754 coni,
312 2722 343 2742 v.
369 2711 429 2741 601
460 2720 533 2741 0330
556 2712 714 2746 spurium.
739 2717 813 2740 ante
839 2710 903 2739 602
929 2719 1003 2740 0330

204 2760 375 2795 lacunam.
414 2765 510 2793 quam
545 2759 736 2792 expleturus
773 2757 868 2786 fuerit
908 2762 1003 2791 poeta

205 2809 451 2833 commemorato
478 2805 632 2838 Tantalo;
659 2805 770 2837 probat
802 2799 862 2830 LA.

251 2847 326 2878 602.
355 2847 581 2888 cadentique.-
651 2849 758 2876 Versu
798 2850 1002 2884 hypermetro

207 2895 348 2931 pingitur
381 2902 499 2923 saxum
528 2895 779 2929 superpendens.

210 2937 320 2977 Quid,
349 2937 473 2979 quibus
499 2942 577 2968 atra
606 2945 665 2968 etc.

251 2984 326 3013 603.
354 2987 401 3014 De
425 2989 586 3014 structura
611 2985 649 3014 cf.
678 2984 717 3020 5.
751 2981 827 3012 705.
865 3000 902 3004 -
940 2992 1004 3023 ge-

203 3026 357 3059 nialibus
381 3028 465 3060 altis
492 3028 578 3060 toris
601 3038 701 3059 aurea
723 3030 829 3060 fulcra
855 3032 1004 3059 substru-

837 2891 888 2921 Pl.
919 2894 1001 2923 coni.

1055 934 1106 960 cta
1129 935 1214 960 sunt.
1253 932 1407 961 Geniales
1426 934 1533 960 autem
1555 930 1713 966 dicuntur,
1737 935 1773 960 ut
1793 938 1854 959 nos

1056 977 1196 1006 dicimus
1221 975 1411 1006 einladend
1438 977 1477 1007 cf.
1499 979 1579 1005 Non.
1604 985 1635 1012 p.
1660 973 1722 1005 177
1749 979 1853 1006 Merc:

1056 1024 1151 1060 „Scis
1182 1024 1270 1052 euim
1295 1024 1441 1060 geniales
1468 1023 1615 1051 homines
1645 1024 1685 1051 ab
1710 1022 1855 1057 antiquis

1055 1070 1255 1106 appellatos,
1288 1070 1343 1105 qui
1370 1071 1411 1098 ad
1438 1069 1645 1097 invitandum
1673 1071 1704 1097 et
1727 1067 1855 1104 largius

1056 1117 1280 1150 apponendum
1306 1117 1412 1145 cibum
1437 1115 1647 1150 promptiores
1671 1111 1814 1142 essent.“

1104 1158 1179 1189 62¹5.
1208 1158 1370 1200 Regifiro
1403 1159 1486 1189 lusu
1518 1161 1538 1188 i.
1568 1169 1596 1189 e.
1626 1159 1725 1196 regio.
1775 1161 1856 1187 Sae-

1054 1206 1130 1240 pius
1155 1214 1207 1241 ap.
1235 1211 1349 1241 poetas
1374 1207 1452 1235 illud
1475 1203 1569 1244 ficus
1601 1206 1635 1234 in
1668 1204 1856 1240 compositis

1054 1257 1208 1280 amatum.
1257 1254 1306 1281 Ita
1337 1260 1388 1287 ap.
1423 1252 1488 1280 Cic.
1515 1253 1597 1280 Sest.
1625 1248 1667 1278 57
1699 1246 1855 1290 ingrati-

1045 1295 1113 1336 fici
1145 1294 1275 1338 Argivi
1311 1297 1386 1332 (sed
1413 1300 1513 1326 verba
1545 1300 1618 1325 sunt
1649 1300 1761 1332 poetae
1791 1296 1855 1324 ali-

1053 1342 1186 1379 cuius];
1216 1340 1398 1382 falsificus
1430 1340 1570 1372 animus
1594 1343 1701 1371 Plaut.
1726 1342 1796 1370 Mil.
1823 1339 1855 1379 2,

1056 1386 1092 1425 2,
1134 1387 1191 1425 36;
1233 1386 1386 1427 ius-tifica
1424 1396 1520 1417 meus
1559 1389 1630 1417 Cat.
1666 1385 1726 1424 64,
1768 1384 1854 1423 4073

1054 1430 1218 1473 horrifira
1244 1435 1301 1462 Sil.
1330 1432 1382 1471 12,
1410 1431 1486 1462 474.
1537 1434 1591 1463 Sic
1613 1430 1782 1472 registetis
1807 1435 1856 1462 le-

1053 1479 1140 1515 gitur
1164 1488 1214 1515 30.
1242 1481 1318 1509 Val.
1344 1479 1373 1509 2.
1401 1478 1476 1508 653.
1503 1477 1648 1520 regifice
1674 1480 1749 1508 adv.
1794 1479 1853 1506 Sil.

1054 1522 1113 1562 11.
1141 1523 1216 1554 272.
1247 1541 1284 1545 —
1316 1523 1503 1555 Furiarum
1532 1522 1687 1553 maxima
1715 1523 1749 1561 3,
1777 1522 1854 1554 352.

1053 1572 1102 1599 Ita
1134 1578 1185 1606 ap.
1222 1573 1296 1599 Eur.
1327 1573 1396 1607 Iph.
1428 1573 1524 1600 Taur.
1560 1568 1625 1598 970
1663 1574 1710 1599 est
1740 1571 1854 1605 aliqua

1052 1609 1247 1656 πρέσβειρα
1265 1609 1472 1654 Ἐριννύων.
1516 1618 1594 1645 Stat.
1612 1617 1710 1645 Theb.
1732 1613 1764 1654 7,
1787 1613 1852 1644 477

1056 1658 1290 1690 Eumenidum
1321 1659 1582 1702 antiquissima.

1101 1706 1176 1736 606.
1203 1704 1360 1745 prohibet
1388 1717 1414 1737 c.
1442 1708 1497 1736 inf.
1530 1707 1569 1736 cf.
1597 1704 1633 1744 3,
1661 1704 1738 1736 380.

1102 1751 1178 1782 608.
1205 1754 1272 1787 Quo
1290 1754 1436 1782 homines
1460 1753 1613 1783 cultiores
1637 1754 1792 1790 evadunt,
1815 1761 1853 1782 eo

1053 1799 1159 1835 magis
1187 1799 1268 1827 inter
1299 1800 1433 1828 diversa
1462 1799 1545 1828 vitia
1569 1799 1770 1832 discernunt,
1803 1803 1853 1827 at-

1052 1852 1114 1878 que
1136 1853 1246 1873 eorum
1270 1852 1423 1895 numerus
1441 1845 1564 1874 crescit.
1613 1845 1663 1872 Ita
1687 1852 1739 1879 30.
1758 1846 1851 1874 Hom.

1049 1883 1246 1927 Ἐοί,νυυες
1281 1882 1360 1919 αἴθ’
1388 1883 1461 1919 ὑπὸ
1492 1888 1604 1929 γαῖαν
1625 1882 1854 1939 ἀνθρώπους

1051 1930 1236 1973 τίνυνται,
1268 1926 1344 1970 ὅτις
1367 1928 1397 1964 κ’
1423 1929 1592 1973 ἐπίορκον
1617 1926 1765 1975 ὀμόσσῃ.
1812 1936 1852 1964 ΙΙ.

1053 1977 1378 2017 19.250(,11οἰ0110
1411 1982 1526 2011 caedes
1551 1985 1581 2009 et
1608 1981 1749 2009 iniuriae
1774 1988 1853 2016 sup-

1051 2011 1173 2061 plicum
1199 2032 1226 2055 01
1249 2028 1411 2062 hospitum
1432 2028 1513 2056 inter
1535 2028 1661 2056 scelera
1684 2027 1853 2061 proferun-

1053 2076 1111 2101 tur.
1161 2075 1262 2101 Multo
1286 2073 1350 2101 iam
1375 2074 1493 2102 melius
1518 2076 1546 2102 et
1573 2073 1758 2101 distinctius
1776 2072 1854 2101 Vir—

1052 2118 1130 2154 gilio
1155 2119 1293 2147 crimina
1319 2123 1349 2147 et
1372 2126 1494 2154 poenas
1521 2118 1662 2152 disponit
1686 2119 1791 2146 Dante
1817 2118 1852 2146 in

1052 2163 1181 2192 Inferno
1209 2173 1277 2193 suo.
1304 2180 1341 2184 —
1366 2167 1403 2193 In
1425 2166 1594 2193 Tartarum
1620 2163 1720 2199 igitur
1745 2164 1852 2192 detru-

1053 2211 1169 2238 duntur
1192 2211 1347 2244 primum.
1373 2211 1427 2245 qui
1453 2210 1570 2238 fratres
1594 2209 1665 2237 odio
1692 2209 1852 2243 persecuti

1053 2260 1139 2284 sunt.
1196 2258 1306 2290 Neque
1339 2256 1472 2292 Virgilii
1509 2260 1648 2289 tempore
1683 2254 1854 2283 defuerunt

1053 2308 1091 2330 ea
1117 2303 1287 2336 exempla3
1325 2306 1358 2329 ut
1384 2302 1526 2336 Lepidus
1553 2304 1582 2329 et
1605 2302 1751 2329 Plancus
1776 2308 1852 2330 con-

1053 2348 1143 2375 sules
1185 2348 1216 2375 in
1259 2347 1509 2381 proscriptorum
1549 2347 1671 2374 tabulis
1715 2346 1851 2376 fratrum

1052 2393 1185 2420 nomina
1218 2393 1343 2427 videre3
1384 2400 1484 2427 quare
1518 2392 1639 2421 milites
1672 2391 1707 2420 in
1740 2399 1851 2422 eorum

1051 2438 1229 2472 triumpho,
1264 2446 1357 2473 quem
1391 2439 1429 2466 de
1458 2438 1565 2467 Gallis
1595 2441 1850 2475 reportaverant,

1051 2484 1134 2512 satis
1158 2486 1271 2512 acerbo
1295 2486 1369 2512 lusu
1393 2485 1555 2513 cecinere:
1597 2485 1666 2520 „De
1681 2483 1851 2513 Germanis

1051 2537 1114 2557 non
1141 2530 1179 2558 de
1204 2530 1308 2558 Gallis
1339 2531 1398 2558 duo
1431 2530 1629 2565 triumphant
1663 2526 1851 2559 consules.“

1052 2576 1188 2603 Omnino
1213 2580 1321 2604 autem
1346 2578 1405 2605 hoc
1429 2577 1499 2605 loco
1527 2582 1565 2604 ea
1595 2575 1735 2611 castigat
1758 2575 1850 2610 vitia,

1051 2628 1134 2655 quae
1165 2621 1271 2656 ipsius
1303 2626 1443 2656 tempore
1474 2625 1565 2650 erant
1590 2623 1718 2656 crebra,
1751 2625 1783 2650 ut
1808 2627 1850 2648 ex

1051 2667 1130 2695 aliis
1161 2667 1374 2702 scriptoribus
1408 2671 1502 2702 patet.
1557 2666 1607 2695 Cf.
1641 2667 1748 2701 ipsum
1773 2665 1850 2694 vir-

1050 2712 1164 2748 gilitim
1200 2713 1237 2741 de
1268 2720 1327 2741 suo
1362 2717 1502 2748 tempore
1533 2716 1717 2747 querentem
1748 2712 1783 2739 G.
1817 2707 1849 2744 2,

1050 2757 1114 2785 505
1138 2766 1184 2792 su.
1241 2755 1330 2786 Dum
1354 2755 1427 2787 vita
1450 2756 1612 2787 manebat
1637 2762 1670 2786 ut
1693 2753 1754 2784 661
1779 2764 1850 2791 per-

1047 2807 1146 2831 totam
1173 2804 1287 2832 vitam.

1097 2847 1172 2877 609.
1197 2846 1362 2888 puls-atus
1394 2855 1542 2887 parens:
1582 2849 1668 2876 male
1704 2847 1848 2875 habitus.

1050 2896 1190 2923 Gravem
1214 2895 1433 2929 paricidarum
1459 2899 1594 2928 poenam
1614 2893 1679 2920 vid.
1705 2900 1756 2927 ap.
1781 2893 1848 2922 Cic.

1049 2941 1122 2968 BA.
1150 2938 1190 2966 25
1225 2940 1340 2968 ..Insui
1369 2941 1540 2968 voluerunt
1574 2937 1734 2973 (Romani
1762 2938 1849 2966 anti-

1049 2986 1125 3021 qui]
1153 2986 1185 3014 iu
1209 2987 1337 3014 culeum
1360 2985 1458 3014 vivos
1483 2988 1582 3018 atque
1606 2983 1653 3012 ita
1677 2984 1710 3011 in
1733 2983 1849 3013 flumen

1049 3029 1179 3060 deiici.“
1228 3031 1310 3066 Quid
1335 3031 1417 3066 quod
1441 3029 1559 3066 legitur
1581 3036 1632 3065 ap.
1651 3030 1736 3058 Fest.
1763 3037 1790 3058 s.
1814 3037 1848 3059 v.
