2023 3350
689 133 923 166 AENEIDOS
951 135 1038 166 L1B.
1065 134 1127 166 XI.

1645 132 1726 172 539

85 249 274 293 Arcades
311 247 367 291 ad
407 250 557 301 portas
598 261 745 299 ruere,
782 251 824 290 et
862 247 916 290 de
953 262 1071 291 more
1110 250 1281 291 vetusto

85 309 298 350 Funereas
334 318 514 359 rapuere
552 304 684 353 faces:
725 305 842 347 lucet
876 306 945 348 via
977 307 1104 360 longo

88 364 248 408 Ordine
284 363 551 406 flammarum
586 367 629 405 et
665 364 753 406 late
790 363 1060 406 discriminat
1094 378 1234 418 agros.

88 423 249 466 Contra
282 420 411 463 turba
447 421 665 475 Phrygum
701 422 872 464 veniens
908 423 1157 476 plangentia
1188 422 1371 475 iungunt

338 479 454 529 Quae
491 483 722 533 postquam
759 484 919 522 matres
956 481 1184 522 succedere
1222 479 1349 521 tectis

85 480 278 534 Agmina.

1648 422 1728 461 145

85 538 311 587 Viderunt,
346 539 555 579 maestam
593 537 827 579 incendunt
866 538 1125 580 clamoribus
1159 537 1321 579 urbem.

83 597 141 637 At
174 607 259 636 non
299 593 550 636 Euandrum
585 596 702 650 potis
736 599 778 638 et
815 595 877 638 vis
914 596 1005 638 ulla
1044 600 1209 647 tenere3
1578 596 1597 621 s

83 651 166 695 Sed
196 651 312 693 venit
350 652 394 693 in
428 653 606 695 medios.

666 654 843 696 Feretro
883 654 1081 696 Pallanta
1117 656 1291 707 reposto

82 708 319 752 Procubuit
351 724 497 765 super,
538 716 671 765 atque
711 712 862 753 haeret
901 712 1219 764 lacrimansque
1256 721 1527 764 gemensque,

1649 710 1729 748 150

82 768 138 809 Et
171 767 242 809 via
275 767 346 808 vix
385 769 560 812 tandem
597 770 712 811 vocis
748 770 897 812 laxata
936 770 1085 812 dolore
1115 773 1204 811 est:

81 826 178 867 Non
209 825 333 876 haec,
374 840 398 868 o
433 828 573 879 Palla,
610 827 791 870 dederas
830 829 1044 881 promissa
1080 826 1261 882 parenti.

82 882 261 926 Cautius
299 887 349 924 ut
384 899 511 927 saevo
550 885 680 928 velles
719 889 763 928 te
795 885 969 928 credere
1000 885 1151 928 Marti!

127 1046 204 1078 142.
229 1055 347 1078 ruere:
372 1051 406 1077 Et
433 1052 567 1079 verbum
588 1050 695 1085 ipsum
722 1055 752 1080 et
774 1050 880 1079 infini-

81 1095 142 1124 tivi
178 1095 281 1124 forma
310 1096 418 1132 signat
452 1096 701 1126 festinationem.
742 1112 779 1116 —
808 1098 879 1125 An-

80 1142 180 1176 tiquis
221 1146 328 1169 autem
373 1143 569 1176 temporibus
604 1144 743 1172 Romani
784 1147 879 1172 noctu

80 1187 208 1216 facibus
239 1188 454 1222 sepeliebant,
500 1197 539 1217 ne
571 1188 670 1217 funus
701 1193 879 1218 occurreret

80 1233 325 1269 magistratibus
365 1238 419 1262 aut
462 1236 699 1272 sacerdotibus,
750 1235 804 1270 qui
842 1243 879 1263 eo

79 1282 277 1314 putabantur
317 1279 447 1308 violari.
497 1281 602 1315 Quare
637 1282 735 1310 etiam
777 1284 879 1315 erant,

79 1326 135 1360 qui
155 1324 271 1362 simus
293 1332 312 1353 a
335 1323 526 1363 funalibus*
560 1327 722 1363 candelis,
763 1327 878 1362 quibus

80 1371 345 1406 praelucentibus
376 1372 493 1400 mortui
521 1372 747 1407 efferebantur,
782 1374 880 1401 dedu-

79 1421 195 1446 cerent.
246 1419 365 1446 Postea
390 1426 487 1452 quum
513 1420 585 1448 luce
609 1419 796 1455 efferebant,
829 1423 879 1446 ta-

79 1472 152 1493 men
184 1463 274 1493 faces
306 1464 538 1498 praeferebant.
575 1480 612 1484 —
657 1466 794 1493 Obviam
820 1471 879 1493 au-

78 1514 141 1538 tem
176 1511 350 1545 procedunt
380 1509 521 1544 facibus,
562 1515 595 1539 ut
629 1519 701 1540 cum
726 1510 881 1539 Troianis

79 1556 114 1585 in
148 1558 259 1585 urbem
288 1557 430 1585 redeant.
478 1557 531 1585 Ad
562 1565 629 1586 rem
661 1560 690 1585 h.
717 1558 738 1585 l.
765 1564 879 1585 narra-

79 1606 146 1631 tam
182 1602 221 1632 cf.
255 1609 338 1637 quae
375 1602 409 1630 in
446 1603 637 1632 Servianis:
687 1603 813 1639 „Varro
850 1607 881 1632 et

78 1648 216 1678 Verrius
241 1649 381 1678 Flaccus
404 1648 529 1677 dicunt:
571 1649 605 1677 Si
625 1649 710 1678 filius
735 1649 880 1678 familias

79 1698 172 1724 extra
215 1697 327 1724 urbem
372 1695 526 1733 decessit,
571 1696 681 1724 liberti
720 1695 880 1730 amicique

79 1740 212 1769 obviam
238 1741 427 1777 procedunt,
462 1745 493 1769 et
526 1744 586 1770 sub
622 1745 744 1770 noctem
770 1742 802 1770 in
825 1749 880 1770 ur-

79 1789 152 1815 bem
173 1786 310 1815 infertur
336 1787 369 1815 in
400 1787 503 1815 cereis
529 1787 657 1817 facibus
688 1789 880 1821 praelucen-

80 1833 179 1868 tibus,
203 1833 244 1861 ad
264 1833 357 1861 cuius
376 1833 551 1867 exsequias
565 1841 657 1861 nemo
673 1830 880 1869 rogabatur.“

84 1893 123 1898 —
148 1885 247 1906 ruere
274 1880 305 1907 ct
335 1886 505 1916 rapuere:
552 1880 640 1913 Quod
672 1880 712 1907 ad
739 1877 778 1912 S,
816 1877 878 1906 125

81 1928 225 1953 notatum
248 1928 307 1957 est,
333 1928 419 1958 patet
442 1924 556 1958 latius,
581 1928 610 1953 et
624 1928 725 1959 potest
743 1927 880 1954 alterum

80 1970 284 1999 enuntiatum
324 1969 398 1998 addi
433 1971 499 1999 alio
530 1975 679 2005 tempore.
729 1971 783 2000 Sic
820 1973 880 2000 hoc

80 2018 151 2045 loco
177 2018 208 2045 et
233 2023 381 2055 rapuere
408 2020 455 2044 est
478 2017 708 2046 secundarium
746 2021 775 2045 et
801 2021 879 2045 tem-

80 2071 158 2098 pore
184 2062 273 2097 prius
298 2068 395 2096 quam
420 2070 529 2091 ruere.
566 2064 679 2097 Itaque
705 2063 752 2092 sic
775 2063 882 2098 expli-

82 2108 189 2138 cabis:
216 2109 327 2136 Ruunt
349 2108 451 2143 raptis
476 2108 614 2137 facibus.

128 2163 204 2194 145.
235 2163 390 2204 iungunt
408 2167 461 2193 Mb
487 2175 549 2195 rec.
568 2162 632 2194 Ld.
653 2162 771 2204 iungit
788 2167 884 2204 PRyc

81 2221 141 2242 rec.
159 2210 243 2252 Wg.
257 2208 320 2240 Rb.
344 2212 453 2240 Turba
470 2209 637 2248 Phrygum
654 2212 800 2248 adiungit
821 2212 884 2241 sibi

82 2259 156 2288 sive
177 2266 212 2287 se
229 2259 268 2287 ad
289 2257 423 2293 agmina
439 2258 478 2287 cf.
506 2256 536 2291 2,
563 2256 639 2287 267.
675 2255 790 2286 'I'urba
816 2260 883 2288 col-

81 2305 238 2334 lectivum
261 2304 368 2333 addito
394 2305 540 2340 genitivo
556 2304 678 2339 plurali
705 2301 882 2343 Phrygum

82 2351 180 2380 facile
204 2351 343 2379 assumit
369 2352 530 2385 pluralem
554 2350 613 2385 (cf.
636 2348 664 2387 l,
683 2348 781 2386 212).
799 2351 882 2385 quod

83 2397 220 2426 affirmat
239 2394 303 2431 Lsl,
323 2404 425 2431 neque
443 2397 478 2425 in
503 2405 540 2426 eo
564 2397 714 2426 haesisse
733 2397 883 2425 videntur

84 2440 149 2472 Rb.
173 2447 200 2471 et
233 2439 281 2470 W
310 2463 318 2478 ‚
341 2443 398 2470 sed
420 2445 503 2478 quod
530 2448 601 2478 post
634 2440 810 2482 Phrygum
835 2444 884 2471 le-

83 2489 168 2526 gitur
204 2487 384 2524 singularis
426 2487 578 2518 veniens.
638 2490 759 2518 Tamen
799 2489 882 2524 quod

83 2537 178 2563 turba
208 2534 395 2569 adiungitur
421 2536 462 2563 ad
493 2536 626 2572 agmina
655 2537 766 2571 plura,
810 2535 884 2570 ipsa

84 2581 264 2615 dissipatur
289 2579 324 2607 in
353 2585 462 2614 partes
493 2579 623 2618 plures,
661 2585 693 2610 ut
729 2578 884 2619 pluralis

83 2626 177 2656 verbi
205 2626 392 2655 defendatur
425 2627 464 2656 cf.
491 2629 543 2656 Gr.
572 2629 604 2664 ς.
628 2625 693 2655 242
715 2627 778 2655 An.
816 2628 883 2656 Res

84 2676 193 2702 tamen
217 2674 278 2700 hoc
307 2672 377 2700 loco
413 2674 583 2703 admodum
612 2673 749 2703 lubrica.
798 2676 882 2702 Nam

85 2717 241 2760 iungunt
257 2716 337 2746 oriri
357 2720 458 2752 potuit
482 2727 523 2748 ex
545 2722 692 2755 proximo
711 2717 883 2761 agmina,-

85 2767 142 2795 sed
187 2772 284 2800 quum
322 2763 356 2790 'ln
393 2766 428 2793 P.
462 2767 564 2795 multa
607 2767 709 2795 insint
747 2769 882 2798 mutata,

84 2808 205 2851 iungit
232 2811 359 2839 videtur
382 2810 509 2839 illatum
535 2820 619 2843 esse.
640 2821 681 2841 ne
707 2812 780 2847 quis
805 2809 882 2840 iun-

84 2859 177 2899 gunt
201 2858 242 2886 ad
267 2853 418 2896 agmina
441 2861 568 2892 putaret
594 2858 760 2893 pertinere.

132 2910 209 2943 146.
235 2911 417 2943 succedere
442 2910 552 2943 tectis.
574 2917 685 2944 urbem
707 2915 837 2944 intrare.

133 2957 208 2989 147.
236 2958 424 2989 incendunt
450 2956 662 2989 clamoribus
694 2958 809 2990 urbem
845 2960 884 2990 cf.

88 3005 120 3038 5,
142 3005 218 3035 455.

137 3049 210 3081 149.
242 3049 408 3081 Pallanta
434 3049 488 3080 ³12
515 3060 576 3081 rec.
598 3048 682 3092 Wg.
714 3048 776 3100 Rb-
807 3048 888 3080 Pal-

929 1048 1025 1079 lante
1048 1046 1225 1089 MlPRybc
1248 1053 1277 1078 et
1303 1049 1335 1076 S.
1355 1055 1397 1076 ex
1422 1044 1568 1082 proximo
1593 1045 1732 1083 reposto

930 1102 1041 1126 natum
1080 1096 1210 1125 videtur
1239 1102 1322 1124 esse.
1376 1091 1490 1131 Super
1516 1096 1544 1119 et
1568 1099 1641 1119 cum
1662 1097 1730 1118 acc.

930 1147 958 1172 et
984 1151 1056 1172 cum
1083 1143 1147 1171 abl.
1171 1145 1202 1170 h.
1233 1143 1255 1169 l.
1284 1144 1368 1169 recte
1395 1138 1487 1174 iungi
1511 1138 1602 1165 docet.
1626 1138 1677 1165 Gr.
1697 1135 1729 1169 S.

927 1186 1005 1217 357.
1061 1204 1098 1208 —
1154 1186 1268 1226 Super
1294 1188 1389 1222 longe
1417 1183 1630 1219 postpositum
1653 1183 1731 1210 sub-

931 1235 1073 1264 stantivo
1099 1238 1130 1262 ut
1159 1242 1192 1262 v.
1219 1230 1295 1261 509.

976 1300 1050 1332 151.
1079 1300 1173 1331 vocis
1212 1303 1291 1340 RPy
1330 1308 1392 1329 rec.
1434 1295 1490 1327 Jh.
1531 1293 1730 1333 „COCES

926 1347 975 1378 Ml
999 1350 1055 1377 sed
1083 1346 1113 1377 E
1138 1352 1313 1377 correctum
1338 1346 1371 1374 in
1403 1344 1438 1373 1⁶⁴
1465 1344 1568 1379 (quod
1595 1346 1731 1372 testatur

934 1393 1018 1435 Wg.
1030 1400 1058 1424 et
1072 1392 1337 1430 Ro.)„sautem
1360 1389 1550 1425 transfixa“,
1564 1388 1666 1423 [quod
1685 1392 1731 1416 te-

926 1433 1031 1470 statur
1059 1438 1166 1480 Wg.)
1187 1444 1215 1468 et
1237 1435 1311 1467 voci
1335 1446 1398 1466 rec.
1426 1434 1510 1475 Wg.
1542 1433 1606 1469 Πὸ,
1629 1438 1657 1463 et
1681 1437 1729 1462 est

926 1488 961 1516 in
986 1489 1022 1520 P.
1064 1491 1098 1515 ut
1129 1483 1213 1526 Wg.
1239 1488 1350 1514 auctor
1378 1487 1437 1518 est,
1469 1483 1502 1510 in
1537 1489 1598 1516 quo
1637 1477 1731 1508 vocis

926 1543 1000 1563 esse
1024 1534 1101 1563 dicit
1122 1529 1183 1561 Rb.
1203 1532 1379 1565 Utrumque
1405 1533 1491 1557 stare
1512 1530 1625 1563 potest.
1646 1527 1730 1554 Prae

928 1582 1048 1612 dolore,
1080 1579 1135 1615 qui
1162 1578 1215 1606 diu
1235 1585 1347 1606 vocem
1365 1574 1557 1610 suppressit,
1583 1573 1643 1602 vix
1658 1572 1730 1601 eius

928 1629 983 1656 vel
1026 1627 1056 1655 ei
1091 1626 1152 1654 via
1190 1626 1331 1653 laxatur.
1386 1619 1445 1650 Hs.
1471 1621 1554 1650 coni.
1586 1616 1680 1648 vocis
1708 1615 1730 1646 l.

928 1670 1060 1707 dolori,
1093 1669 1147 1700 Pl:
1178 1668 1224 1699 Et
1252 1678 1315 1698 sua
1339 1665 1397 1697 vix
1424 1664 1564 1696 tandem
1593 1673 1658 1694 vox
1682 1666 1733 1692 est

929 1716 950 1748 l.
976 1715 1099 1747 dolori.

977 1784 1052 1816 152.
1081 1785 1231 1822 speravit
1255 1785 1388 1819 Pallas,
1420 1789 1456 1810 se
1482 1779 1612 1816 magnis
1634 1779 1730 1807 rebus

928 1834 1031 1870 gestis
1071 1834 1265 1865 rediturum,
1315 1829 1410 1863 idque
1449 1826 1534 1862 patri
1572 1824 1656 1853 tristi
1700 1826 1731 1852 et

929 1880 1039 1908 omnia
1064 1879 1188 1908 timenti
1212 1876 1441 1906 affirmaverat.
1478 1869 1541 1901 Rb.
1568 1874 1637 1905 post
1663 1877 1731 1908 pa-

928 1923 1020 1955 renti
1043 1932 1167 1954 comma
1189 1923 1312 1959 posuit,
1343 1924 1376 1949 ut
1400 1925 1540 1953 sequens
1564 1923 1684 1945 versus
1710 1922 1731 1943 a

928 1969 1076 2001 dederas
1101 1967 1276 2010 promissa
1305 1967 1452 2003 pendeat,
1487 1972 1531 1993 sc.
1557 1963 1673 1991 Pallas
1698 1961 1732 1989 in

927 2020 1048 2047 bellum
1077 2019 1183 2046 iturus
1206 2015 1290 2051 patri
1322 2012 1395 2042 forti
1426 2009 1579 2046 promittit
1601 2017 1637 2037 se
1659 2008 1730 2036 evi-

929 2069 1071 2093 taturum
1107 2071 1200 2092 omne
1237 2057 1435 2096 periculum!
1484 2058 1528 2084 Er
1552 2056 1652 2083 wolle
1676 2054 1730 2082 ein

930 2111 1077 2140 Drt'icker
1100 2110 1245 2138 werden.
1295 2105 1388 2140 ..Ani
1419 2111 1482 2131 non
1506 2097 1647 2141 parenti
1673 2100 1729 2128 sed

930 2154 1063 2196 petenti
1086 2154 1216 2192 legunt‘'
1246 2155 1277 2181 S.
1301 2153 1335 2181 iu
1358 2150 1437 2184 aliqt
1461 2148 1556 2186 „sine
1581 2148 1651 2195 ulla
1670 2147 1729 2174 du-

929 2203 1086 2231 bitatione
1120 2201 1354 2231 restituendum
1386 2199 1436 2225 est
1466 2191 1621 2233 petentz“
1660 2189 1729 2220 Mu.

929 2249 1016 2278 Adv.
1034 2249 1086 2277 Cr.
1101 2246 1132 2284 2,
1148 2256 1177 2282 p.
1203 2245 1256 2274 30.
1301 2238 1435 2272 Petenti
1457 2242 1497 2269 ab
1521 2240 1563 2267 iis
1582 2237 1731 2273 proposi-

930 2299 997 2324 tum
1017 2299 1077 2331 est,
1111 2294 1166 2329 qni
1188 2294 1225 2322 ut
1254 2287 1361 2320 velles
1379 2294 1451 2317 cum
1477 2285 1649 2333 prioribus·
1665 2291 1729 2311 non

929 2342 1013 2370 satis
1037 2343 1210 2370 cohaerere
1242 2339 1399 2373 putarent.
1449 2334 1557 2366 Neque
1582 2327 1647 2358 αΙιι
1682 2326 1731 2378 Ie·-

930 2389 1022 2427 gunt
1044 2388 1133 2416 aliud
1156 2385 1292 2415 arbitror
1314 2379 1508 2417 significare,
1530 2383 1635 2426 ‘quam
1663 2371 1730 2403 aliz

930 2430 1052 2462 volunt
1079 2429 1164 2472 legi.
1216 2427 1268 2459 Pl.
1297 2430 1348 2457 dat
1375 2425 1552 2465 precanti,
1583 2422 1664 2456 quod
1689 2421 1730 2449 ad

928 2476 1071 2518 parenti
1096 2478 1229 2515 propius
1255 2475 1395 2504 accedat.
1433 2471 1494 2499 Sed
1517 2473 1550 2497 ut
1574 2467 1730 2519 diximus,

930 2525 958 2554 si
984 2522 1143 2563 precanti
1171 2527 1225 2552 aut
1260 2515 1392 2560 petenti
1425 2524 1444 2545 a
1476 2514 1616 2563 Vir-gilio
1649 2521 1731 2542 scri-

930 2575 1016 2606 ptum
1037 2570 1168 2605 fuisset,
1210 2575 1303 2596 nemo
1335 2566 1368 2594 in
1396 2562 1537 2602 parente
1562 2562 1729 2608 mutasset.

930 2617 1005 2646 Noli
1028 2620 1136 2645 autem
1159 2616 1292 2650 iungere
1314 2607 1462 2638 dederas
1481 2613 1654 2645 promessa
1682 2606 1731 2641 ut,

930 2663 991 2693 etsi
1029 2670 1080 2697 ap.
1108 2664 1185 2696 Nep.
1212 2661 1282 2688 Dat.
1314 2655 1352 2685 10
1382 2649 1583 2694 promittere
1627 2651 1665 2679 ut
1698 2651 1731 2678 in

929 2712 1010 2738 Mss.
1042 2709 1165 2743 aliquot
1189 2706 1306 2740 legitur
1329 2707 1358 2731 et
1378 2698 1509 2733 scripsit
1534 2697 1671 2726 Servius
1689 2698 1730 2725 ad

930 2753 966 2791 9,
992 2752 1075 2789 282,
1116 2753 1170 2788 qui
1201 2756 1307 2780 tamen
1334 2747 1414 2776 illud
1438 2746 1493 2778 ut,
1536 2752 1599 2772 non
1624 2743 1730 2779 magis

928 2808 1001 2830 cum
1022 2797 1188 2839 promitto
1212 2805 1309 2832 quam
1337 2801 1410 2824 cum
1427 2790 1537 2820 addita
1551 2797 1631 2819 voce
1654 2791 1732 2818 tan-

927 2849 1001 2876 tum
1025 2845 1176 2874 iunxisse
1198 2843 1341 2874 videtur.

977 2911 1054 2941 153.
1090 2910 1133 2941 Ut
1170 2913 1311 2947 optantis
1340 2917 1404 2950 est,
1436 2913 1485 2942 sic
1511 2906 1569 2945 10,
1610 2904 1670 2935 631
1701 2911 1731 2936 et

931 2959 1162 2988 Terentianum
1180 2959 1261 2987 illud
1284 2961 1323 2988 ut
1349 2961 1381 2988 te
1397 2956 1449 2987 dii
1463 2955 1628 2997 perdant.
1652 2956 1730 2983 dass

933 3006 1006 3035 dich
1039 3005 1089 3033 die
1125 3006 1212 3033 Pest.
1246 3007 1326 3034 Eun.
1358 3003 1389 3042 2,
1418 3003 1450 3043 3,
1480 3002 1531 3033 10.
1555 3002 1671 3032 Heaut.
1698 2999 1730 3039 4,

935 3051 965 3088 ti,
992 3049 1022 3080 6.
1054 3047 1189 3080 Phorm.
1215 3048 1246 3089 4,
1272 3048 1303 3089 4,
1329 3049 1359 3080 6.
