2023 3350
859 141 895 173 Ρ.
923 138 1119 172 vtRfflLn
1157 137 1367 171 MARONIS

291 150 376 190 418

406 256 523 297 Haec
557 253 631 295 ubi
662 252 781 294 dicta
814 251 954 301 dedit,
992 250 1101 292 solio
1134 263 1179 291 se
1215 250 1330 291 tollit
1366 249 1422 290 ab
1457 248 1572 300 alt03

294 316 350 357 Et
382 314 568 366 primum
602 309 824 351 Herculeis
859 308 1022 361 sopitas
1062 307 1235 360 ignibus
1267 320 1368 348 aras

295 371 490 420 Excitat,
527 368 862 419 hesternumque
898 366 1055 406 Larem
1091 377 1334 417 parvosque
1370 363 1552 403 Penates

296 430 454 469 Laetus
489 425 599 476 adit3
636 427 830 465 mactant
869 422 1004 463 lectas
1045 420 1097 462 de
1133 434 1253 462 more
1282 420 1480 462 bidentes

297 483 527 526 Euandrus
563 482 755 536 pariter,
788 480 952 535 pariter
993 479 1181 520 Troiana
1218 478 1428 518 iuventus.

297 542 400 583 Post
439 539 539 581 hinc
579 538 635 580 ad
669 552 797 579 naves
837 537 1054 590 graditur,
1093 535 1319 587 sociosque
1356 534 1521 575 revisit:

299 599 490 649 Quorum
526 596 577 637 de
609 609 786 636 numero
824 594 897 647 qui
937 607 1030 635 sese
1069 593 1114 633 in
1153 592 1267 633 bella
1301 596 1538 644 sequantur

298 656 575 697 Praestantes
614 653 774 693 virtute
810 651 936 704 legit3
973 664 1075 704 pars
1114 653 1259 690 cetera
1290 662 1430 702 prona

299 713 456 754 Fertur
490 724 604 764 aqua
642 709 870 762 segnisque
905 707 1092 749 seeundo
1134 706 1283 747 defluit
1317 706 1444 755 amni,

300 769 465 811 Nuntia
495 771 677 809 ventura
712 766 898 807 Ascanio
935 777 1163 816 rerumque
1196 763 1432 816 patrisque.

301 827 472 868 Dantur
509 825 609 877 equi
643 823 818 864 Teucris
857 821 1078 875 Tyrrhena
1114 819 1359 874 petent-ibus
1396 833 1521 860 arva:

302 884 479 925 Ducunt
520 884 736 923 exsortem
770 881 960 930 Aeneae3
997 892 1123 932 quem
1164 877 1280 918 fulva
1311 878 1445 918 leonis

302 940 431 982 Pellis
469 938 561 980 obit
602 941 764 988 totum,
803 937 1078 990 praefulgens
1117 934 1332 988 unguibus
1369 933 1511 975 aureis

417 997 552 1038 Fama
588 995 706 1036 volat
746 1008 925 1048 parvam
964 993 1107 1034 subito
1148 992 1322 1045 volgata
1360 1005 1437 1044 per
1472 989 1636 1039 urbem,

1864 476 1946 516 545

1866 764 1949 803 550

306 1054 435 1095 Ocius
471 1053 535 1094 ire
569 1053 734 1106 equites
772 1051 980 1106 Tyrrheni
1017 1050 1073 1092 ad
1107 1050 1240 1091 litora
1276 1050 1401 1102 regis.

307 1182 514 1214 541—553.
562 1180 700 1212 Aeneas
727 1180 831 1212 Caere
860 1178 1105 1221 proficiscitur.

352 1240 428 1268 541.
455 1237 551 1269 dicta
578 1235 674 1267 dedit
698 1238 738 1266 cf.
771 1237 800 1273 1,
826 1236 880 1265 63.
896 1253 939 1256 —
956 1235 1042 1265 solio
1065 1234 1107 1265 ab

308 1283 399 1322 utto,
428 1290 457 1313 ut
482 1285 521 1320 2,
551 1284 584 1313 2.
639 1283 693 1319 11,
722 1282 797 1311 301.
848 1284 971 1311 Solium
997 1287 1104 1310 autem

308 1336 339 1360 ut
361 1331 413 1359 liis
443 1330 538 1365 iocis,
562 1330 607 1358 ita
633 1330 770 1363 saepius
800 1328 910 1362 regiae
940 1328 1107 1362 dignitatis

309 1378 439 1411 signum
458 1375 498 1404 cf.
524 1375 549 1411 Ι,
574 1374 650 1402 506.
687 1373 717 1405 6,
740 1373 817 1402 396.
868 1373 898 1410 7,
930 1373 1004 1401 163.
1056 1372 1106 1408 to,

307 1420 386 1450 825.
439 1417 573 1449 Solium
604 1416 695 1447 Iovis
721 1420 797 1447 Hor.
824 1421 881 1453 Ep.
914 1418 939 1454 Ι,
970 1417 1019 1453 17,
1052 1415 1106 1446 34.

354 1464 431 1494 542.
455 1467 574 1494 Iterum
606 1469 742 1499 accepto
773 1466 907 1492 oraculo
939 1463 1107 1492 sacrifica-

310 1515 361 1540 tur
384 1511 424 1539 cf.
450 1510 488 1547 3,
524 1509 594 1538 177.
617 1525 662 1529 -
687 1506 835 1548 Ignibus
859 1506 993 1548 sopitae
1023 1516 1109 1537 arae

311 1561 389 1586 sunt.
417 1555 546 1584 defectu
578 1555 716 1590 ignium3
756 1555 811 1589 qui
848 1562 946 1588 quum
977 1555 1108 1589 adsunt,

311 1602 450 1636 vigilare
478 1601 606 1628 videtur
629 1607 697 1629 ara.
746 1601 793 1628 De
818 1607 858 1628 ea
875 1605 1039 1629 structura
1067 1598 1107 1627 cf.

311 1646 348 1683 3,
376 1647 428 1674 70.
454 1661 499 1664 -
522 1646 612 1680 ignis
640 1650 748 1674 autem
774 1646 904 1679 sopitus
935 1646 1051 1673 dicitur
1077 1651 1109 1672 v.

311 1691 388 1721 410.
414 1705 461 1711 --
494 1691 645 1719 Herculis
675 1697 733 1719 ara
763 1694 830 1718 erat
862 1691 894 1719 in
926 1692 999 1719 luco
1035 1694 1110 1718 unte

312 1739 435 1766 urbem.
484 1738 576 1765 Nunc
603 1740 710 1764 autern
733 1735 764 1763 in
791 1736 927 1764 aedibus
943 1735 1113 1764 sacrifica-

312 1787 381 1817 ιιιι·;
406 1782 516 1815 itaque
539 1788 593 1809 res
617 1782 712 1808 modo
733 1781 783 1808 sic
800 1782 981 1817 expeditur,
1007 1785 1038 1809 ut
1065 1780 1113 1808 di-

313 1834 428 1856 camus
456 1826 553 1855 etiam
584 1826 670 1854 domi
694 1832 784 1854 aram
814 1826 920 1855 fuisse
947 1825 1110 1859 Herculis,

312 1873 344 1902 in
376 1879 481 1907 eaque
516 1879 582 1900 non
607 1871 716 1900 minus
749 1878 846 1905 quam
877 1873 908 1900 in
936 1874 1010 1900 luco
1051 1878 1108 1900 sa-

313 1925 403 1946 crum
424 1925 502 1946 esse
524 1917 656 1945 factum.
683 1918 767 1950 quod
789 1918 865 1946 silet
887 1919 958 1951 Vgt.
1008 1919 1109 1945 Tac-et

313 1964 409 1991 etiam
437 1964 476 1990 de
500 1962 662 1991 sacrificio
681 1962 755 1990 Lari
783 1962 886 1996 facto,
913 1969 1110 1996 quamquam

313 2011 376 2036 hoc
402 2008 501 2036 facile
525 2007 722 2041 intelligitur.
772 2010 844 2035 Mos
864 2008 948 2035 enim
975 2012 1056 2043 erat,
1082 2007 1110 2035 si

315 2053 463 2087 hospites
491 2054 620 2080 domum
647 2053 811 2085 adissent,
842 2049 985 2081 Laribus
1015 2059 1113 2081 sacra

315 2098 383 2127 fieri
412 2097 447 2134 l,
469 2096 546 2125 632.
597 2099 631 2125 Et
654 2098 773 2132 quovis
800 2105 898 2126 sacro
927 2098 999 2127 aliis
1027 2098 1113 2126 facto

314 2145 381 2172 Lar
406 2144 492 2172 dona
513 2143 652 2177 accepit,
678 2143 729 2171 cui
753 2143 840 2178 ignis
869 2144 901 2172 in
922 2144 996 2172 foco
1018 2151 1116 2172 sacer

316 2193 396 2217 erat.
446 2189 554 2223 Quare
579 2196 644 2216 non
665 2190 748 2216 male
770 2190 922 2217 Herculei
949 2190 1044 2224 ignes
1066 2190 1115 2217 di—

316 2238 450 2270 cuntur,
483 2233 536 2268 qui
561 2233 593 2262 in
616 2235 769 2262 Herculis
796 2242 894 2263 sacro
920 2240 949 2262 et
974 2242 1030 2263 ara
1058 2242 1115 2262 ac-

315 2280 508 2308 cenduntur.
559 2275 702 2307 Herccis
736 2280 874 2308 coniecit
909 2276 994 2316 Hn.,
1029 2280 1116 2314 quod

316 2324 414 2353 facile
439 2327 513 2358 post
538 2328 718 2352 memorata
742 2325 894 2353 Herculis
926 2332 1024 2354 sacra
1056 2333 1117 2360 po-

317 2370 373 2398 tuit
399 2369 532 2403 mutari,
564 2373 595 2397 et
629 2371 713 2404 apud
740 2372 888 2399 Graecos
914 2371 1005 2399 lovis
1034 2372 1116 2398 Her-

317 2415 369 2444 cei
391 2415 424 2443 in
447 2415 597 2442 domibus
625 2421 703 2442 arae
731 2420 833 2443 erant.
881 2415 921 2444 cf.
952 2415 990 2452 2,
1037 2414 1114 2443 512.

318 2460 382 2488 Sed
409 2460 450 2487 ad
476 2461 636 2487 Graecum
661 2467 781 2488 morem
812 2468 877 2489 non
905 2466 981 2489 sunt
1009 2460 1115 2494 Virgi-

318 2505 352 2533 lii
376 2506 479 2533 verba
502 2504 690 2541 formanda,
717 2512 824 2539 neque
849 2513 931 2540 opus
957 2509 1007 2534 est
1033 2513 1114 2534 eon-

317 2550 454 2579 iectura.
506 2546 557 2578 Pl.
584 2550 668 2578 coni.
700 2547 748 2578 E:
776 2548 930 2589 primum
969 2548 1114 2579 cinerem

319 2597 351 2625 et
374 2617 399 2624 ..
427 2596 586 2629 docetque
608 2595 691 2623 locis
714 2594 751 2631 5,
785 2593 861 2623 743.
909 2594 946 2630 8,
979 2594 1046 2624 410
1073 2597 1115 2624 al.

319 2648 423 2676 posse
447 2640 526 2676 dici,
552 2641 638 2674 quod
663 2647 758 2668 nemo
783 2644 891 2674 negat.

362 2694 438 2724 543.
465 2692 731 2735 hesternumque
756 2692 892 2733 Larem,
919 2696 993 2731 „cui
1016 2696 1118 2731 pridie

319 2738 599 2770 sacrificaveratf‘
625 2743 657 2770 S.
706 2740 746 2768 cf.
782 2743 816 2768 E.
842 2740 879 2777 6,
918 2741 956 2769 15
987 2739 1116 2771 hester-

318 2793 384 2814 nus
406 2782 552 2814 Iacchus
575 2786 595 2814 i.
611 2793 639 2814 e.
663 2785 774 2814 vinum
792 2786 863 2814 heri
881 2790 1002 2820 potum.
1054 2788 1115 2816 0v.

319 2832 360 2858 M.
388 2829 421 2868 8,
455 2830 520 2859 641
554 2828 640 2860 Inde
665 2829 748 2869 foco
778 2829 933 2870 tepidum
967 2829 1115 2860 cinerem

319 2872 465 2904 dimovit
511 2877 543 2904 et
589 2874 691 2915 ignes
737 2874 884 2905 suscitat
928 2874 1116 2906 hesternos.

319 2921 414 2955 Pron.
441 2921 469 2955 1,
500 2919 549 2954 15,
574 2920 595 2949 5
627 2919 672 2950 Et
687 2923 785 2961 potes
803 2918 980 2950 hesternos
1003 2920 1117 2951 mani-

319 2962 381 2993 bus
410 2973 611 3004 componere
628 2963 749 2994 crines.
796 2966 836 2995 cf.
864 2965 940 2995 465.
967 2983 1004 2987 —
1030 2975 1117 3006 par-

319 3017 380 3038 vos
407 3007 571 3045 Penates,
597 3015 629 3039 ιιι
655 3011 686 3040 in
715 3018 820 3047 parva
843 3013 948 3041 domo.
997 3014 1115 3042 Larem

1869 1049 1950 1088 555

1153 1187 1184 1210 et
1200 1183 1342 1210 Penates
1357 1182 1401 1210 ita
1421 1181 1510 1216 iungi
1533 1181 1626 1209 docel
1641 1175 1716 1208 Liv.
1739 1178 1769 1216 1,
1784 1177 1829 1207 29
1845 1186 1951 1218 quum

1158 1224 1279 1255 Larem
1309 1235 1350 1255 ac
1381 1224 1544 1262 Penates,
1570 1228 1747 1265 tectaque,
1772 1222 1806 1253 in
1830 1222 1954 1264 quibus

1152 1275 1257 1301 natus
1286 1270 1430 1310 quisque
1456 1270 1694 1310 educatusque
1719 1272 1820 1306 esset,
1847 1267 1954 1298 relin-

1154 1320 1295 1356 quentes*
1321 1315 1464 1345 exirent.

1200 1361 1276 1390 544.
1303 1360 1378 1391 adit
1407 1363 1427 1390 i.
1451 1370 1479 1389 e.
1499 1363 1671 1396 precando
1695 1365 1724 1388 et
1752 1361 1952 1389 venerando.

1155 1409 1222 1437 Cic.
1257 1409 1358 1441 Legg,
1390 1406 1430 1443 2,
1477 1405 1534 1443 10,
1574 1405 1619 1436 24
1648 1404 1752 1435 Caste
1783 1403 1876 1435 iubet
1899 1402 1954 1434 lea·

1155 1451 1256 1482 adire
1285 1451 1332 1481 ad
1363 1449 1454 1481 deos.
1484 1467 1529 1472 —
1561 1450 1670 1481 lectos
1701 1449 1744 1480 de
1770 1459 1866 1480 more
1904 1448 1955 1480 bi-

1156 1497 1294 1527 dentes:
1337 1499 1422 1526 Idem
1448 1499 1568 1533 legitur
1594 1496 1632 1533 4,
1661 1497 1716 1526 57.
1764 1497 1796 1534 5,
1820 1495 1875 1526 96.
1921 1495 1954 1534 6,

1155 1542 1209 1572 39.
1260 1542 1288 1577 7,
1316 1543 1371 1572 93.
1396 1548 1426 1571 et
1451 1541 1571 1572 bidens
1593 1542 1645 1578 12,
1673 1542 1748 1571 170.
1796 1539 1955 1579 „niden-

1156 1591 1206 1618 tes
1236 1596 1319 1617 oves
1360 1593 1434 1617 sunt
1468 1589 1557 1617 circa
1586 1589 1760 1625 bimatum,
1795 1589 1955 1616 habentes

1156 1636 1240 1663 duos
1266 1635 1381 1662 dentes
1402 1634 1647 1669 eminentiores,
1674 1640 1758 1668 quae
1779 1638 1869 1662 erant
1895 1639 1956 1668 ap-

1157 1685 1209 1708 tae
1251 1679 1459 1708 sacrificiisf'*
1502 1682 1534 1708 S.
1584 1680 1676 1708 Adde
1714 1680 1795 1708 Geli.
1839 1678 1894 1716 16,
1933 1678 1955 1706 6

1158 1746 1176 1761 ,,
1189 1722 1312 1753 Lectae
1330 1727 1464 1753 verbum
1482 1729 1531 1753 est
1547 1726 1756 1754 sacerdotate
1771 1725 1812 1752 de
1824 1725 1955 1760 ovibus,

1159 1777 1242 1804 quas
1269 1770 1330 1798 diis
1356 1776 1500 1799 mactare
1529 1770 1580 1799 fas
1607 1775 1675 1802 est:
1717 1770 1760 1798 ita
1786 1770 1956 1798 dicebatur

1157 1823 1284 1855 porcus
1308 1813 1466 1853 esimius,
1500 1812 1559 1844 bos
1588 1812 1955 1856 egregins.“—mac-

1157 1864 1233 1890 tare
1253 1860 1293 1889 cf.
1319 1858 1357 1897 4,
1384 1860 1438 1889 57.

1203 1915 1281 1945 547.
1307 1914 1341 1944 in
1373 1913 1465 1946 bella
1490 1918 1692 1956 sequantur,
1718 1923 1802 1951 uuae
1828 1915 1957 1951 possint

1158 1962 1327 1997 ingruere;
1360 1969 1434 1991 nam
1461 1962 1678 1997 proficiscitur
1704 1964 1744 1991 ad
1772 1965 1956 1991 Tuscorum

1160 2013 1282 2041 castra,
1300 2015 1435 2041 quorum
1455 2010 1522 2036 dux
1538 2008 1607 2036 fore
1627 2008 1724 2042 cupit.
1774 2009 1956 2036 Praestan-

1158 2053 1306 2081 tissimos
1346 2054 1453 2089 eligit,
1497 2054 1642 2088 reliquos
1681 2061 1754 2082 cum
1790 2054 1869 2082 navi
1916 2053 1956 2081 ad

1158 2099 1359 2135 Ascanium,
1383 2099 1436 2133 qui
1459 2099 1492 2127 in
1516 2099 1636 2128 castris
1663 2103 1877 2132 remanserat,
1899 2099 1958 2126 de-

1161 2144 1237 2171 veni
1262 2149 1290 2171 et
1318 2145 1391 2178 quid
1424 2145 1495 2179 ipse
1534 2145 1634 2179 egerit
1668 2149 1697 2172 et
1725 2144 1778 2172 ubi
1814 2144 1855 2172 sit
1880 2151 1957 2172 nar-

1158 2196 1231 2217 rare
1253 2190 1350 2218 iubet.
1399 2191 1511 2219 Habes
1531 2189 1626 2224 igitur
1643 2190 1758 2217 ducem
1775 2190 1957 2223 providum.

1161 2237 1280 2262 Eorum
1306 2238 1414 2263 tamen
1431 2235 1460 2263 in
1480 2235 1695 2269 sequentihus
1713 2236 1804 2263 nulla
1819 2235 1849 2264 fit
1864 2242 1957 2263 men—

1161 2280 1222 2316 tio;
1252 2288 1358 2314 neque
1384 2288 1467 2315 opus
1493 2284 1573 2308 erat.
1623 2281 1775 2309 Attamen
1806 2288 1849 2309 ex
1873 2288 1957 2308 nun-

1160 2325 1221 2361 tio,
1254 2333 1348 2358 quem
1380 2325 1426 2353 illi
1452 2327 1642 2362 attulerant,
1674 2326 1885 2360 perspicuum
1914 2325 1957 2358 stt,

1161 2378 1219 2398 cur
1252 2375 1315 2398 tam
1356 2370 1481 2399 fortiter
1507 2371 1640 2400 Troiani
1675 2372 1862 2400 restiterint.
1892 2371 1953 2400 <cn

1159 2416 1291 2444 Librum
1318 2423 1446 2444 nonum.

1207 2469 1281 2501 549.
1309 2469 1440 2512 segnis,
1468 2473 1745 2501 descendentibus
1772 2472 1858 2501 enim
1882 2473 1959 2502 nul-

1160 2518 1214 2545 lus
1240 2519 1334 2546 labor
1359 2522 1438 2546 erat.
1483 2519 1516 2546 ld
1542 2518 1744 2553 significatur
1764 2525 1876 2547 versu.

1206 2561 1283 2591 551.
1315 2560 1516 2593 Petentibus
1539 2568 1646 2600 recte,
1672 2563 1712 2592 cf.
1735 2562 1812 2592 558.

1208 2606 1285 2636 553.
1310 2607 1427 2647 praef.
1441 2606 1623 2648 unguibus
1634 2605 1753 2638 aureis
1763 2617 1773 2637 .·
1789 2610 1881 2638 Auro
1895 2616 1957 2638 un-

1161 2660 1244 2688 gues
1272 2658 1407 2682 ornatae
1430 2658 1505 2684 sunt
1529 2654 1573 2683 ita
1595 2653 1627 2691 5,
1650 2652 1719 2682 352
1740 2658 1771 2683 et
1798 2661 1848 2688 ap.
1875 2656 1956 2683 Stat.

1161 2701 1262 2727 Theb.
1290 2699 1325 2733 6,
1354 2697 1419 2727 724
1448 2701 1617 2730 extremos
1640 2707 1728 2729 auro
1752 2706 1957 2729 mansueve-

1161 2746 1218 2773 rat
1243 2752 1393 2785 ungues.

1161 2819 1368 2852 554—584.
1417 2818 1577 2851 Evander
1605 2818 1769 2851 ultimum
1794 2818 1880 2851 Vale
1904 2819 1956 2852 di-

1484 2865 1530 2896 cit
1555 2863 1637 2896 filio.

1205 2922 1282 2951 555.
1310 2920 1440 2958 „Ocius
1463 2923 1626 2958 positivus
1652 2922 1808 2957 antiquus
1833 2928 1900 2959 est,
1932 2924 1953 2953 i.

1161 2976 1189 2997 e.
1218 2969 1378 2997 celeriter.
1428 2971 1493 2997 Nec
1518 2968 1603 2996 enim
1629 2972 1736 3002 potest
1759 2976 1838 2997 esse
1863 2976 1955 2999 com-

1161 3014 1351 3049 parativus,
1381 3013 1435 3042 ubi
1459 3014 1549 3042 nulla
1581 3017 1632 3041 est
1661 3014 1902 3049 comparatio.“
1930 3017 1954 3044 S
