2023 3350
9 1888 12 1902 Δ
7 1804 12 1860 ,ὴ
0 1345 11 1798 „murm

4 2607 15 2795 ...η-ὴ.-

730 124 971 158 AENEIDOS
998 127 1085 159 LIB.
1111 127 1169 160 IV.

1688 131 1767 170 195

112 237 192 279 His
231 238 421 280 medium
463 238 592 280 (lictis
626 252 868 281 sermonem
906 238 1148 294 abrumpit,
1188 242 1232 282 et
1265 254 1395 283 auras

111 296 260 350 Aegra
292 296 421 350 fugit,
465 310 595 350 seque
627 310 680 338 ex
717 297 852 339 oculis
891 298 1050 339 avertit
1089 301 1132 339 et
1165 298 1319 351 aufert,

112 353 332 407 Linquens
370 354 508 395 multa
547 357 666 396 metu
706 358 980 397 cunctantem
1019 359 1061 397 et
1095 356 1233 398 multa
1270 359 1499 410 parantem

347 411 597 466 Suscipiunt
633 412 841 466 famulae,
886 413 1166 468 collapsaque
1204 414 1400 456 membra

112 411 279 453 Dicere.

1686 359 1769 399 390

111 468 359 511 Marmoreo
398 470 594 511 referunt
629 470 823 513 thalamo
865 471 1102 525 stratisque
1140 476 1367 525 reponunt.

227 527 285 568 At
323 527 420 581 pius
453 528 642 579 Aeneas,
682 543 947 584 quamquam
985 529 1120 571 lenire
1155 529 1373 572 dolentem

112 583 301 626 solando
339 586 459 640 cupit
496 589 539 628 et
580 586 706 628 dictis
746 590 942 629 avertere
976 600 1103 629 curas

111 642 251 684 Multa
290 657 464 696 gemens
503 658 751 698 magnoque
786 645 976 687 animum
1014 644 1258 687 labefactus
1301 658 1461 696 amore,

1684 646 1767 686 395

110 700 234 742 Iussa
269 704 415 742 tamen
450 701 595 743 divom
633 703 883 756 exsequitur
921 703 1190 757 classemque
1221 703 1381 744 revisit.

110 758 218 799 Tum
254 772 355 801 vero
393 759 546 801 Teucri
580 760 835 802 incumbunt
869 764 912 803 et
946 761 1075 803 litore
1113 760 1250 802 celsas

110 816 340 858 Deducunt
373 820 468 859 toto
503 832 646 860 naves.

707 819 844 861 Natat
878 822 1012 861 uncta
1046 819 1195 860 carina
1209 832 1217 869 ;

110 874 468 928 Frondentesque
498 875 645 918 ferunt
679 890 820 919 remos
856 881 899 919 et
937 876 1099 919 robora
1130 876 1249 917 silvis

109 931 401 984 Infabricata,
439 933 568 987 fugae
604 934 762 976 studio.

1681 934 1766 974 400

109 989 349 1044 Migrantes
388 1005 556 1043 cernaS,
596 994 779 1046 totaque
816 1005 869 1033 ex
906 990 1014 1032 urbe
1049 993 1236 1041 ruentes,

110 1047 173 1089 Ac
209 1048 344 1090 veluti
381 1048 600 1103 ingentem
634 1049 841 1091 formicae
877 1047 1007 1090 farris
1046 1061 1248 1089 acervum

111 1106 251 1156 Quum
286 1106 521 1160 populant,
557 1107 710 1149 hiemis
749 1119 979 1157 memores,
1015 1108 1217 1158 tec-toque
1251 1104 1489 1156 reponunt:

108 1163 150 1204 It
181 1163 353 1218 nigrum
387 1165 550 1218 campis
586 1178 760 1218 agmen,
797 1163 1093 1218 praedamque
1132 1176 1210 1215 per
1247 1159 1405 1202 herbas

112 1221 376 1263 Convectant
407 1222 517 1263 calle
549 1226 756 1276 angusto,

109 1364 150 1392 ad
170 1366 286 1392 Manes
312 1363 365 1398 qui
390 1364 423 1392 in
451 1368 540 1399 parte
562 1366 628 1394 ima
651 1367 746 1398 sunu
775 1364 824 1392 sic
850 1360 912 1392 sub

114 1406 269 1438 'tartara
294 1407 430 1439 mittere
454 1409 531 1439 243.
558 1410 590 1446 8,
605 1409 671 1439 563
686 1414 753 1438 est:
781 1410 811 1438 in
828 1411 911 1438 Tar—

109 1459 181 1484 tara
196 1462 281 1489 quae
297 1455 380 1484 infra
395 1461 481 1485 sunt.
525 1456 579 1485 Sic
594 1453 654 1485 sub
670 1463 698 1485 c.
714 1457 777 1485 abl.
793 1454 824 1490 9,
841 1452 911 1484 244

116 1498 277 1530 fidimus
308 1499 464 1531 obscuris
494 1499 647 1541 primam
673 1498 734 1531 sub
754 1498 910 1530 vallibus

107 1544 237 1584 urbem,
262 1548 370 1577 unlen
392 1544 438 1576 im
461 1545 553 1577 Thal
583 1547 634 1585 11,
655 1546 710 1576 23.
748 1549 784 1576 Ε.
807 1546 836 1584 1,
852 1547 907 1576 57.

108 1593 156 1621 ef.
181 1592 212 1627 6,
237 1591 314 1621 283.
343 1608 388 1612 —
413 1594 516 1622 Simili
541 1595 637 1622 modo
663 1601 717 1629 ap.
744 1594 837 1622 Pind.
858 1594 907 1622 01.

111 1636 167 1675 14,
198 1637 242 1666 29
272 1637 362 1668 fama
399 1641 440 1668 ad
472 1639 597 1669 inferos
629 1639 757 1675 parenti
782 1640 910 1668 nuntiat

105 1684 278 1713 victoriam
305 1684 369 1713 filii.

151 1728 230 1758 388.
255 1727 409 1760 medium
433 1738 623 1760 sermonem
646 1730 687 1759 ef.
714 1739 746 1760 v.
763 1729 842 1759 277.
865 1745 911 1751 —

104 1777 175 1805 Iam
207 1775 320 1805 furore
353 1779 492 1812 abrepta
526 1777 672 1812 decedit,
706 1778 765 1806 sed
799 1777 909 1806 statim

106 1829 180 1851 eam
207 1822 297 1851 vires
323 1823 491 1859 deliciunt,
529 1828 562 1851 ut
587 1822 786 1852 famularum
813 1827 910 1858 egeat

106 1867 243 1897 auxilio.

151 1912 229 1942 390.
262 1909 378 1950 Metu,
417 1921 459 1942 ne
502 1914 609 1949 magis
649 1917 782 1943 moveat
816 1915 909 1950 iram,

106 1961 209 1988 mulla
231 1963 392 1994 removet,
421 1967 506 1994 quae
529 1961 676 1989 dicturus
700 1965 781 1996 erat,
807 1962 909 1989 multa

106 2009 198 2041 parat
224 2005 336 2033 dicere
356 2005 438 2039 alia;
465 2007 524 2034 sed
551 2006 607 2040 qui
629 2006 800 2042 deliberat,
825 2008 910 2034 mul-

106 2056 172 2080 tum
198 2051 392 2085 relinquitur
421 2053 461 2080 ab
493 2059 550 2089 eo,
588 2052 644 2086 qui
675 2052 774 2080 animi
799 2051 909 2080 surore

106 2097 276 2132 abripitur.
293 2112 339 2116 »-
359 2098 538 2136 paranten
571 2094 656 2138 Wg.
683 2094 750 2126 Rb.
789 2095 911 2126 volen-

105 2145 173 2173 tem
204 2139 267 2171 Ld.
295 2144 404 2171 iuss?

150 2187 229 2218 391.
256 2185 414 2228 collapsa
438 2185 615 2223 membr-ru
644 2188 766 2217 collabi
789 2187 821 2225 8,
842 2185 912 2218 584

106 2239 139 2264 ut
165 2231 239 2263 labi
261 2234 292 2269 3,
317 2232 384 2263 309
410 2236 449 2263 de
475 2242 526 2270 eo,
552 2242 648 2269 quem
671 2235 779 2263 subito
801 2235 912 2263 anima

106 2281 229 2317 deficit;
265 2282 304 2309 de
331 2281 546 2309 morientibus
574 2281 636 2309 Ov.
667 2283 708 2308 Μ.
746 2279 804 2318 10,
836 2279 911 2309 186.

110 2326 184 2355 196.
216 2342 262 2346 —-
294 2323 503 2366 suscipiunt.
567 2327 622 2355 Sic
653 2323 829 2366 suscipere
858 2323 912 2355 la-

106 2370 240 2402 bentem
269 2371 327 2409 11,
361 2371 440 2401 806.

150 2477 359 2509 393-415.
409 2476 550 2509 Troiani
576 2481 699 2520 parant
724 2475 872 2509 abitum.

154 2551 231 2581 393.
265 2549 347 2581 Pius
369 2551 507 2582 Aeneas
528 2553 593 2581 iam
619 2556 759 2582 vocatur
782 2553 910 2591 iterum,

107 2600 195 2633 quod
220 2599 409 2627 reverentia
434 2599 570 2627 deorum
592 2605 761 2635 movetur,
795 2603 825 2627 ut
849 2608 911 2627 no—

106 2647 182 2674 lens
210 2645 374 2673 nolentem
399 2645 582 2680 relinquat;
609 2649 708 2673 antea
731 2642 803 2673 dux
825 2642 910 2673 Tro-

108 2688 214 2720 ianus
248 2689 322 2718 124.
380 2690 519 2718 Omnino
544 2690 578 2719 in
602 2698 642 2718 eo
669 2697 724 2718 ars
752 2694 803 2718 est
829 2698 911 2725 poe-

108 2741 171 2773 tae,
197 2737 281 2771 quod
309 2736 453 2771 singulis
482 2736 568 2764 locis
597 2740 686 2771 aptat
712 2737 855 2764 nomina.

154 2781 231 2810 395.
259 2778 459 2820 labefactus
489 2781 530 2810 cf.
561 2780 600 2818 8,
632 2780 710 2810 390.
768 2783 910 2811 versum

108 2828 181 2857 eiic.
212 2824 274 2856 Rb.

153 2873 232 2903 397.
258 2875 330 2903 tum
352 2880 434 2902 vero
459 2871 500 2901 cf.
527 2871 558 2909 2,
584 2870 650 2900 105
674 2872 785 2909 „regis
814 2880 912 2907 prae-

108 2917 251 2949 sentia.“
275 2922 309 2948 S.
334 2934 381 2938 —
410 2915 628 2954 incumbunt,
654 2925 774 2953 magno
802 2919 912 2948 studio

108 2966 276 3002 laborant3
309 2965 355 2994 ita
388 2961 587 2993 incumbere
614 2965 768 2993 absolute
797 2964 836 3001 9,
869 2963 913 2993 73

113 3008 199 3040 Tum
216 3019 298 3041 vero
316 3007 534 3047 incumbunt,
559 3011 691 3050 urguet
706 3007 912 3050 praesentia

116 3053 239 3086 Turni.

798 1235 900 1275 pars
934 1220 1118 1275 grandia
1150 1218 1332 1261 trudunt

1681 1219 1764 1259 405

1006 1359 1083 1390 398.
1111 1362 1219 1390 uncta
1244 1361 1340 1396 ..pice
1367 1358 1537 1388 ἀειὶὴυιειιι
1563 1362 1597 1388 S.

1006 1406 1084 1435 399.
1112 1409 1175 1435 Pro
1201 1406 1306 1436 remis
1330 1405 1424 1434 infert
1454 1402 1514 1434 ΒΓ.
1547 1413 1683 1442 ramos,
1715 1406 1765 1434 id-

959 1461 1022 1488 que
1050 1453 1194 1488 praefert
1226 1449 1276 1482 Pl.

1004 1497 1081 1527 400.
1114 1495 1337 1537 lufabn'cata
1376 1497 1507 1527 videtur
1547 1504 1626 1525 esse
1664 1487 1766 1534 ἅπαξ

956 1537 1161 1584 λεγόμενον.

1001 1589 1080 1619 401.
1114 1588 1262 1627 Cernas,
1289 1589 1318 1618 si
1344 1589 1449 1626 velis,
1475 1592 1507 1617 ut
1535 1587 1573 1624 8,
1599 1586 1662 1617 691
1692 1595 1765 1617 cre-

958 1632 1024 1665 das
1050 1633 1185 1665 innare.

1001 1680 1080 1711 402.
1111 1679 1219 1712 veluti
1257 1683 1341 1709 Mac.
1385 1688 1453 1709 sec.
1489 1677 1552 1708 Rb.
1609 1679 1690 1714 Quid
1732 1679 1763 1708 in

958 1728 1057 1757 aliis?
1105 1726 1202 1758 velut
1235 1724 1322 1767 lVg.
1346 1723 1410 1755 Rb.
1435 1741 1480 1746 ——
1507 1726 1566 1754 His
1591 1725 1764 1760 particulis

958 1782 999 1803 ac
1021 1770 1134 1804 veluti
1155 1780 1263 1814 quum
1289 1772 1427 1808 saepius
1455 1776 1680 1807 comparatum
1705 1772 1764 1800 ad-

956 1820 1101 1855 iungitur
1128 1825 1160 1848 ut
1191 1817 1269 1848 441.
1314 1818 1350 1854 1,
1389 1816 1451 1846 148
1481 1823 1511 1846 et
1538 1818 1702 1846 similibus
1732 1822 1763 1846 ut

957 1865 996 1902 6,
1027 1865 1095 1894 707
1128 1874 1170 1894 ac
1196 1861 1308 1894 veluti
1343 1861 1420 1901 ubi,
1458 1862 1514 1901 12,
1551 1862 1618 1891 103
1654 1860 1765 1892 veluti

958 1920 1084 1952 quum,
1117 1910 1185 1941 749
1211 1919 1242 1940 υ.
1269 1907 1299 1939 si
1323 1906 1484 1950 quando,
1524 1909 1562 1943 7,
1590 1908 1670 1938 528.
1712 1908 1762 1946 12,

957 1957 1024 1986 587
1050 1959 1088 1987 ut
1115 1966 1239 1997 quum,
1273 1956 1311 1992 7,
1337 1954 1415 1984 462.
1448 1955 1525 1984 699.
1564 1955 1604 1992 9,
1630 1953 1675 1983 32
1702 1962 1763 1983 ceu

958 2011 1063 2044 quum
1081 2008 1155 2040 etc„
1182 2003 1214 2039 2,
1230 2001 1307 2032 626.
1333 2002 1364 2035 6,
1382 2001 1459 2030 707.
1498 2003 1635 2030 Plenum
1653 2006 1763 2029 esset:

958 2057 1001 2078 ac
1030 2051 1157 2086 ruunt,
1193 2045 1305 2077 veluti
1338 2048 1462 2082 ruunt,
1499 2055 1616 2086 quum.
1671 2048 1763 2076 Usus

959 2099 1009 2124 est
1041 2096 1072 2123 in
1106 2095 1222 2130 parvis
1256 2094 1372 2123 bestiis
1406 2093 1566 2128 gravibus
1591 2093 1705 2122 verbis
1733 2098 1764 2121 et

958 2141 1101 2169 maxime
1127 2140 1336 2169 militaribus.

1005 2185 1084 2214 403.
1108 2183 1283 2225 populant
1307 2185 1348 2213 cf.
1375 2187 1411 2213 G.
1439 2183 1469 2221 1,
1498 2183 1564 2213 185
1594 2180 1765 2223 Populat-

959 2238 1025 2270 que
1049 2229 1227 2272 ingentem
1258 2228 1374 2268 farris
1404 2237 1567 2258 acervum
1594 2226 1762 2258 curculio.

959 2273 1164 2316 „Populant
1190 2276 1322 2310 antique
1348 2276 1440 2303 dixit.
1490 2277 1570 2303 Nam
1597 2276 1660 2302 boc
1684 2282 1763 2302 ver-

960 2325 1035 2352 bum
1055 2324 1142 2357 apud
1165 2327 1295 2349 veteres
1316 2321 1462 2349 activum
1486 2319 1555 2355 fuit,
1582 2327 1670 2347 nunc
1690 2323 1764 2348 tan-

959 2372 1025 2397 tum
1060 2369 1231 2403 deponens
1259 2364 1334 2395 est⁴⁴
1366 2369 1418 2400 S.;
1453 2365 1494 2393 cf.
1523 2364 1580 2400 12,
1613 2363 1693 2393 263.
1718 2380 1763 2384 —

959 2411 1083 2443 hiemis
1098 2421 1272 2442 memores.
1310 2414 1402 2441 Hanc
1422 2411 1631 2439 formicarum
1650 2417 1763 2439 curam

960 2468 1059 2495 quam
1092 2462 1213 2488 liabent
1254 2461 1292 2487 de
1326 2458 1433 2487 bieme
1464 2457 1574 2492 lepide
1606 2456 1761 2485 describit

960 2507 1037 2536 Hor.
1065 2508 1133 2534 Sat.
1165 2504 1191 2542 Ι,
1218 2504 1246 2541 1,
1272 2503 1326 2533 35.
1350 2519 1395 2524 ἡ
1417 2505 1527 2533 tecto.-
1562 2504 1613 2530 Ita
1635 2503 1764 2532 tectum

956 2549 1140 2592 penetrale
1172 2553 1211 2580 de
1245 2550 1455 2579 formicarum
1492 2548 1648 2577 cavernis
1682 2548 1763 2577 dixit

959 2601 996 2627 G.
1031 2598 1063 2635 l,
1089 2597 1167 2626 379.

1005 2642 1082 2672 401.
1112 2641 1143 2672 It
1175 2640 1322 2683 nigrum
1351 2636 1484 2680 campis
1520 2647 1651 2680 agmen
1680 2641 1763 2677 „he-

958 2690 1155 2719 mistichium
1191 2688 1289 2717 Ennii
1328 2688 1367 2715 de
1409 2685 1595 2720 elephantis
1630 2686 1763 2722 dictum,

959 2743 1022 2769 quo
1055 2739 1130 2764 ante
1153 2734 1281 2763 Accius
1310 2736 1362 2762 est
1394 2739 1478 2760 usus
1506 2733 1545 2760 de
1572 2730 1695 2761 indis.“
1728 2734 1762 2760 S.

959 2781 1097 2810 Festiva
1132 2782 1241 2815 placet
1271 2786 1311 2808 ea
1345 2779 1386 2806 ad
1421 2777 1548 2807 minora
1575 2777 1761 2807 translatio.

959 2843 1004 2846 —
1030 2823 1205 2855 Praedam
1232 2825 1437 2853 convectare
1460 2831 1525 2852 non
1546 2824 1655 2853 minus
1679 2823 1764 2852 mili-

960 2877 1029 2901 tare
1054 2871 1095 2900 cf.
1123 2872 1159 2908 7,
1186 2868 1252 2899 749
1288 2867 1504 2899 convectare
1534 2867 1635 2899 iuvat
1657 2876 1764 2910 prae-

961 2915 1027 2947 das
1052 2919 1085 2946 et
1104 2913 1222 2945 vivere
1246 2917 1361 2955 rapto.

1006 2961 1084 2991 405.
1116 2959 1228 2991 Callis
1254 2962 1432 3002 angustus
1456 2965 1489 2989 ut
1515 2962 1551 2990 G.
1580 2958 1614 2994 1,
1639 2957 1709 2987 380
1733 2963 1764 2987 et

960 3005 1113 3049 gracilis
1145 3005 1243 3036 limes
1272 3008 1332 3035 Ov.
1358 3008 1412 3036 Tr.
1446 3006 1485 3039 5.
1512 3005 1548 3043 6,
1575 3003 1620 3033 40
1648 3005 1764 3033 dicitur

962 3056 1002 3083 de
1028 3054 1144 3083 itinere
1175 3053 1394 3082 formicarum.
1445 3055 1526 3081 Nam
1553 3051 1662 3086 quivis
1690 3051 1763 3085 scit,
