2023 3350
738 137 976 171 AENEIDOS
1001 139 1088 172 LIB.
1113 140 1175 172 111.

1684 140 1764 179 155

135 252 442 307 Quadrupedes
478 256 521 295 et
552 251 674 294 frena
708 252 810 307 iugo
853 251 1081 294 concordia
1112 251 1224 293 ferre

135 311 244 365 Spes
281 315 323 352 et
358 310 497 365 pacis,
537 310 612 352 ait.

671 310 776 352 Tum
814 310 988 351 numina
1018 312 1168 351 sancta
1201 323 1427 363 precamur

132 368 321 410 Palladis
360 368 619 419 armisonae,
651 382 762 422 quae
801 368 941 422 prima
975 368 1140 421 accepit
1177 371 1362 419 ovantes,

134 427 192 468 Et
230 426 375 480 capita
406 430 505 468 ante
545 440 644 467 aras
683 425 871 479 Phrygio
905 424 1098 467 velamur
1128 425 1290 467 amictu

1687 427 1766 466 545

132 484 460 537 Praeceptisque
499 483 673 535 Heleni,
710 483 888 525 dederat
925 496 1035 536 quae
1072 482 1279 534 maxima,
1319 483 1413 535 rite,

133 541 287 583 Iunoni
325 541 509 595 Argivae
545 542 685 583 iussos
721 541 942 583 adolemus
982 540 1178 582 honores.

134 598 262 640 Haud
301 613 440 640 mora:
484 600 688 640 continuo
723 599 925 654 perfectis
968 598 1117 639 ordine
1156 597 1266 639 votis

138 656 309 698 Cornua
346 656 585 698 velatarum
619 657 879 699 obvertimus
914 660 1208 705 antennarum,

135 713 510 768 Graiugenumque
549 715 698 756 domos
733 718 1016 768 suspectaque
1054 713 1286 766 linquimus
1320 726 1435 754 arva.

135 771 248 813 Hinc
285 772 400 814 sinus
434 772 658 824 Herculei,
700 773 736 814 si
772 786 874 814 vera
913 775 978 813 est
1013 770 1148 823 fama,
1191 770 1365 812 Tarenti

137 829 351 871 Cernitur.

411 830 585 872 Attollit
623 844 666 872 se
703 830 801 871 diva
835 830 1011 871 Lacinia
1047 832 1207 878 contra,

141 887 428 940 Caulonisque
460 902 600 939 arces,
646 892 688 929 et
724 887 996 941 navifragum
1032 885 1291 940 Scylaceum,

136 944 242 985 Tum
275 945 426 998 procul
461 959 482 987 e
518 945 651 987 fluct-u
688 945 911 987 Trinacria
947 944 1136 985 cernitur
1171 944 1320 993 Aetna,

137 1002 195 1044 Et
233 1003 437 1056 gemitum
471 1004 686 1057 ingentem
722 1003 865 1057 pelagi
896 1002 1155 1056 pulsataque
1195 1013 1302 1041 saxa

182 1139 260 1173 544.
290 1139 407 1172 Prima
431 1140 563 1182 accepit
588 1144 626 1171 cf.
646 1142 721 1172 531.
748 1158 786 1163 —
818 1139 935 1170 Ovan-

141 1191 194 1218 tes
218 1189 240 1218 i.
266 1197 292 1218 e.
317 1197 375 1217 nos
401 1189 440 1218 cf.
460 1187 490 1222 2,
517 1187 569 1216 79.
598 1203 636 1208 -
677 1185 840 1224 Ovantes,
864 1189 933 1216 lae-

142 1239 194 1263 tos
215 1234 255 1263 cf.
283 1231 335 1269 10,
360 1232 434 1262 690.

186 1277 262 1308 545.
288 1281 334 1308 De
358 1288 391 1308 re
417 1279 455 1309 cf.
480 1276 556 1307 405.
586 1294 624 1298 -
669 1276 857 1318 Capitante
882 1279 934 1306 dat

139 1327 182 1354 M.
209 1323 323 1365 capite
344 1330 373 1354 et
399 1327 522 1364 rapute
549 1325 608 1353 alii
632 1327 729 1359 Mss.;
756 1325 853 1353 etiam
880 1331 934 1352 ve-

140 1368 241 1400 labar
270 1375 299 1399 et
334 1368 470 1400 velatur
505 1371 620 1407 legitur
650 1371 684 1398 in
716 1373 811 1407 Mss,
851 1371 935 1398 unde

139 1416 290 1450 efficitur.
331 1422 361 1445 ut
387 1417 550 1451 probabile
578 1417 739 1445 videatur.
778 1417 933 1451 scriptum

138 1462 245 1491 fuisse
270 1463 347 1490 olim
371 1464 488 1501 caput,
511 1463 590 1497 quod
618 1471 680 1491 rec.
708 1459 770 1491 Ld.

186 1506 262 1536 546.
294 1505 447 1536 Dederat
483 1516 572 1547 quae
608 1505 764 1536 murima
798 1508 836 1537 cf.
869 1505 933 1536 4:35

140 1561 187 1588 sq.
223 1569 261 1572 —
295 1555 346 1582 Ad
376 1554 499 1583 dicendi
526 1555 682 1583 rationem
707 1555 772 1583 Cic.
797 1556 880 1590 legg.
905 1551 935 1590 1,

138 1596 158 1627 4
191 1595 242 1628 Tu
269 1607 289 1627 a
320 1597 611 1635 contentionibus,
645 1597 767 1639 quibus
794 1597 936 1628 summis

137 1641 191 1673 uli
227 1641 379 1679 solebas,
423 1643 578 1684 quotidie
615 1643 751 1674 relaxes·
787 1643 936 1684 aliquid.

137 1690 192 1719 off.
218 1688 254 1728 2,
280 1688 333 1727 22,
358 1689 399 1718 76
437 1688 538 1719 Omni
568 1689 796 1720 Macedonum
825 1699 934 1731 gaza,

136 1743 226 1776 quae
243 1735 317 1773 fuit
344 1735 509 1773 maxima,
533 1735 665 1776 potitus
691 1739 741 1766 est
770 1734 916 1766 Paulus.

183 1779 259 1810 547.
288 1780 426 1822 Argiva
459 1780 563 1818 Iuno,
603 1791 685 1818 quae
715 1784 815 1820 Argis
850 1785 934 1813 cole—

138 1829 241 1856 batur.
291 1828 337 1856 Cf.
364 1826 400 1865 7,
427 1826 503 1857 256.
548 1845 585 1848 —
628 1826 808 1858 adolemus
838 1829 876 1858 cf.
905 1827 934 1863 1,

137 1871 214 1902 704.
244 1889 281 1893 —
309 1870 453 1903 lzonorex-
477 1875 518 1903 cf.
545 1872 574 1904 1.
597 1872 650 1903 49.

141 1950 346 1982 545—567.
396 1950 536 1981 Troiani
561 1951 690 1982 circum
713 1950 831 1982 ltaliae
852 1950 935 1983 litus

343 1996 380 2026 in
404 1996 555 2027 Siciliam
581 2001 740 2038 pergunt.

188 2052 264 2082 548.
291 2056 404 2084 Statim
426 2056 511 2084 votis
533 2056 648 2084 solutis
672 2060 701 2084 et
727 2057 833 2085 sacris
864 2065 936 2091 per-

142 2101 224 2129 actis
247 2108 267 2129 a
290 2102 382 2130 litore
407 2102 564 2130 recedunt.

187 2143 261 2175 549.
289 2145 498 2175 obvertimus
544 2147 582 2176 cf.
625 2144 661 2179 6,
693 2145 721 2175 3,
778 2147 937 2176 Relicturi

142 2193 228 2221 enim
265 2193 344 2221 litus
386 2197 508 2221 vertere
554 2195 706 2221 debebant
743 2195 819 2222 vela
860 2193 936 2226 alio,

141 2246 237 2274 quam
262 2241 420 2267 habehant
446 2240 523 2267 litus
548 2244 697 2273 petentes.

187 2283 263 2313 550.
293 2287 451 2323 suspecta
473 2293 560 2312 art-(1
592 2285 630 2313 cf.
659 2282 734 2312 398.

187 2327 263 2359 551.
294 2327 456 2359 Herculei
491 2328 635 2359 Tarenti
658 2332 825 2364 ..Lacones
857 2331 939 2358 Par-

144 2376 322 2409 theniatae.
353 2381 481 2411 accepto
505 2378 583 2405 duce
608 2378 786 2405 Phalanto.
824 2381 938 2405 octavo

143 2424 183 2450 ab
215 2422 369 2456 Hercule,
410 2423 540 2457 profecti
578 2427 666 2457 sunt,
707 2423 867 2457 aetatique
898 2423 938 2450 atl

142 2469 243 2495 breve
283 2468 432 2502 oppidum
470 2469 660 2498 Calabriae.
704 2470 787 2503 quod
823 2469 937 2503 Taras.

145 2513 282 2547 Neptuni
311 2513 413 2546 tilius.
446 2513 680 2545 fabricaverat:
712 2515 745 2543 id
776 2519 937 2543 auxerunt

145 2563 173 2586 et
205 2558 311 2592 prisco
340 2559 467 2587 nomine
497 2562 701 2594 appellarunt
732 2560 937 2589 Tarentum*

144 2606 175 2631 S.
210 2619 247 2623 —
287 2602 326 2632 si
353 2612 431 2632 vera
456 2607 505 2633 est
532 2604 643 2638 fama,
691 2608 809 2634 Eadem
837 2609 939 2634 verba

145 2651 294 2686 leguntur
319 2652 353 2678 G.
382 2647 411 2680 4.
432 2648 484 2685 ⁴2.
510 2651 564 2679 ubi
588 2651 744 2680 facillime
769 2652 937 2686 explican-

147 2701 206 2724 tur.
256 2697 323 2724 Hoc
353 2697 422 2724 loco
447 2697 566 2724 nemini
590 2702 745 2731 quantum
771 2698 835 2726 scio
861 2706 938 2726 con-

145 2742 215 2778 tigit
246 2742 419 2776 explicare.
477 2743 556 2776 Quid
592 2743 678 2771 enim
711 2743 869 2772 faciamus
904 2743 937 2771 in

146 2788 289 2816 carmine
312 2788 402 2822 epico
435 2788 492 2815 tali
521 2789 740 2817 dubitatione?
780 2790 938 2823 Aliquam

147 2834 253 2862 attulit
288 2834 537 2868 explicationem
570 2832 642 2873 Wg
686 2839 714 2862 et
747 2831 811 2863 Ld.
860 2837 941 2863 Nam

149 2879 281 2915 Vgtium
307 2880 335 2907 is
361 2879 433 2908 tlicit
462 2882 595 2913 probare
619 2887 690 2908 eam
715 2879 852 2917 famam.
879 2888 942 2915 qua

149 2926 321 2954 Tarentum
347 2926 507 2954 conditum
532 2926 571 2953 sit
598 2932 617 2954 a
643 2926 782 2955 Tarante
804 2927 941 2961 Neptuni

148 2970 223 3005 filio,
245 2979 309 3000 non
329 2978 349 3000 a
364 2972 546 2999 Phalantho
565 2973 724 3006 Spartano
743 2976 771 3000 et
792 2973 943 3001 Herculis

147 3016 263 3054 stirpe,
294 3025 333 3045 ne
357 3017 524 3052 splendida
546 3019 623 3046 urbs
649 3025 668 3046 a
693 3018 823 3047 Graecis
851 3018 945 3047 vitle-

149 3065 234 3090 retur
265 3070 340 3091 esse
371 3063 507 3092 condita.
556 3064 600 3091 At
634 3063 755 3099 frigida
784 3068 831 3092 est
864 3066 944 3093 haec

1690 1001 1770 1039 555

981 1146 1093 1176 poetae
1125 1141 1278 1169 doctrina.
1327 1139 1440 1167 Potius
1473 1139 1608 1168 dixerim
1640 1139 1773 1175 Vglium

981 1188 1148 1223 exagitare
1172 1186 1321 1214 voluisse
1339 1186 1456 1219 „molle
1471 1186 1666 1213 Tarentinis·
1683 1186 1720 1213 H.
1740 1187 1771 1213 S.

982 1231 1013 1267 2,
1039 1231 1069 1269 4,
1095 1230 1147 1263 34.
1177 1234 1272 1266 quale
1295 1236 1362 1259 erat
1386 1231 1456 1259 eius
1482 1234 1629 1265 tempore.
1653 1235 1686 1259 ut
1714 1231 1774 1259 vix

981 1279 1130 1307 videatur
1155 1279 1311 1312 originem
1336 1278 1450 1305 ducere
1473 1279 1512 1304 ab
1528 1278 1673 1306 Hercule.
1701 1277 1772 1305 viro

982 1325 1125 1353 omnium
1148 1323 1333 1352 fortissimo.
1383 1324 1491 1356 Neque
1516 1325 1574 1352 hoc
1596 1324 1679 1357 epici
1702 1331 1774 1352 car-

981 1370 1080 1399 minis
1111 1370 1272 1406 gravitate
1305 1369 1436 1405 dignum
1464 1369 1585 1399 iudico.
1626 1370 1682 1397 sed
1710 1377 1773 1397 non

982 1418 1083 1445 habeo
1107 1424 1168 1450 quo
1194 1416 1310 1444 melius
1334 1420 1459 1450 poetam
1486 1423 1647 1443 excusem.

1027 1460 1101 1489 552.
1133 1460 1178 1489 Se
1198 1459 1330 1490 attollit
1354 1461 1601 1495 navigantibus,
1640 1461 1695 1495 qui
1718 1468 1775 1495 ap-

980 1508 1204 1543 propinquant.
1262 1507 1388 1535 Nimius
1419 1512 1467 1535 est
1498 1507 1571 1535 Val.
1608 1508 1654 1534 Fl.
1692 1505 1728 1543 2,
1754 1504 1772 1534 9

980 1554 1035 1588 qui
1065 1554 1098 1581 in
1133 1554 1244 1581 eadem
1274 1562 1308 1581 re
1339 1550 1468 1581 attollit
1500 1550 1680 1580 tondentes
1710 1561 1776 1591 pa-

982 1596 1063 1627 bula
1094 1596 1244 1639 Magnes*
1271 1597 1422 1636 Campus
1447 1606 1562 1636 equos.
1603 1600 1684 1627 Num
1708 1607 1775 1627 me-

981 1646 1070 1673 lius?
1098 1660 1135 1664 —-
1162 1645 1317 1678 ..Iunonis
1344 1644 1499 1673 Laciniae
1523 1646 1689 1679 templum.
1723 1652 1774 1673 se·-

981 1692 1119 1720 cuntlum
1141 1692 1296 1725 quosdam
1322 1698 1341 1719 a
1363 1699 1436 1727 rege
1457 1691 1617 1719 conditore
1641 1691 1774 1725 dictum3

981 1738 1157 1766 secuudum
1189 1737 1273 1765 alios
1305 1744 1323 1765 a
1351 1739 1475 1765 latrone
1500 1737 1640 1769 Lacino.
1682 1744 1775 1771 quem

981 1783 1050 1812 illic
1074 1784 1228 1811 Hercules
1262 1783 1373 1811 occidit
1406 1787 1434 1811 et
1460 1785 1530 1811 loco
1559 1783 1688 1817 expiato
1720 1784 1775 1810 Iu-

983 1830 1058 1857 noni
1086 1831 1238 1863 templunt
1263 1829 1457 1858 constituit.‘·
1478 1830 1508 1857 S.
1558 1831 1645 1862 ..Sex
1670 1828 1776 1857 millia

982 1878 1091 1903 aberat
1116 1877 1154 1903 ab
1180 1877 1257 1903 urbe
1282 1874 1458 1909 (Crotone)
1482 1875 1588 1903 nobile
1612 1876 1775 1911 templum,

982 1922 1055 1956 ipsa
1081 1923 1158 1949 urbe
1180 1921 1331 1953 nobilius.
1356 1920 1513 1949 Laciniae
1532 1920 1677 1952 Iunonis.
1698 1927 1776 1948 san-

983 1972 1067 1996 ctum
1091 1967 1238 1995 omnibns
1264 1967 1348 1995 circa
1374 1966 1534 2001 populien*-
1563 1967 1635 1994 Liv.
1664 1964 1717 2003 24,
1745 1963 1773 1993 3.

983 2014 1050 2042 Hoc
1085 2013 1332 2047 promontorium
1365 2020 1383 2040 a
1418 2012 1548 2041 meridie
1579 2012 1700 2041 claudit
1731 2011 1777 2040 si-

982 2067 1059 2087 num
1089 2059 1298 2087 Tarentinum
1337 2058 1444 2093 (Capo
1484 2059 1567 2087 delle
1604 2057 1776 2092 ColonneJ.

986 2119 1024 2123 -
1054 2105 1119 2132 Deo
1144 2105 1293 2133 tribuitur
1316 2105 1398 2138 quod
1418 2108 1464 2132 est
1488 2105 1606 2138 templi.
1634 2104 1681 2133 Cf.
1701 2101 1775 2131 275.

1029 2148 1106 2177 553.
1133 2150 1257 2177 Caulon
1289 2151 1494 2179 Achaeorum
1530 2150 1655 2179 colonia
1695 2149 1778 2177 inter

986 2196 1153 2223 Crotonem
1179 2199 1207 2223 et
1228 2196 1357 2223 Locros.
1408 2198 1520 2224 Strabo
1549 2195 1578 2227 6.
1602 2204 1630 2230 p.
1655 2193 1729 2223 261.
1750 2195 1777 2222 Β

986 2236 1182 2269 Καυλωνία
1214 2233 1394 2277 πρότερον
1424 2233 1454 2268 δ’
1482 2233 1648 2269 Αὐλωνιά
1678 2238 1779 2278 λεγο-

981 2279 1068 2323 μένη
1110 2279 1168 2313 διὰ
1210 2278 1274 2313 τὸν
1318 2279 1574 2323 προσκειμένου
1616 2278 1778 2314 αὐλῶνα.

983 2332 1030 2359 Ita
1056 2331 1197 2359 Aulonis
1223 2338 1314 2359 arces
1339 2333 1368 2358 h.
1395 2332 1415 2358 l.
1442 2335 1486 2358 est
1514 2332 1597 2365 apud
1617 2332 1776 2368 Servium,

984 2377 1038 2411 qui
1063 2377 1148 2405 adtlit
1176 2384 1290 2410 ..mons
1317 2381 1363 2404 est
1383 2377 1587 2405 Calabriae*
1613 2378 1643 2404 S.
1686 2374 1778 2405 Cau-

985 2420 1040 2451 lon
1095 2424 1164 2450 MP.
1222 2437 1259 2441 —
1323 2420 1522 2460 Scylaceum
1573 2421 1777 2458 (Squillace]

984 2473 1093 2503 postea
1136 2468 1196 2497 fuit
1231 2469 1451 2496 Romanorum
1486 2468 1621 2497 colonia.
1692 2469 1777 2497 Veli·

987 2513 1037 2543 15.
1070 2530 1113 2533 —
1151 2511 1389 2553 Nanifragum
1412 2518 1457 2541 est
1484 2520 1587 2542 naves
1613 2513 1779 2551 frangens,

984 2565 1018 2589 ut
1045 2562 1155 2595 planta
1188 2561 1245 2588 illa
1278 2559 1465 2595 saxifraga.
1505 2564 1539 2587 ut
1565 2561 1624 2588 ΟΥ.
1651 2562 1694 2588 M.
1728 2557 1778 2597 14,

985 2605 1003 2634 6
1030 2615 1063 2634 τι.
1086 2604 1229 2643 fretum.
1259 2607 1332 2633 Hor.
1350 2606 1383 2633 C.
1412 2602 1440 2638 1,
1468 2602 1517 2639 16,
1543 2602 1582 2632 10
1609 2614 1643 2632 n.
1670 2613 1779 2634 mare.

985 2652 1052 2680 Tib.
1091 2649 1126 2684 2,
1161 2649 1196 2681 4.
1232 2649 1272 2678 10
1318 2659 1350 2678 n.
1384 2648 1491 2678 un‘da.
1566 2647 1780 2691 Naufragus

985 2699 1169 2732 plerumque
1201 2697 1330 2729 (licitur.
1370 2697 1422 2725 cui
1455 2696 1559 2725 fracta
1589 2700 1637 2725 est
1669 2697 1776 2725 navis.

986 2744 1033 2772 Cf.
1056 2742 1085 2778 6,
1111 2741 1186 2771 715.

1033 2786 1109 2816 55³4.
1135 2791 1204 2817 Iam
1228 2787 1425 2822 Zephyrium
1445 2788 1693 2822 promontorium
1717 2789 1780 2818 cir-

988 2835 1146 2864 eumveeti
1170 2839 1196 2863 et
1229 2834 1261 2861 in
1287 2833 1381 2866 Regii
1412 2833 1518 2868 oppidi
1543 2834 1700 2863 viciniam
1725 2836 1780 2863 de·-

988 2881 1045 2909 lati
1076 2885 1105 2909 et
1130 2881 1269 2908 Aetnam
1298 2879 1409 2906 villere
1440 2883 1468 2907 et
1504 2880 1689 2916 Charybdin
1720 2887 1780 2909 au-

988 2927 1055 2954 dire
1081 2929 1222 2960 possunt.
1253 2940 1289 2943 —
1319 2924 1487 2953 Triitacria
1514 2926 1780 2960 antiquissimum

988 2973 1117 3000 insulae
1141 2980 1182 3000 ex
1214 2971 1314 3006 figura
1340 2978 1463 2999 nomen.

1035 3017 1111 3045 555.
1138 3017 1280 3045 Gemitus
1304 3020 1333 3044 et
1356 3017 1456 3044 maris
1481 3020 1510 3044 et
1535 3025 1693 3046 remorum
1713 3025 1780 3046 me-

988 3067 1147 3100 moratur,
1173 3062 1363 3096 omninoque
1386 3070 1502 3100 rerum,
1526 3070 1608 3097 quae
1632 3071 1781 3098 premun-
