2023 3350
272 140 354 180 466

837 139 872 169 Ρ.
899 138 1099 172 VIRGILII
1124 139 1334 174 MARONIS

271 249 540 301 Vociferans,
573 248 846 303 tumidusque
883 263 993 291 novo
1032 252 1285 304 praecordia
1322 267 1458 309 regno

272 309 371 350 Ibat
409 311 451 347 et
488 307 703 360 ingentem
737 320 828 348 sese
869 307 1059 349 clamore
1097 309 1283 352 ferebat:

386 364 482 405 Non
516 363 651 417 pudet
683 363 905 406 obsidione
941 366 1098 406 iterum
1137 367 1336 421 valloque
1376 369 1535 421 teneri,

273 421 346 463 Bis
391 421 507 475 capti
544 421 748 475 Phryges,
784 426 826 463 et
859 423 988 464 morti
1025 425 1306 476 praetendere
1336 427 1511 469 muros‘?

274 478 357 528 En,
401 478 472 532 qui
506 482 658 520 nostra
697 479 778 520 sibi
812 479 926 521 bello
966 481 1182 522 connubia
1219 484 1421 536 poscunt!

1833 483 1916 523 600

275 536 378 586 Quis
415 535 518 577 deus
558 537 747 588 Italiam,
787 551 897 590 quae
941 551 1016 578 vos
1061 538 1276 581 dementia
1315 540 1488 595 adegit?

275 593 370 634 Non
410 593 478 634 hie
511 594 709 645 Atridae,
748 609 823 636 neo
861 594 978 636 sandi
1014 595 1138 637 fictor
1180 597 1337 638 Ulixes.

274 650 440 692 Durum
478 651 532 692 ab
567 652 701 705 stirpe
742 665 893 705 genus,
929 656 1058 694 natos
1091 654 1147 694 ad
1180 654 1354 695 flumina
1391 656 1576 708 primum

275 707 515 750 Deferimus
551 723 762 762 saevoque
798 710 895 763 gelu
930 711 1132 752 duramus
1171 715 1214 752 et
1249 712 1394 765 undis3

274 765 444 807 venatu
479 766 705 820 invigilant
740 768 860 820 pueri
899 768 1114 821 silvasque
1155 769 1360 823 fatigant3

1833 769 1915 809 605

275 823 467 865 Flectere
507 824 633 865 ludus
672 838 803 878 equos
844 828 886 866 et
925 826 1092 879 spicula
1130 827 1306 868 tendere
1346 841 1490 868 cornu.

275 881 333 922 At
369 881 538 934 patiens
573 896 750 935 operum
790 897 1010 936 parvoque
1047 884 1228 925 adsueta
1262 885 1457 925 iuventus

276 939 363 980 Aut
398 939 551 980 rastris
586 943 749 981 terram
786 940 936 982 domat
975 945 1051 982 aut
1081 942 1222 995 quatit
1260 942 1420 996 oppida
1454 941 1581 983 bello.

278 995 412 1038 Omne
441 1011 591 1038 aevum
629 997 743 1039 ferro
784 999 960 1050 teritur,
999 1013 1210 1052 versaque
1248 1000 1472 1041 iuvencum

277 1054 416 1108 Terga
454 1053 687 1108 fatigamus
721 1056 868 1108 hasta3
908 1071 985 1098 nec
1023 1057 1152 1099 tarda
1192 1062 1386 1099 senectus

323 1159 399 1189 596.
426 1169 515 1189 ηουο
542 1169 664 1203 regno,
692 1163 778 1196 quod
801 1170 874 1191 cum
892 1171 996 1192 uxore
1018 1171 1076 1192 ac-

278 1206 411 1240 cepisse
438 1207 574 1236 videtur.
603 1208 651 1237 Cf.
679 1210 749 1237 vat.
776 1210 823 1237 ΓΙ.
849 1208 880 1238 2.
906 1209 949 1237 83
966 1210 1075 1239 Coeli-

278 1254 371 1280 00133
412 1250 515 1293 regni
563 1251 670 1283 sensit
710 1251 868 1283 novitate
908 1257 1077 1285 tumentes

284 1294 451 1337 luppiter.

324 1343 400 1371 597.
427 1351 462 1372 se
482 1341 641 1382 ferebat,
671 1344 844 1374 incedebat
867 1345 906 1374 cf.
936 1345 970 1382 l,
999 1344 1075 1374 314.

278 1385 406 1429 ingens
426 1389 466 1417 cf.
499 1389 549 1425 12,
573 1388 649 1426 44¹,
674 1398 708 1418 se
733 1389 858 1420 extulit
872 1388 1010 1432 ingenS,
1034 1407 1078 1411 —-

279 1432 430 1463 clamore
476 1431 603 1475 ingens
642 1435 660 1463 i.
703 1443 730 1463 e.
769 1437 891 1470 ingenti
933 1439 1076 1465 clamore

279 1481 419 1508 sublato.
465 1481 512 1510 Cf.
550 1480 614 1518 10,
637 1480 704 1508 579
745 1478 872 1521 ingens
907 1481 1076 1521 apparuit

278 1521 393 1553 hasta.

324 1569 402 1598 598.
428 1571 547 1598 Iterum
588 1575 775 1605 premuntur
807 1572 996 1610 obsidione,
1022 1575 1077 1607 qui

278 1615 340 1644 iani
375 1618 480 1644 semel
514 1617 646 1645 obsessi
688 1622 765 1645 sunt
800 1625 819 1646 a
857 1619 1004 1647 Graecis.
1032 1634 1076 1638 —-

279 1659 375 1700 capti
400 1667 431 1689 ut
456 1662 485 1698 7,
511 1661 594 1699 295,
622 1670 719 1696 quum
742 1671 852 1691 eorum
880 1666 957 1693 urbs
981 1669 1077 1699 capta

279 1707 331 1735 sit.
362 1722 405 1726 —-
435 1704 503 1735 bis:
531 1709 570 1735 ab
595 1709 843 1742 Agamemnone
866 1714 895 1737 et
924 1712 1074 1738 Hercule.

278 1753 386 1781 Malim
420 1757 527 1782 tamen
563 1754 716 1788 accipere
754 1755 840 1789 capti
880 1762 899 1783 a
940 1756 1076 1784 Graecis

278 1799 458 1833 quondam,
498 1806 583 1827 nunc
621 1806 641 1827 a
671 1799 784 1837 nobis,
825 1808 909 1835 quos
933 1801 1076 1836 effugere

277 1852 343 1872 non
369 1843 519 1878 potestis.

323 1888 399 1917 599.
426 1889 507 1917 Muri
539 1893 661 1917 tantum
689 1897 709 1918 a
738 1891 834 1919 vobis
860 1895 996 1919 mortem
1022 1898 1076 1919 ar-

278 1939 363 1970 cent,
391 1943 454 1964 non
481 1939 594 1963 vestra
614 1934 785 1972 fortitud03
820 1941 849 1965 et
874 1941 938 1965 13111
962 1937 1075 1971 ignavi

278 1981 426 2009 homines
464 1982 549 2008 bello
587 1981 651 2009 sibi
688 1983 740 2010 ius
767 1983 922 2011 connubii
947 1982 1074 2017 petunt!

278 2026 403 2054 Similis
443 2026 606 2054 sententia
645 2028 745 2056 Turni
784 2036 814 2056 v.
857 2028 936 2065 142,
979 2036 1075 2062 quem

277 2072 419 2100 imitatur
439 2074 618 2108 Numanus,
645 2079 676 2101 ut
702 2074 798 2101 etiam
825 2081 855 2102 v.
882 2073 958 2102 602.

324 2117 401 2146 601.
428 2118 508 2152 Quis
534 2119 628 2151 deus,
657 2120 752 2147 vobis
777 2120 891 2155 iratus,
917 2124 971 2148 aut.
990 2128 1074 2155 quae

278 2163 388 2198 potius
413 2163 574 2191 dementia
601 2171 661 2192 vos
686 2165 833 2199 impulit?

324 2208 401 2236 002.
428 2211 497 2237 Non
535 2210 668 2237 Atridae
707 2219 791 2239 1111110
825 2215 986 2246 pugnant,
1014 2212 1073 2239 sed

278 2254 449 2292 fortiores,
478 2263 584 2289 neque
610 2256 661 2289 qui
687 2256 818 2286 insidiis
845 2262 1010 2286 certamus
1043 2263 1074 2286 ut

279 2301 407 2336 Ulixes,
434 2301 492 2329 sed
519 2303 636 2335 palam.

324 2345 399 2374 603.
432 2343 576 2383 Durum,
601 2347 685 2380 quod
708 2355 823 2375 omnes
846 2349 979 2376 labores
1002 2356 1075 2382 per—

279 2391 350 2420 fert.
377 2391 418 2419 cf.
442 2390 472 2423 3,
498 2391 551 2420 94.
583 2394 618 2420 G.
653 2393 677 2429 l,
705 2392 748 2419 (53
803 2390 886 2421 Inde
921 2390 1076 2422 homines

278 2434 369 2470 uati,
397 2434 522 2465 durum
546 2445 669 2476 genus.
697 2438 757 2465 Ov.
776 2441 816 2466 M.
846 2438 872 2475 l,
898 2437 964 2467 414
992 2436 1076 2467 lude

279 2491 391 2523 genus
417 2479 540 2510 durum
569 2491 688 2511 sumus
713 2481 960 2523 experiensque
980 2481 1077 2513 labo-

278 2536 367 2556 rum.
393 2542 436 2548 -
461 2525 502 2556 ab
531 2525 658 2568 stirpe,
687 2529 731 2557 ita
757 2528 786 2565 3,
812 2528 865 2565 9⁴,
892 2538 955 2558 non
978 2538 1076 2558 exer-

280 2574 434 2602 citatione
454 2578 587 2602 tantum.
612 2575 693 2602 Item
709 2575 827 2603 Avien.
849 2574 915 2603 913
938 2573 1076 2604 Massa-

279 2621 398 2660 getae,
423 2615 549 2647 durttm
572 2617 613 2647 ab
639 2617 746 2659 stirpe
759 2628 885 2659 genus,
911 2618 1077 2660 placidae

279 2672 374 2693 mens
404 2661 522 2692 nescia
549 2662 652 2693 vitae.
681 2681 725 2685 —
755 2663 865 2694 Natos
888 2665 1078 2703 deferimus

281 2707 328 2738 ad
343 2707 499 2748 flumina
525 2714 586 2739 etc.
615 2712 649 2739 111
669 2716 819 2740 narratur
845 2713 883 2739 de
901 2713 1074 2747 Spartanis

280 2760 311 2783 et
348 2755 537 2791 Germanis,
579 2755 714 2791 (Claud.
752 2757 783 2785 in
821 2757 894 2785 Rus.
935 2757 967 2794 2,
1010 2757 1075 2786 112

285 2798 378 2838 Quos
390 2800 1075 2842 nascentesexploratgurgiteRhenns.)

281 2848 381 2874 italos
407 2846 490 2874 idem
514 2845 639 2875 fecisse
661 2848 775 2876 nescio
795 2849 868 2882 quis
891 2849 976 2877 alius
998 2857 1074 2878 nar-

280 2892 413 2919 raverit.
461 2892 579 2927 Silius,
615 2893 670 2926 qui
710 2892 746 2928 4,
788 2893 853 2921 257
902 2895 1071 2929 Virgilium

279 2936 421 2965 imitatus
453 2937 582 2966 videtur
609 2947 704 2975 esse,
741 2940 902 2968 Hernicos
928 2940 1070 2969 rivorum

281 2983 355 3015 gelu
395 2984 528 3012 duratos
572 2983 664 3023 dicit,
705 2993 770 3014 non
808 2986 847 3013 de
888 2985 1069 3016 infantibus

281 3031 399 3055 narrat.

1835 1055 1917 1095 610

1167 1164 1244 1193 601.
1270 1162 1356 1205 gelu
1383 1166 1414 1194 et
1439 1160 1544 1193 undis
1571 1162 1612 1191 cf.
1634 1161 1664 1199 t,
1690 1160 1744 1191 61.

1166 1210 1243 1239 605.
1272 1212 1397 1239 venatu
1434 1210 1565 1238 dativus
1596 1208 1636 1237 cf.
1673 1206 1709 1245 3,
1746 1205 1824 1236 541.
1862 1209 1919 1235 aut

1121 1257 1300 1284 ablativus.
1362 1257 1458 1284 Pueri
1501 1254 1710 1283 venationem
1750 1256 1918 1288 exercent,

1122 1309 1187 1335 qua
1211 1304 1295 1330 bello
1320 1306 1490 1338 aptantur,
1516 1306 1548 1329 ut
1571 1301 1658 1335 apud
1686 1300 1863 1329 cretenses
1887 1302 1918 1326 et

1122 1350 1316 1382 spartanos.
1361 1363 1405 1367 ψ
1448 1343 1646 1387 Invigilare
1685 1353 1753 1373 vox
1779 1344 1918 1379 poetica.

1121 1409 1165 1413 —
1194 1391 1314 1421 Siluas
1337 1390 1514 1433 fatigant,
1539 1399 1635 1427 quum
1655 1393 1789 1419 multum
1807 1390 1917 1418 insint.

1121 1441 1200 1467 Item
1240 1441 1309 1468 val.
1334 1437 1364 1475 3,
1392 1438 1447 1467 2¹.
1493 1439 1541 1466 De
1572 1445 1603 1466 v.
1623 1434 1792 1476 fatigare
1818 1435 1863 1484 οἱ,
1887 1434 1917 1469 1,

1120 1484 1198 1513 280.
1257 1487 1395 1513 Theocr.
1441 1482 1497 1519 13,
1536 1482 1580 1512 66
1620 1475 1804 1520 ἀλώμενος
1841 1473 1918 1510 οσῡ)

1122 1522 1296 1568 ἐμόγησεν
1323 1522 1421 1567 (ὄρεα
1447 1523 1509 1558 καὶ
1536 1521 1693 1565 δρυμώς.

1167 1574 1243 1602 606.
1270 1577 1420 1603 Flectere
1439 1581 1544 1608 equos
1562 1573 1603 1601 iis
1619 1573 1718 1601 ludus
1733 1577 1801 1607 est;
1829 1568 1919 1609 „das

1122 1616 1167 1649 ist
1197 1617 1293 1648 Euch
1319 1627 1386 1648 nur
1421 1616 1556 1659 Spielf·
1581 1619 1617 1647 B.
1657 1616 1763 1658 Inque
1784 1614 1919 1657 procel-

1122 1663 1211 1694 losos
1240 1663 1387 1694 lembum
1412 1667 1609 1694 convertere
1622 1661 1758 1702 flnctus
1782 1660 1919 1692 Ludum

1121 1707 1223 1740 habet
1259 1711 1323 1739 Av.
1363 1712 1470 1739 deser.
1507 1715 1584 1738 terr.
1621 1709 1698 1738 385.
1722 1725 1767 1729 -—
1797 1717 1918 1747 cornu,

1120 1763 1199 1785 arcu
1234 1764 1276 1784 ex
1309 1764 1410 1784 cornu
1444 1756 1542 1784 facto.
1566 1756 1617 1783 Ita
1648 1754 1697 1792 11,
1722 1754 1798 1784 773.
1847 1756 1917 1784 Ec1.

1126 1801 1177 1837 10,
1201 1800 1253 1829 59.
1281 1803 1338 1830 Sil.
1367 1802 1398 1837 2,
1422 1800 1497 1829 109.
1525 1800 1762 1838 cf.5,8t7.—-
1779 1797 1918 1840 spicula

1121 1847 1164 1876 cs.
1195 1846 1245 1882 ll,
1273 1846 1349 1875 773.

1167 1891 1243 1921 607.
1269 1895 1293 1921 E
1319 1893 1439 1922 talibus
1467 1892 1578 1926 pueris
1599 1891 1757 1920 iuventus
1773 1890 1917 1926 exsistit,

1121 1946 1206 1973 quae
1238 1946 1350 1967 omnes
1387 1940 1520 1967 labores
1557 1942 1588 1965 et
1624 1937 1672 1966 rei
1713 1937 1858 1966 rusticae
1885 1940 1916 1964 et

1122 1985 1198 2013 belli
1228 1984 1326 2013 facile
1365 1988 1471 2019 potest
1513 1983 1609 2011 ferre.
1642 1998 1686 2002 —-
1716 1990 1828 2022 parvo
1853 1979 1918 2010 acl-

1123 2032 1244 2058 sueta.-
1290 2030 1364 2058 111110
1408 2029 1524 2064 paucis
1566 2028 1727 2065 contenti,
1764 2028 1916 2056 homines

1119 2076 1204 2110 frugi
1229 2080 1314 2104 sunt.
1338 2091 1383 2096 —-
1410 2072 1615 2104 adsuescere
1640 2076 1672 2104 et
1696 2070 1864 2102 adsuetus
1887 2081 1916 2102 0.

1121 2124 1185 2150 abl.
1213 2121 1248 2158 7,
1280 2119 1355 2150 746.
1392 2121 1460 2150 Cic.
1492 2121 1531 2149 de
1565 2127 1611 2149 or.
1642 2119 1674 2157 3,
1704 2118 1755 2157 15,
1779 2119 1835 2148 58.
1861 2121 1915 2148 Gr.

1122 2167 1143 2202 g
1169 2166 1246 2203 326,
1271 2166 1302 2196 2.

1167 2211 1244 2241 608.
1274 2209 1402 2241 Domat
1427 2219 1457 2240 v.
1478 2211 1618 2240 militare
1631 2210 1686 2239 Sic
1705 2209 1762 2240 Sit.
1782 2209 1814 2247 8,
1838 2207 1916 2238 371.

1127 2255 1265 2287 Rastris
1306 2255 1450 2287 domant
1493 2253 1687 2296 Aequicula
1728 2263 1834 2291 rura,·
1871 2255 1918 2284 ita

1123 2311 1280 2332 exercere
1306 2304 1343 2340 7,
1381 2300 1456 2331 747.
1485 2317 1529 2321 —
1561 2304 1598 2330 Et
1631 2303 1776 2341 quatere
1813 2301 1917 2330 ariete

1122 2357 1233 2378 muros
1260 2353 1289 2377 et
1315 2350 1495 2377 concutere
1519 2348 1645 2376 dicitur.

1168 2394 1244 2423 609.
1271 2397 1316 2423 Ne
1355 2395 1387 2422 in
1421 2401 1503 2428 pace
1532 2394 1659 2428 quidem
1693 2399 1785 2424 arma
1813 2393 1916 2427 depo·
1941 2401 1950 2410 ·

1122 2445 1212 2477 nunt,
1235 2442 1396 2474 hastaque
1420 2440 1557 2468 inversa
1582 2447 1638 2474 pro
1661 2440 1794 2467 stimulo
1821 2442 1916 2466 utun-

1123 2491 1184 2521 tur,
1221 2494 1284 2519 quo
1322 2488 1444 2523 boves,
1471 2486 1500 2514 si
1523 2488 1676 2521 cessant,
1709 2488 1854 2519 pungant
1885 2487 1916 2512 et
1962 2518 1967 2522 .

1121 2532 1299 2567 impellant.

1168 2577 1244 2605 610.
1272 2579 1381 2610 Neque
1405 2580 1562 2605 senectus
1579 2583 1692 2604 eorum
1708 2575 1825 2604 debilis
1853 2577 1913 2611 est,

1123 2623 1182 2651 sed
1214 2622 1332 2651 sufficit.
1363 2622 1462 2651 armis
1497 2622 1660 2658 ferendis;
1692 2622 1792 2649 multo
1816 2620 1913 2648 etiam

1122 2669 1226 2702 magis
1257 2668 1354 2696 animi
1391 2668 1487 2703 vigor
1515 2671 1634 2696 manet.
1665 2682 1710 2686 —
1742 2667 1813 2701 Vgl.
1849 2666 1913 2692 hoc

1121 2714 1218 2742 utitur
1238 2714 1399 2751 convicio,
1426 2718 1459 2742 ut
1483 2715 1591 2742 laudet
1610 2713 1641 2741 in
1659 2711 1785 2741 Rutulis
1802 2717 1913 2739 mores

1120 2763 1267 2787 veterum
1299 2760 1539 2797 Romanorum,
1577 2759 1692 2793 quales
1724 2759 1815 2784 erant
1849 2757 1913 2784 Fa-

1121 2805 1227 2841 bricii,
1265 2805 1373 2841 Decii,
1415 2804 1615 2841 Cincinnati,
1651 2801 1806 2838 Calatini,
1838 2801 1912 2839 alii,

1118 2849 1221 2878 fortes
1253 2855 1282 2878 et
1315 2851 1439 2879 strenui
1471 2851 1511 2880 ad
1537 2855 1650 2878 omnes
1672 2849 1805 2876 labores
1832 2849 1912 2876 sub-

1119 2897 1258 2931 eundos,
1286 2897 1376 2930 parci
1400 2900 1431 2924 et
1457 2902 1632 2931 pauperes.
1681 2893 1837 2922 Attamen
1860 2897 1911 2922 ta-

1116 2943 1168 2970 les
1199 2941 1348 2971 homines
1379 2949 1398 2970 a
1424 2940 1576 2970 Troianis
1604 2939 1796 2974 vincuntur;
1825 2939 1910 2967 unde

1117 2992 1217 3023 patet,
1243 2995 1302 3015 eos
1328 2989 1381 3015 vel
1403 2986 1556 3015 fortiores
1582 2991 1677 3021 esse,
1711 2991 1909 3019 quamquam

1113 3033 1270 3062 cultiores
1297 3033 1371 3061 sint.
1420 3031 1502 3060 Hinc
1526 3030 1559 3059 in
1581 3032 1644 3059 11οο
1666 3031 1823 3060 convicio
1850 3037 1908 3066 per
