2044 3329
762 97 993 131 AENEIDOS
1017 99 1102 132 LIB.
1128 101 1154 132 Ι.

1718 107 1763 145 11

143 210 374 262 Concilias,
399 213 447 251 tu
477 209 554 252 das
585 209 720 264 epulis
745 209 995 253 accumbere
1023 211 1176 264 divom,

142 267 477 321 Nimborumque
506 267 612 309 facis
641 271 1027 322 tempestatumque
1054 271 1282 323 potentem.

1713 277 1767 315 80

255 324 372 366 Haec
394 324 467 366 ubi
492 324 625 376 dicta,
654 339 804 367 cavum
830 339 1031 368 conversa
1062 326 1234 380 cuspide
1264 331 1452 370 montem

141 381 316 436 Impulit
341 382 385 422 in
413 381 547 424 latus:
575 395 625 424 ac
655 383 785 434 venti,
815 383 930 424 velut
958 384 1126 437 agmine
1150 384 1277 436 facto,

141 439 235 490 Qua
262 438 366 480 data
394 443 539 492 porta,
566 443 696 481 ruunt
721 443 762 482 et
789 444 928 482 terras
954 441 1124 483 turbine
1151 441 1344 495 perflant,

140 496 375 538 Incubuere
404 496 512 538 mari
539 500 765 550 totumque
794 511 820 538 a
848 497 1018 540 sedibus
1047 499 1142 540 imis

140 553 236 596 Una
263 554 486 607 Eurusque
509 554 731 608 Notusque
756 559 886 596 ruunt
914 555 1144 610 creberque
1171 555 1370 610 procellis

140 610 310 652 Africus
336 615 378 652 et
400 614 545 653 vastos
570 612 743 653 volvunt
774 612 829 654 ad
853 613 982 654 litora
1007 613 1172 655 fluctus.

140 668 383 721 Insequitur
414 669 658 723 clamorque
684 670 820 711 virum
852 670 1094 724 stridorque
1123 671 1359 713 rudentum.

140 726 339 779 Eripiunt
365 725 506 767 subito
535 727 668 768 nubes
695 727 943 781 caelumque
969 728 1165 781 diemque

141 783 401 824 Teucrorum
430 797 480 824 ex
510 784 662 826 oculis:
697 788 828 839 ponto
858 799 941 826 nox
963 785 1138 827 incubat
1171 788 1279 827 atra.

139 840 367 882 Intonuere
395 841 483 894 poli
514 846 556 883 et
581 842 739 883 crebris
768 843 898 883 micat
926 842 1093 895 ignibus
1120 842 1268 884 aether

1716 847 1770 886 90

141 897 498 951 Praesentemque
522 899 623 940 viris
648 900 862 940 intentant
887 900 1030 940 omnia
1055 903 1247 940 mortem.

141 955 366 1009 Extemplo
392 957 559 998 Aeneae
584 956 806 998 solvuntur
834 956 994 1009 frigore
1022 956 1232 1007 membra3

142 1012 325 1065 Ingemit
354 1015 412 1063 et,
443 1012 633 1066 duplices
664 1013 842 1054 tendens
872 1013 928 1054 ad
956 1013 1096 1054 sidera
1120 1013 1299 1067 palmas,

142 1069 262 1110 Talia
285 1083 386 1110 voce
412 1069 564 1111 refert:
600 1069 633 1111 O
660 1074 812 1123 terque
842 1073 1079 1124 quaterque
1102 1070 1231 1122 beati,

143 1127 244 1176 Quis
268 1130 368 1168 ante
397 1140 473 1168 ora
495 1131 666 1180 patrum
696 1127 848 1168 Troiae
876 1127 954 1169 sub
985 1128 1208 1169 moenibus
1238 1127 1337 1169 altis

143 1183 332 1237 Contigit
358 1184 575 1238 oppetere!
604 1198 626 1226 o
654 1185 853 1226 Danaum
877 1184 1108 1227 fortissime
1133 1185 1282 1240 gentiS,

141 1240 318 1295 Tydide,
347 1255 467 1283 mene
497 1242 639 1284 Iliacis
672 1242 921 1284 occumbere
953 1243 1114 1297 campis

142 1299 238 1341 Non
267 1299 456 1353 potuisse
479 1303 639 1354 tuaque
668 1300 855 1342 animam
884 1300 995 1342 hanc
1025 1299 1242 1343 effundere
1273 1299 1436 1352 dextra,

188 1416 242 1446 79.
273 1415 400 1457 Epulis
423 1415 522 1447 deum
548 1427 613 1447 non
638 1420 843 1454 accumbunt,
870 1418 935 1447 nisi

142 1463 174 1492 in
199 1464 280 1492 deos
300 1464 412 1499 relati;
437 1464 482 1492 ita
495 1466 531 1492 E.
555 1464 586 1501 4,
607 1463 660 1493 63.
709 1466 831 1493 Poetae
850 1464 934 1492 enim

143 1509 270 1543 signum
287 1510 333 1537 rei
349 1510 562 1545 conspicuum
583 1518 640 1545 pro
661 1518 695 1539 re
713 1510 787 1545 ipsa
802 1514 935 1545 ponunt.

189 1554 243 1583 80.
270 1558 351 1584 Nota
373 1556 423 1584 dei
450 1560 654 1593 potestatem,
685 1556 739 1590 qui
764 1556 861 1584 simul
887 1560 936 1584 at-

143 1607 205 1634 que
227 1601 348 1635 attingit
371 1606 522 1636 montem,
545 1602 647 1636 aperit
669 1604 826 1637 claustra,
851 1608 935 1635 quae

145 1646 251 1683 venti,
296 1646 350 1680 qui
381 1647 482 1675 maria
520 1654 559 1675 ac
598 1652 701 1676 terras
741 1649 933 1681 caelumque

144 1699 258 1720 secum
295 1692 398 1721 ferunt
443 1693 494 1728 (v.
529 1692 611 1729 58),
652 1693 773 1722 frustra
814 1696 936 1721 tentant

144 1738 324 1772 effringere.
378 1735 441 1766 [Α.
464 1739 560 1767 sumit
587 1742 685 1767 totum
705 1738 753 1773 (l)
775 1740 815 1767 ab
832 1740 934 1767 Aeolo

144 1789 285 1812 montem
315 1784 449 1820 revelli,
491 1788 521 1812 ιιι
553 1785 642 1813 venti
673 1785 762 1812 exire
794 1784 935 1819 possint.

145 1830 210 1857 Sed
241 1837 324 1863 opus
355 1837 420 1857 non
447 1834 496 1858 est
527 1834 614 1858 tanto
639 1830 818 1863 molimine,
853 1830 935 1858 satis

145 1878 212 1911 est,
245 1875 330 1908 quod
364 1883 425 1902 uno
462 1875 582 1910 sceptri
614 1877 754 1910 impulsu
791 1877 936 1903 claustra

147 1920 243 1948 simul
261 1920 367 1948 omnia
384 1921 582 1954 aperiuntur.
630 1922 683 1950 Sic
701 1919 805 1950 datur
822 1922 936 1960 porta,

147 1972 230 2000 quae
262 1966 352 1993 nulla
383 1970 433 1993 est
464 1971 528 1994 toto
553 1972 678 2002 monte,
711 1967 743 1995 in
769 1974 831 2001 quo
861 1971 935 1995 sunt

147 2012 252 2045 venti,
279 2011 423 2039 inverso.

191 2055 247 2084 85.
278 2053 398 2085 Ruunt
429 2056 571 2085 activum
604 2060 654 2084 est
684 2055 737 2085 35.
773 2056 829 2093 11,
859 2055 935 2085 211.

147 2103 185 2131 G.
222 2102 254 2135 1,
284 2100 356 2129 105.
389 2100 427 2137 2,
458 2100 526 2128 308
558 2105 586 2129 et
623 2103 708 2136 apud
739 2103 834 2130 alios.
883 2104 937 2130 In-

147 2147 352 2176 transitivum
377 2152 427 2175 est
452 2151 482 2175 ut
510 2149 539 2176 l1.
568 2148 589 2175 l.
616 2146 655 2182 5,
682 2146 759 2175 695.
793 2147 832 2176 cf.
864 2145 935 2175 104.

147 2208 192 2213 --
235 2195 399 2221 Summam
446 2197 554 2221 autem
602 2193 677 2221 oriri
724 2193 938 2228 opinabantur

147 2242 392 2275 tempestatem,
435 2238 464 2266 si
505 2246 619 2266 omnes
656 2239 738 2266 inter
777 2246 813 2267 se
850 2238 939 2266 venti

148 2283 374 2320 confligerent,
407 2283 453 2312 ita
477 2283 515 2317 2,
543 2283 621 2312 419.
670 2287 748 2313 Stat.
774 2286 874 2312 Theb.
908 2282 939 2320 1,

148 2329 214 2359 349
240 2338 290 2364 sq.
348 2331 441 2358 Hom.
469 2331 527 2358 Od.
555 2329 592 2364 5,
628 2327 696 2358 292
730 2338 780 2364 sq.
820 2322 940 2362 πάσας

149 2368 334 2412 ὀρόθυνεν
380 2367 509 2410 ἀέλλας
554 2371 738 2403 παντοίων
787 2367 940 2413 ἀνέμων.

150 2421 287 2454 Aliquos
311 2425 418 2449 autem
443 2425 561 2449 ventos
588 2421 714 2449 dixisse
737 2425 835 2456 poeta
859 2428 938 2449 con-

149 2470 257 2495 tentus
284 2470 346 2502 est,
376 2467 453 2494 nihil
477 2473 608 2501 curans,
637 2467 709 2501 quis
736 2466 939 2501 potissimum

150 2515 269 2541 ventus
300 2519 407 2540 naves
440 2513 481 2540 ad
503 2512 641 2546 Libyam
668 2512 802 2548 deferat,
828 2511 940 2540 omittit

152 2557 237 2586 enim
265 2556 371 2585 dicere
396 2558 602 2591 Aquilonem.
631 2573 676 2577 ——
715 2555 837 2587 Creber
859 2565 940 2597 pro-

151 2599 245 2631 cellis
274 2602 293 2630 i.
325 2610 354 2630 e.
385 2604 506 2631 crebris
535 2603 704 2639 procellis,
738 2603 778 2631 cf.
808 2603 844 2639 7,
874 2601 940 2630 483

150 2645 309 2677 cornibus
329 2645 463 2685 ingens.
505 2648 636 2677 Africus
659 2651 865 2683 procellosus
891 2652 942 2677 est

150 2695 182 2723 in
214 2693 293 2722 mari
324 2694 569 2722 mediterraneo.
624 2696 852 2729 Tempestates
885 2695 941 2722 de-

152 2740 249 2770 scribi
273 2739 423 2767 invenies
450 2738 487 2775 3,
520 2738 584 2768 192
609 2741 650 2768 al.

196 2784 250 2814 87.
277 2784 323 2814 Cf.
351 2786 410 2813 Ov.
440 2787 481 2812 M.
518 2784 575 2822 11,
605 2783 672 2814 495
705 2782 840 2814 Sonant
872 2782 943 2814 cla-

151 2838 244 2860 more
268 2827 351 2866 viri,
379 2827 528 2859 stridore
550 2828 723 2859 rudentem

197 2875 252 2904 89.
277 2876 327 2904 Ad
367 2877 470 2904 verba
513 2876 553 2904 cf.
588 2878 683 2905 Lucr.
726 2875 759 2913 1,
791 2875 858 2905 219
902 2884 942 2905 esc

154 2918 264 2950 oculis
287 2929 342 2950 res
368 2929 524 2961 quaeque
547 2924 684 2961 repente
715 2924 843 2961 erepta.
892 2922 943 2950 Ad

153 2974 222 2996 rem
250 2967 292 2996 cf.
323 2967 360 3004 3,
395 2965 457 2995 192
481 2975 530 3001 sq.
587 2968 646 2995 ΟΥ.
674 2970 761 2996 Fast.
793 2966 831 3004 2,
857 2965 940 2996 493:

158 3009 220 3042 Sol
238 3010 342 3054 fugit
363 3014 394 3043 et
417 3015 591 3042 removent
617 3010 799 3043 subeuntia
822 3010 944 3042 nubila

981 1415 1125 1446 caelum.
1175 1419 1231 1447 Od.
1264 1417 1300 1453 5,
1331 1417 1415 1447 293;
1458 1411 1524 1447 σὺν
1550 1413 1587 1448 δὲ
1613 1414 1775 1457 νεφέεσσι

980 1457 1120 1501 κάλυψε
1140 1462 1249 1513 γαῖαν
1271 1456 1364 1502 ομοῦ
1387 1471 1448 1492 και
1465 1457 1617 1493 πόντον·
1645 1459 1774 1504 ὀρώρει

981 1502 1011 1538 δ’
1043 1503 1253 1547 οὐρανόθεν
1285 1503 1362 1546 νύξ.
1410 1509 1447 1545 9,
1476 1509 1530 1539 66.
1562 1519 1612 1545 sq.
1666 1509 1773 1541 Ρόηῑό

981 1553 1047 1584 mix
1082 1552 1222 1584 incubat
1255 1554 1345 1584 citima
1394 1557 1483 1584 Haec
1517 1558 1617 1585 rerba
1649 1561 1679 1585 et
1708 1557 1774 1586 ictu

981 1606 1011 1629 et
1035 1602 1208 1630 vocalibus
1232 1609 1299 1629 rein
1323 1601 1462 1636 signant.

1026 1647 1079 1675 90.
1109 1644 1197 1683 PoIi,
1213 1648 1351 1682 caelum,
1377 1646 1417 1675 cf.
1433 1646 1509 1675 608.
1535 1648 1572 1675 Il.
1588 1646 1671 1683 251;
1696 1656 1773 1677 sae-

983 1692 1118 1728 pissime
1142 1693 1228 1728 apud
1253 1693 1337 1721 alios
1364 1696 1490 1727 poetas.
1506 1708 1550 1712 —
1566 1691 1682 1722 micat.
1724 1694 1772 1724 Cf.

984 1740 1043 1768 ΟΥ.
1080 1740 1132 1767 Tr.
1174 1738 1208 1775 1,
1244 1737 1281 1775 2,
1322 1736 1381 1766 45:
1438 1736 1549 1767 Celeri
1584 1736 1775 1769 micuerunt

982 1781 1273 1822 nubilaflamma.
1312 1785 1361 1812 De
1380 1791 1462 1811 voce
1482 1781 1610 1812 micare
1635 1784 1681 1819 10,
1697 1783 1774 1814 396.

1027 1829 1081 1858 91.
1109 1828 1295 1858 intentant.
1352 1830 1506 1858 Similiter
1545 1830 1624 1858 dixit
1656 1831 1773 1860 catull.

983 1874 1043 1911 64,
1088 1874 1150 1902 187
1192 1877 1366 1904 ostentant
1411 1873 1526 1903 omnia
1573 1873 1694 1911 letum,
1733 1877 1774 1906 cf.

984 1922 1042 1949 Od.
1075 1920 1111 1955 5,
1144 1920 1208 1949 297
1247 1914 1309 1948 καὶ
1344 1913 1421 1959 ‘cori
1450 1912 1648 1959 Ὀδυσσῆος
1689 1915 1774 1951 λύτο

982 1960 1144 2005 γούνατα
1177 1960 1236 1994 καὶ
1267 1960 1372 2005 φίλον
1397 1960 1486 2005 ἠτορ
1520 1981 1562 1985 —
1600 1968 1774 1996 Horrorem

983 2013 1069 2047 apud
1102 2011 1268 2046 Virgilium
1302 2011 1403 2041 variis
1441 2011 1545 2040 modis
1578 2013 1775 2048 descriptum

982 2058 1057 2086 vide
1081 2056 1117 2093 3,
1146 2056 1200 2085 30.

1028 2101 1082 2131 93.
1110 2102 1157 2131 Cf.
1176 2102 1207 2139 9,
1229 2101 1284 2131 16:
1314 2099 1475 2141 Duplices
1495 2100 1542 2132 ad
1562 2100 1678 2132 sidera
1695 2101 1776 2143 pal-

983 2155 1061 2176 mas
1083 2145 1243 2183 sustulit3
1280 2148 1326 2176 ita
1360 2145 1515 2187 duplices
1544 2149 1625 2178 dixit
1656 2157 1776 2179 manus

987 2193 1020 2229 7,
1054 2190 1125 2220 139.
1173 2191 1229 2227 10,
1254 2192 1330 2221 667.
1384 2190 1525 2223 Palmas
1549 2194 1589 2224 cf.
1615 2195 1652 2229 5,
1678 2195 1756 2223 233.

1029 2237 1083 2267 94.
1110 2237 1157 2267 cf.
1183 2239 1240 2266 Od.
1264 2237 1295 2273 5,
1322 2236 1402 2267 306:
1440 2233 1685 2290 Τριςμιῖκαρες
1701 2239 1778 2268 Λα-

984 2278 1068 2312 ναοὶ
1111 2279 1172 2311 καὶ
1218 2275 1397 2333 τετράκις,
1451 2280 1493 2313 οῖ’
1530 2277 1602 2313 τότ’
1647 2278 1776 2314 ὄλοντο

990 2323 1103 2368 Τροίῃ
1127 2321 1164 2357 ἐν
1191 2320 1271 2367 εὗρε
1257 2324 1320 2368 ίη.
1369 2329 1422 2357 Sic
1455 2334 1567 2364 terque
1597 2335 1774 2365 quaterque

984 2371 1022 2410 4,
1048 2373 1125 2401 589.

1030 2418 1084 2448 96.
1116 2416 1283 2459 Oppetere
1308 2420 1352 2448 ita
1376 2416 1436 2455 12,
1468 2418 1545 2448 543.
1576 2419 1653 2449 640.
1696 2423 1775 2449 Tac.

985 2466 1025 2494 A.
1055 2464 1094 2501 2,
1126 2464 1180 2493 24.
1230 2466 1312 2493 Plin.
1345 2467 1383 2494 H.
1413 2467 1449 2494 N.
1479 2465 1534 2502 10,
1567 2465 1599 2494 3.
1648 2466 1775 2495 Primus

986 2511 1114 2539 videtur
1133 2511 1259 2540 dixisse
1275 2512 1345 2546 Vgl.
1370 2519 1426 2546 pro
1447 2513 1606 2550 oppetere
1623 2514 1775 2541 mortem.

986 2558 1044 2585 Est
1078 2562 1185 2584 autem
1223 2559 1362 2585 oblatam
1393 2562 1528 2586 mortem
1562 2557 1685 2586 fortiter
1715 2566 1777 2586 ex-

987 2602 1105 2637 cipere.

1032 2648 1086 2676 97.
1113 2648 1298 2676 Diomedes.
1325 2648 1428 2682 Tydei
1457 2648 1551 2683 filius,
1578 2651 1777 2678 Graecorum

989 2693 1205 2722 fortissimus.
1249 2694 1307 2728 (H.
1346 2695 1382 2722 11.
1421 2693 1459 2722 6.
1497 2693 1572 2729 98.)
1618 2695 1776 2724 interfecit

988 2740 1152 2775 Aeneam,
1193 2740 1250 2774 (H.
1284 2740 1319 2766 Il.
1356 2739 1392 2776 5,
1433 2738 1531 2774 239.)
1568 2741 1633 2769 nisi
1665 2743 1777 2770 Venus

988 2787 1073 2813 hunc
1099 2785 1321 2819 surripuisset.
1358 2800 1402 2804 —
1440 2793 1535 2814 mene
1565 2786 1607 2814 cf.
1641 2786 1693 2815 37.
1734 2802 1779 2806 —

991 2828 1150 2859 Animam
1176 2827 1351 2869 effundere
1375 2831 1451 2859 dixit
1476 2832 1548 2866 Vgl.
1576 2837 1606 2860 ut
1631 2833 1696 2861 Cic.
1719 2834 1777 2861 Ph.

991 2873 1051 2912 14,
1079 2875 1120 2903 12
1148 2878 1331 2904 ereremum
1354 2874 1513 2915 spiritum
1539 2874 1725 2916 effundere.

1034 2922 1088 2950 98.
1118 2920 1250 2950 Saevus
1281 2922 1314 2950 in
1343 2923 1472 2951 laudem
1505 2922 1618 2951 dicitur
1642 2925 1779 2952 bellato-

989 2968 1034 2996 ris
1065 2966 1119 3001 12,
1149 2966 1221 2995 107.
1261 2969 1337 2996 Hor.
1363 2969 1397 2997 C.
1422 2967 1460 3003 2,
1489 2966 1546 3004 12,
1571 2968 1603 2997 5.
1650 2970 1709 2997 Οι·.
1735 2971 1777 2997 Μ.

993 3012 1048 3049 13,
1087 3011 1158 3041 177.
1187 3028 1230 3032 —-
1266 3011 1449 3054 Sarpedon
1473 3013 1565 3043 Iovis
1596 3017 1626 3043 et
1651 3015 1779 3044 Laoda-
