2023 3350
827 112 1059 148 ADDENDA.

166 225 246 265 123,
275 226 304 257 2.
341 226 369 266 t,
391 226 424 258 e.

166 282 242 314 170.
268 286 360 315 Adde
375 284 450 315 392.
473 283 504 323 4,
522 283 600 314 201.
625 284 656 314 5.
683 282 766 314 822.
792 283 822 320 7,
842 283 918 315 732.

119 327 151 364 8,
178 329 254 360 678.
282 329 333 369 10,
359 329 435 360 497.
465 329 515 368 11,
541 329 618 360 633.
645 333 681 360 G.
707 329 738 369 2,
766 330 844 361 473.

170 386 242 425 178,
268 387 287 417 4
314 389 423 417 eodem
447 397 488 417 ex
511 389 594 425 loco,
618 390 705 418 unde
731 390 843 425 priora

166 442 243 474 207.
270 445 466 482 singularis,
499 453 559 475 nec
581 446 648 475 nisi
672 447 708 476 in
733 447 918 482 collectim,

120 498 312 526 quamquam

165 551 241 580 263.
267 554 330 581 Pro
369 545 505 587 primus
549 550 726 579 Mtinscher
773 549 921 585 proponit

115 604 277 637 promus,
318 601 470 635 primm,
514 598 715 635 promptus,
756 600 791 625 ut
815 596 920 631 eligas

118 643 193 678 quid
218 643 314 673 velis.
362 640 483 669 Brandt
506 637 659 669 medicus
683 642 813 671 scilicet
837 641 920 676 quod

116 689 191 723 quis
215 688 433 721 adscripscrat
453 683 588 726 primus
609 685 683 724 fuit
700 684 919 716 medicorum

115 731 252 774 primus
275 736 307 764 in
334 736 454 761 textum
475 732 603 766 irrepsit

164 778 241 814 271,
265 779 284 809 4
310 778 533 812 unusquisque

167 824 243 856 279.
278 824 376 856 Cur-0
402 824 441 854 cf.
471 822 521 861 12,
550 821 580 852 3.

166 870 240 903 290.
268 872 389 909 legisse
413 870 474 899 etsi
500 870 533 899 in
558 869 654 899 editis

167 917 243 949 322.
273 916 347 956 Quo
380 924 432 945 res
466 923 601 944 summa
639 912 716 944 loco
746 915 922 944 Mtinscher

117 966 212 1000 exul:
248 965 313 993 'Wo
337 963 380 991 ist
401 962 452 990 die
478 960 832 997 Hauptentscheidung,
866 961 921 990 der

118 1010 351 1046 zefahrlichste
383 1007 513 1042 Kampf.
561 1007 680 1036 Meiser
714 1003 919 1047 Iuro-1874

116 1064 147 1092 p.
172 1053 236 1084 1:39
261 1056 343 1085 coni.
370 1050 453 1093 quin
476 1050 683 1092 prendimus=
710 1060 836 1081 arcem.

166 1100 242 1131 349.
271 1102 445 1130 Mtinscber
471 1107 526 1134 pro
553 1095 584 1127 si
610 1100 684 1127 vult
709 1095 761 1126 ηἰ.

167 1146 242 1178 360,
267 1150 395 1177 turbata
419 1149 494 1174 sunt
517 1145 640 1180 aliqua.
691 1145 801 1179 Quare
825 1145 847 1172 1.
876 1140 918 1172 12

118 1194 225 1224 scribe
247 1193 286 1224 cf.
302 1193 332 1231 6,
352 1189 426 1221 293.
448 1188 513 1219 Hb:
539 1194 569 1220 et
594 1192 616 1219 1.
644 1189 688 1218 32
710 1191 818 1219 scribe
842 1187 921 1218 867.

165 1237 242 1269 366.
266 1240 393 1269 Poenas
414 1238 490 1266 dare
516 1237 633 1266 dicitur
658 1236 766 1265 hostis
788 1235 819 1271 9,
843 1233 919 1264 356.

166 1283 232 1314 392
267 1286 322 1315 Α6
350 1289 380 1316 11.
409 1292 442 1313 v.
474 1283 513 1312 cf.
548 1290 631 1318 quae
666 1283 756 1312 dicta
783 1286 859 1311 sunt
889 1279 920 1319 7,

165 1376 242 1408 396.
268 1374 408 1407 nomine
451 1378 535 1413 quod
574 1379 624 1406 est
661 1374 697 1402 in
739 1381 770 1412 y,
809 1375 922 1409 probat

121 1425 308 1454 Miinscher.

168 1468 244 1499 415.
274 1470 313 1500 cf.
347 1467 477 1506 1,162.

167 1514 243 1545 471.
269 1518 308 1545 ad
337 1516 521 1551 Bagradam
547 1513 663 1542 flumen
688 1511 804 1542 incidit

165 1559 242 1598 497,
269 1560 288 1590 3
314 1562 427 1590 scribit
456 1561 584 1588 trans-it

166 1605 242 1637 647.
274 1604 415 1637 Inutilis
440 1606 480 1636 cf.
508 1603 562 1643 10,
585 1602 662 1633 794.

166 1650 242 1683 681.
267 1656 298 1683 S.
315 1642 363 1683 ὀἱ
390 1651 422 1689 9.
446 1650 524 1681 502,

167 1697 243 1729 693.
268 1700 409 1736 elegisse
434 1699 473 1728 cf.
497 1696 549 1732 12,
581 1696 659 1726 259.

166 1743 243 1775 707.
267 1751 296 1776 et
320 1746 351 1780 3,
376 1743 439 1772 405
463 1744 661 1773 infinitivum
686 1750 761 1772 esse
783 1749 837 1776 pro
860 1741 921 1770 im-

117 1792 265 1826 perativo
290 1791 387 1821 sumit
410 1792 496 1826 Iolly
515 1791 707 1819 Geschichte
732 1789 787 1816 des
811 1787 921 1816 11111111-

118 1838 185 1867 tivs
206 1838 249 1867 im
266 1836 604 1872 Indogermanischen.
636 1838 800 1866 Mtinchen
824 1831 919 1862 1873.

170 1881 247 1913 798.
280 1885 316 1913 Ρ.
344 1882 362 1911 3
409 1885 535 1911 turbam
564 1883 648 1917 quod

166 1931 244 1960 Exe.
271 1932 292 1959 1.
318 1927 339 1958 8
367 1930 458 1958 locus
479 1937 542 1958 non
564 1932 652 1957 esset

434 2005 509 2038 Lib.
536 2007 603 2038 III.

168 2063 222 2094 20.
248 2063 362 2095 nitere
385 2065 424 2095 cf.
453 2064 484 2101 6,
511 2063 588 2094 654.

171 2108 246 2148 119,
271 2110 289 2139 3
319 2109 401 2146 695;
426 2112 530 2146 nigris
556 2113 595 2140 H.
620 2114 678 2142 Od.
705 2116 762 2141 etc.

167 2155 243 2195 119,
271 2150 475 2196 4μέλανας)
487 2158 683 2188 immolatur.
711 2159 826 2188 Cetera
842 2158 924 2186 dele.

167 2201 243 2237 204,
269 2202 289 2232 8
316 2207 346 2232 et
371 2204 418 2233 cir
443 2220 487 2224 -

168 2248 245 2285 268,
271 2248 291 2278 S
321 2249 361 2279 cf.
394 2246 425 2286 1,
453 2248 530 2279 317.

168 2294 246 2324 278.
274 2298 418 2325 Graecas

168 2340 245 2370 280.
270 2342 429 2371 Actiacus

167 2385 244 2418 297.
268 2384 408 2417 dicitur“
434 2390 465 2417 S.
493 2388 547 2418 Sic
576 2386 628 2427 12,
656 2387 732 2418 183.

167 2432 246 2463 327.
273 2435 507 2464 excusandum.

167 2479 243 2509 340.
273 2488 362 2520 qnae
396 2477 459 2508 tibi
494 2478 565 2509 iam
596 2477 702 2509 'Troia
729 2481 822 2510 infert
853 2478 923 2510 Μυ.

122 2523 141 2553 2
170 2535 199 2561 p.
228 2524 269 2554 34
297 2530 369 2561 post
395 2533 506 2554 arcem
535 2530 565 2555 et
590 2528 677 2555 addit
695 2529 786 2560 ..Iam
800 2530 925 2557 nullum

123 2572 286 2607 supererit
309 2572 553 2601 hemistichium
586 2573 653 2602 nisi
680 2576 828 2603 absoluto
853 2583 926 2610 per-

122 2618 268 2653 fectoque
293 2610 427 2647 sensu.“

168 2662 244 2692 359.
279 2661 347 2692 Mv.
393 2663 476 2693 coni.

122 2707 251 2738 laurus

172 2753 248 2784 39⁴.
282 2751 348 2783 Nec
371 2763 398 2784 c.
424 2754 618 2789 imperativo
639 2756 678 2785 cf.
706 2754 758 2793 12,
784 2755 861 2785 801.

170 2799 247 2837 581,
272 2798 291 2827 7
317 2805 415 2829 motat

168 2845 246 2883 614,
272 2845 289 2874 3
319 2847 566 2882 praeferendum

167 2892 244 2922 682.
273 2890 342 2921 Mu.
367 2894 468 2923 coni.:
510 2891 639 2921 Contra
667 2902 708 2921 nc
734 2890 830 2922 insen
854 2902 926 2922 mo-

124 2942 206 2970 nent
231 2936 366 2973 Heleni,
393 2938 448 2967 Sc.
471 2947 504 2966 a.
528 2935 738 2977 Charybdim
764 2937 866 2973 inter,
890 2962 895 2968 .
919 2960 926 2967 .

120 2994 244 3027 parvo,
268 2983 305 3014 ni
324 2993 364 3008 Ξ
392 2993 444 3013 ne.

168 3029 245 3062 684.
268 3039 298 3066 p,
327 3028 390 3062 165
414 3032 565 3060 debemus

526 2660 688 2703 tripodas
732 2662 847 2694 Clarii
894 2668 925 2695 et

1679 113 1759 151 665

1274 227 1349 260 Lib.
1375 227 1433 260 lv.

1018 275 1069 307 11.
1099 279 1152 308 Ad
1171 286 1220 316 ea,
1246 285 1329 313 quae
1342 277 1528 314 dictasunt,
1550 275 1590 305 cf.
1613 272 1666 314 12,
1685 273 1761 304 433.

1014 321 1068 352 52.
1096 325 1181 353 dele:
1206 332 1244 354 ac
1265 331 1381 352 revera
1408 338 1445 342 —
1473 322 1641 359 significet.

1014 368 1068 406 63,
1097 368 1138 398 13
1163 378 1303 410 reposco
1328 367 1358 405 6,
1382 367 1462 398 530.

1013 413 1067 443 84.
1096 413 1235 445 Fallere
1265 418 1312 443 est
1336 414 1448 443 furtim

1012 458 1088 489 178.
1120 458 1202 490 ΜΚ.
1226 462 1264 489 Ζ.
1294 460 1314 489 f.
1334 462 1489 496 Gymnw.
1513 456 1603 488 1874
1635 467 1665 494 p.
1698 455 1764 486 709

965 507 1093 536 scribit:
1128 506 1213 543 „Cui
1248 510 1323 541 quot
1351 510 1427 534 sunt
1458 513 1592 540 corpore
1624 506 1764 540 plumae,

966 553 1024 581 Tot
1045 552 1165 588 vigiles
1192 552 1293 581 oculi:
1338 553 1461 588 subter,
1499 559 1542 580 m.
1567 552 1609 587 6.,
1634 552 1669 579 Τ.
1694 552 1715 579 l.
1742 554 1766 579 t.

967 607 995 627 o.
1021 606 1060 634 3.,
1092 601 1112 626 t.
1139 605 1166 626 s.
1190 604 1220 626 a.
1268 599 1310 625 So
1341 596 1384 625 ist
1416 597 1517 625 sofort
1552 598 1648 625 Alles
1680 597 1763 625 klar.

967 645 1031 672 Der
1058 644 1155 672 Mund
1195 643 1273 672 sitzt
1316 647 1407 670 unter
1445 644 1518 671 dem
1548 643 1660 679 Auge,
1706 643 1766 671 das

966 689 1158 725 Ungeheuer
1183 691 1240 717 hat
1262 688 1348 717 nieht
1377 689 1465 717 Nase
1488 690 1569 717 noch
1593 689 1767 724 xvangen:

967 743 1003 764 es
1028 735 1070 763 ist
1094 742 1180 771 ganz
1206 735 1311 770 Auge,
1337 740 1423 769 ganz
1440 735 1555 770 Zunge
1578 735 1642 762 und
1656 735 1765 769 Mund,

967 788 1054 817 ganz
1095 782 1170 809 Ohr.
1238 779 1309 808 Aut’
1350 779 1441 808 diese
1485 780 1601 808 u'eise
1646 782 1765 808 komnit

967 829 1051 856 auch
1078 827 1135 855 das
1158 834 1200 854 m.
1227 822 1259 854 d.
1286 833 1327 854 zu
1352 825 1479 854 seinem
1502 826 1632 854 Rechte.
1674 826 1765 854 Denn

967 874 1126 901 wahrend
1166 872 1272 900 dieses
1305 872 1374 899 dem
1404 872 1457 899 lot
1481 879 1513 898 υ.
1543 880 1572 899 ο.
1595 868 1712 899 subter
1733 871 1766 899 in

968 920 1028 947 den
1064 919 1242 954 Ausgaben
1278 917 1338 946 auf
1367 917 1612 950 unertragliclie
1650 917 1766 945 &Veise

967 965 1161 1001 nachhinkt,
1198 963 1330 992 bereitet
1352 970 1387 991 es
1417 964 1514 998 jetzt,
1556 963 1623 991 wie
1643 960 1674 999 1,
1700 961 1764 990 439

968 1012 1033 1040 und
1066 1012 1287 1047 anderwarts,
1327 1008 1387 1038 mit
1410 1010 1593 1045 Spannung
1621 1008 1680 1037 auf
1707 1010 1766 1038 das

968 1058 1127 1093 Folgende
1152 1054 1248 1085 vor.‘·

1016 1101 1089 1131 193.
1116 1104 1175 1139 „N.
1199 1104 1232 1131 h.
1256 1101 1276 1130 i.
1303 1108 1329 1130 s.
1356 1101 1377 1128 1.
1395 1108 1425 1135 q.
1446 1101 1471 1129 1.
1497 1099 1518 1128 f.
1544 1100 1607 1128 soll
1629 1099 1766 1129 hiemem

968 1148 1078 1178 fovere
1115 1150 1175 1177 den
1210 1148 1342 1176 XVinter
1378 1147 1674 1181 durchschwelgen
1712 1148 1767 1174 be-

967 1196 1092 1224 deuten.
1131 1196 1177 1223 Ist
1203 1193 1271 1222 dies
1296 1192 1461 1228 moglich?
1495 1193 1551 1220 Ich
1570 1199 1649 1228 sage
1674 1192 1766 1220 Nein.

968 1242 1036 1270 Das
1068 1242 1178 1275 Object
1210 1247 1252 1268 zu
1283 1237 1402 1273 fouere
1433 1238 1478 1266 ist.
1514 1235 1604 1265 inter
1637 1245 1671 1264 se
1703 1239 1767 1266 und

967 1283 1112 1315 hiemem
1145 1293 1247 1325 qnam
1285 1282 1395 1323 longa
1428 1284 1472 1312 ist
1502 1283 1686 1312 Accusativ
1715 1285 1770 1312 der

967 1333 1054 1361 Zeit:
1077 1334 1156 1367 jetzt
1178 1331 1284 1367 liegen
1308 1330 1356 1359 sie
1381 1330 1539 1358 einander
1564 1329 1624 1357 den
1649 1331 1767 1365 langen

967 1378 1098 1406 Winter
1128 1377 1287 1405 hindnrch
1316 1376 1531 1411 schwelgend
1555 1374 1587 1402 in
1619 1376 1679 1403 den
1702 1375 1768 1403 Ar-

967 1431 1050 1453 men.
1099 1423 1172 1459 Vgi.
1199 1420 1228 1458 1,
1252 1419 1318 1449 708
1344 1421 1469 1457 gremio
1496 1417 1617 1449 fovet.“
1646 1417 1732 1449 h‘ctc.

1014 1466 1091 1505 216,
1116 1466 1133 1496 3
1162 1460 1314 1505 ποιητὴς

1014 1512 1090 1543 217.
1128 1510 1196 1542 Μυ.
1222 1515 1336 1547 probat
1360 1508 1549 1540 subnexus.

1015 1558 1080 1588 246
1125 1560 1249 1596 „heisst
1281 1558 1405 1593 apicem
1451 1561 1481 1585 et
1525 1558 1629 1585 latera
1666 1559 1770 1586 ardua

968 1607 1075 1636 sicher
1097 1606 1184 1635 nicht
1209 1605 1283 1642 „die
1299 1604 1409 1639 spitze
1438 1603 1504 1632 und
1531 1603 1581 1631 die
1607 1605 1771 1639 ragenden

969 1650 1100 1682 Seiten“
1133 1652 1273 1680 sondern
1311 1651 1363 1678 die
1393 1650 1507 1678 Krone
1538 1650 1603 1677 und
1633 1649 1684 1678 die
1714 1656 1771 1678 ra-

966 1699 1067 1735 gentle
1105 1698 1204 1726 Brust
1240 1697 1296 1725 des
1336 1695 1544 1730 mtthsetigen
1573 1695 1683 1724 Atlas.
1731 1696 1769 1723 In

966 1746 1021 1773 der
1051 1751 1178 1780 ganzen
1207 1743 1307 1771 Stelle
1342 1742 1429 1769 wird
1471 1748 1537 1769 von
1572 1742 1642 1769 dem
1671 1742 1770 1771 Atlas

964 1799 1025 1819 nur
1062 1791 1113 1819 als
1150 1796 1215 1818 von
1253 1788 1357 1817 einem
1391 1786 1506 1815 Greise
1531 1784 1612 1821 (551
1644 1786 1769 1824 senis),

968 1837 1041 1866 dem
1077 1835 1304 1865 mutterlichen
1343 1835 1542 1862 Grossvater
1574 1830 1681 1868 (258)
1715 1842 1770 1869 ge—

968 1885 1137 1917 sprochen.
1186 1881 1261 1909 Yon
1298 1879 1420 1908 diesem
1462 1879 1597 1906 werden
1630 1880 1772 1908 Scheitel

969 1926 1077 1963 (2⁴7)
1101 1928 1165 1956 und
1189 1927 1299 1960 Haupt
1325 1922 1454 1960 (249),
1491 1925 1623 1953 werden
1654 1927 1769 1954 Schul-

968 1979 1037 2003 tern
1065 1972 1192 2008 (250),
1236 1973 1323 2000 dann
1355 1971 1444 1999 Kinn
1471 1967 1580 2006 (250)
1603 1972 1667 1999 und
1692 1972 1770 2001 Bart

969 2016 1078 2055 (251)
1097 2018 1274 2055 genannt.“
1304 2014 1389 2046 ΜΚ.

1016 2063 1093 2100 261,
1121 2063 1150 2093 9.
1178 2065 1330 2093 stellatus
1353 2062 1392 2092 cf.
1420 2059 1453 2100 7,
1480 2060 1560 2092 210.

1015 2109 1091 2139 263.
1115 2111 1170 2146 qui
1197 2110 1312 2139 varius
1333 2113 1400 2137 erat

1016 2155 1092 2185 342.
1117 2157 1375 2186 continuitatem:
1400 2158 1488 2183 recte

1016 2200 1092 2232 357.
1120 2203 1296 2232 Steinmetz
1342 2202 1394 2230 Pr.
1448 2202 1638 2235 merseburg
1686 2199 1770 2230 1846

970 2254 1142 2284 utrumque
1177 2252 1274 2284 caput
1310 2246 1467 2283 inteiligit
1502 2247 1594 2275 Iovis
1626 2252 1657 2276 et
1686 2251 1771 2278 Mer-

970 2304 1064 2326 curn.

1016 2338 1093 2370 402.
1127 2337 1158 2379 1,
1184 2337 1260 2369 148.
1287 2337 1317 2375 2,
1345 2337 1410 2366 626
1435 2339 1550 2367 deinde
1574 2336 1605 2375 9,
1628 2337 1680 2368 32.
1704 2337 1769 2367 792

971 2388 1084 2417 deinde
1109 2391 1180 2422 post
1202 2384 1233 2421 2,
1259 2383 1323 2413 626
1350 2386 1420 2414 dele
1445 2383 1476 2422 6,
1502 2383 1579 2412 707.
1611 2386 1663 2413 Ad
1678 2386 1771 2415 tinem

971 2435 1071 2464 adde:
1109 2433 1148 2462 cf.
1176 2430 1227 2468 10,
1250 2429 1326 2460 272.

1016 2478 1091 2508 435.
1116 2479 1237 2508 Brandt
1262 2478 1419 2506 Didonem
1445 2482 1519 2512 post
1550 2485 1652 2515 qnam
1686 2474 1772 2506 mihi

971 2534 1073 2565 quum
1109 2521 1244 2553 ‹leder-it
1270 2524 1368 2552 sumit
1399 2524 1577 2552 orationem
1608 2531 1684 2558 prae
1714 2525 1771 2552 60-

970 2574 1039 2601 lore
1064 2573 1264 2605 abrumpere,
1289 2578 1390 2604 eoque
1414 2571 1508 2598 modo
1523 2578 1653 2598 versun)
1672 2569 1772 2598 inter-

971 2622 1097 2653 ruptum
1122 2624 1160 2647 ac
1191 2617 1351 2645 sententia
1384 2623 1519 2644 cassum
1545 2616 1706 2650 reperisse
1735 2624 1772 2644 se

970 2665 1165 2701 arbitratur,
1215 2663 1325 2697 qualis
1356 2661 1398 2689 sit
1439 2669 1537 2700 quem
1583 2659 1646 2690 tibi
1699 2658 1771 2690 iam

977 2708 1094 2739 Troia.

1017 2752 1093 2783 479.
1118 2755 1188 2782 dele
1212 2760 1348 2782 comma.

1019 2798 1095 2829 486.
1129 2797 1178 2828 Pl.
1204 2807 1259 2834 pro
1290 2796 1340 2827 Pi.

1019 2844 1097 2874 513.
1123 2847 1159 2873 111
1184 2845 1309 2873 artibus
1346 2844 1486 2879 magicis
1514 2846 1619 2877 falces
1651 2856 1773 2879 aeneae

1019 2889 1096 2920 576.
1123 2891 1162 2920 cf.
1193 2891 1286 2925 sequi
1307 2899 1399 2919 omen
1425 2889 1455 2928 9,
1484 2889 1537 2921 71.

1021 2935 1098 2970 577,
1125 2935 1142 2964 3
1170 2937 1334 2965 attulisset

1011 2981 1087 3011 586.
1115 2984 1281 3012 albescere
1308 2985 1412 3013 lucem

1018 3027 1093 3058 606.
1122 3020 1242 3067 ἅλημα
