2023 3350
675 120 909 155 AENEIDOS
934 124 1019 156 LIB.
1047 124 1089 156 X.

1614 130 1692 167 491

68 234 195 276 Cuius
228 234 415 276 olorinae
452 236 634 286 surgunt
670 233 722 274 de
762 235 918 277 vertice
954 250 1130 290 pennae,

68 293 235 333 Crimen
274 306 394 333 amor
427 294 613 331 vestrum
651 289 901 345 formaeque
931 293 1095 347 insigne
1130 298 1347 349 paternae.

67 349 261 401 Namque
294 350 436 390 ferunt
463 348 581 388 luctu
623 348 808 402 Cycnum
842 351 1121 392 Phaethontis
1160 354 1306 401 amati.

67 407 276 459 Populeas
310 407 420 446 inter
453 405 625 446 frondes
661 406 942 460 umbramque
987 423 1183 451 sororum

1614 414 1692 452 190

66 465 177 504 Dum
212 463 328 504 canit
365 466 407 503 et
446 467 655 504 maestum
680 464 803 506 Musa
841 466 1006 507 solatur
1042 481 1242 512 amorem,

67 522 292 562 Canentem
326 520 445 560 molli
480 521 626 573 pluma
663 521 832 563 duxisse
866 528 1090 574 senectam,

64 578 338 630 Linquentem
374 581 512 619 terras
547 582 589 619 et
619 578 762 621 sidera
795 594 896 621 voce
932 584 1190 634 sequentem.

63 635 212 684 Filius,
247 635 449 687 aequales
483 636 710 677 comitatus
751 637 886 678 classe
921 642 1126 689 catervas,

62 692 279 743 Ingentem
315 693 442 734 remis
479 693 738 735 Centaurum
776 699 1017 747 promovet3
1057 696 1131 737 ille

1605 700 1683 738 195

60 748 197 789 Instat
232 763 388 803 aquae,
426 764 658 804 saxumque
693 751 817 793 undis
851 753 1035 794 immane
1071 753 1260 794 minatur

59 805 244 857 Arduus,
283 811 324 847 et
358 808 487 861 longa
527 808 666 849 sulcat
703 810 840 851 maria
877 811 966 851 alta
1006 811 1163 851 carina.

171 863 249 910 Ille
283 864 412 906 etiam
448 866 598 919 patriis
631 874 783 919 agmen
818 867 900 909 ciet
932 867 1072 909 Ocnus
1106 867 1160 910 ab
1202 867 1301 918 oris,

58 1015 168 1044 verbis
190 1018 317 1046 nullam
339 1017 444 1046 fuisse
469 1017 695 1047 difficultatem.
748 1020 852 1053 Quare

65 1060 204 1090 (ἐμπατεῖ
240 1065 273 1091 et
306 1061 431 1102 paucis
469 1067 543 1098 puto
581 1068 729 1100 corrupta
765 1073 849 1101 esse,

58 1114 121 1135 non
167 1105 330 1147 Cupauo,
373 1116 456 1143 quae
489 1113 557 1138 erat
595 1111 755 1139 sententia
782 1107 850 1147 Pli,

56 1152 112 1186 qui
135 1153 280 1187 scripsit:
336 1151 465 1193 Cinyra
499 1153 660 1194 aequalis
687 1153 851 1185 comitate

57 1200 237 1234 catervas;
282 1206 417 1234 eamque
447 1201 639 1229 sententiam
670 1202 850 1231 confirmari

56 1250 161 1271 meam
185 1248 276 1280 puto,
317 1247 399 1280 quod
426 1246 459 1274 in
483 1254 563 1275 voce
593 1244 724 1286 Cinyra
750 1249 848 1276 multo

56 1290 153 1324 plura
189 1291 320 1319 variata
357 1295 448 1328 sunt,
512 1299 608 1326 quam
643 1293 678 1320 in
721 1293 850 1321 nomine

63 1332 223 1374 Cupavo,
265 1337 348 1371 quod
383 1345 447 1365 non
482 1337 544 1366 fuit
580 1338 688 1366 notius
722 1339 850 1367 nomine

56 1380 210 1415 Cinyrae.
265 1380 401 1411 Crimen
439 1391 537 1412 amor
571 1385 745 1412 vestrum:
795 1381 848 1412 Pl.

55 1426 138 1454 coni.
156 1423 317 1456 Crinibus
333 1431 584 1465 ornamentum,
610 1429 694 1458 satis
716 1430 847 1459 humile.

39 1473 194 1509 ‘Spengel
229 1474 311 1501 coni.
343 1471 500 1511 Crimen,
539 1473 661 1511 Amor,
696 1477 849 1504 vestrum

47 1517 190 1555 formae
213 1526 275 1549 rec.
302 1515 365 1549 ΠΙ).
396 1516 534 1548 Crimen
567 1527 665 1548 amor
695 1522 847 1550 vestrum

60 1559 124 1591 Ld.
144 1566 184 1592 ab
203 1565 270 1593 alio
288 1568 378 1599 putat
398 1564 539 1601 illatum,
566 1569 727 1600 totumque
742 1568 848 1596 locum

53 1610 150 1638 habet
174 1615 381 1645 con-ruptum.
406 1626 451 1630 —
469 1612 538 1640 Iam
561 1611 695 1646 Cupavo
721 1614 847 1649 galeam

55 1655 137 1690 gerit
177 1657 293 1690 pennis
331 1657 468 1685 olorinis
501 1661 666 1693 ornatam;
719 1659 848 1694 insigne

54 1702 115 1729 hoc
138 1709 211 1730 eum
237 1709 258 1730 a
283 1702 392 1737 Cycno
417 1704 532 1731 ducere
557 1703 731 1739 originem3
769 1704 848 1732 illae

53 1750 161 1775 autem
185 1754 312 1782 pennae
333 1753 421 1776 ortae
445 1752 521 1777 sunt
543 1756 584 1776 ex
607 1755 716 1777 amore
737 1754 846 1778 vestro

54 1792 166 1827 Cycne
190 1796 221 1821 et
244 1794 428 1828 Phaethom
453 1801 528 1822 nam
553 1798 679 1822 constat
699 1795 846 1829 Cycnum

52 1838 215 1873 lugentem
247 1843 379 1867 mortem
409 1839 621 1867 Phaethontis
658 1840 692 1868 in
727 1842 846 1869 olorem

54 1890 128 1911 esse
148 1891 350 1912 conversum.
400 1885 532 1919 Cupavo
557 1885 655 1920 igitur
685 1893 734 1913 est
760 1886 845 1914 tilius

55 1928 176 1965 Cycni,
212 1930 299 1965 regis
334 1930 506 1967 Ligurum,
544 1931 637 1959 cuius
675 1932 845 1960 historiam

55 1975 147 2010 legas
189 1981 241 2009 ap.
278 1976 336 2004 Ov.
371 1977 413 2004 Μ.
451 1973 487 2013 2,
525 1973 600 2004 367.
650 1978 711 2005 Sed
745 1982 845 2006 restat

53 2019 226 2048 difficultas
258 2020 291 2049 in
327 2018 469 2060 Cinyre,
509 2023 591 2056 quod
632 2019 716 2063 Wg.
751 2025 845 2051 babet

54 2066 256 2102 vocativum,
293 2067 436 2101 explicat
459 2067 560 2096 enini:
610 2067 744 2101 Cupavo
770 2077 843 2098 cum

51 2112 124 2139 suis
149 2112 361 2140 comitabatur
377 2117 537 2149 catervas,
565 2114 680 2147 quibus
699 2114 843 2150 Cinyrus

51 2162 207 2191 praeerat.
256 2159 316 2186 Sed
351 2166 392 2187 ex
434 2161 496 2187 hac
532 2159 749 2193 explicatione
784 2169 842 2189 nec

52 2204 125 2237 quis
164 2203 307 2239 Cinyrus
347 2212 405 2233 nec
444 2205 518 2238 quis
560 2205 696 2239 Cupavo
737 2205 843 2243 fuerit,

52 2249 275 2287 comperimus,
299 2257 357 2278 nec
381 2251 481 2284 plana
503 2250 533 2278 fit
558 2255 729 2280 structura.
773 2249 842 2280 Μυ.

60 2291 175 2323 Cinire
215 2303 330 2323 nomen
361 2304 402 2324 ex
438 2304 545 2324 errore
575 2300 676 2325 ortum
715 2301 843 2335 putans

51 2341 134 2374 quod
156 2347 216 2368 nos
237 2348 337 2375 supra
358 2342 556 2377 monuimus,
589 2343 670 2371 coni.
697 2340 771 2371 sine
796 2351 842 2379 re,

51 2390 86 2413 ut
109 2385 240 2421 Liguris
266 2386 501 2422 significaretur
525 2388 646 2424 inopia,
683 2393 714 2416 et
737 2387 844 2417 Amor

52 2439 125 2459 cum
152 2432 322 2468 Spengelio
350 2433 511 2462 intellexit
538 2435 639 2462 deum.
688 2435 844 2470 Intelligit

53 2477 150 2511 igitur
171 2477 204 2505 in
231 2480 381 2506 vestrum
406 2482 436 2507 et
451 2480 601 2508 Amorem
624 2483 653 2507 et
674 2480 842 2517 Venerem,

53 2531 116 2550 non
138 2522 361 2559 significatam,
385 2525 467 2558 quod
489 2533 550 2553 non
575 2526 659 2554 licet.

102 2565 176 2596 190.
201 2569 411 2598 Phaethontis
430 2572 754 2606 sorores‚,Phaetusa
774 2570 844 2605 (sic

54 2614 167 2648 Serv.)
193 2617 222 2642 et
235 2615 431 2649 Lampetusa
453 2616 524 2644 eius
547 2616 711 2645 interitum
735 2617 844 2645 flentes

52 2660 181 2688 deorum
206 2660 413 2689 miseratione
431 2661 464 2689 in
480 2664 610 2690 arbores
628 2667 843 2691 commutatae

51 2709 139 2740 sunu
186 2710 218 2733 ιιι
245 2706 296 2734 hic
322 2706 399 2735 dicit
426 2707 459 2734 in
483 2708 628 2743 populos,
659 2708 748 2736 utin
778 2709 842 2737 Bu-

50 2751 164 2779 colicis
189 2750 243 2785 [E.
269 2750 304 2784 6,
331 2750 393 2786 62)
426 2752 459 2780 in
488 2752 618 2781 alnos.·‘
646 2755 678 2781 S.
710 2753 750 2782 cf.
783 2755 842 2782 Ov.

50 2797 72 2824 l.
103 2798 124 2824 l.
150 2805 181 2825 v.
209 2795 284 2825 340.
332 2813 375 2816 —
421 2794 648 2836 Umbramque
685 2806 842 2828 sororum

52 2843 242 2879 „ambitiose
260 2843 389 2877 dictum,
415 2851 469 2877 pro
486 2844 568 2871 inter
588 2846 717 2872 arbores
735 2845 772 2872 de
790 2852 842 2873 so-

53 2888 177 2916 roribus
199 2888 310 2918 factas.
360 2890 397 2917 Et
420 2893 470 2917 est
497 2897 595 2929 unum
619 2890 658 2917 de
682 2890 734 2918 liis
758 2897 843 2924 quae

53 2934 233 2970 habethl.
253 2935 462 2963 inimitabilia
487 2939 516 2963 et
539 2942 600 2963 sua
625 2934 789 2969 propria.“
809 2938 842 2964 S.

58 2976 113 3008 Gt.
139 2987 194 3013 pro
218 2988 372 3009 sororum
399 2980 480 3009 coni.
504 2988 679 3008 sonoram.

101 3023 174 3053 192.
205 3022 337 3055 Ducere
358 3028 534 3054 canentem
557 3028 729 3054 senectam
753 3030 787 3054 ut
806 3028 840 3055 Ε,

897 1016 929 1056 9,
955 1017 995 1047 49
1027 1023 1057 1048 et
1082 1021 1141 1048 Ov.
1165 1022 1208 1048 Μ.
1234 1017 1272 1057 3,
1303 1016 1368 1047 485
1403 1016 1498 1048 ducit
1531 1028 1600 1049 uva
1633 1029 1688 1048 co—

895 1062 1001 1093 lorem
1033 1069 1063 1094 et
1095 1063 1219 1094 ducere
1246 1065 1397 1102 formam
1426 1068 1469 1095 Μ.
1498 1063 1526 1102 1,
1554 1064 1631 1094 402.
1658 1071 1688 1094 et

895 1108 928 1147 8,
956 1108 1021 1138 760
1056 1108 1146 1138 rami
1172 1108 1344 1150 pallorem
1378 1107 1522 1140 ducunt.
1572 1113 1688 1140 Pluma

895 1157 971 1184 alba
992 1156 1154 1185 inducitur
1177 1157 1306 1185 canenti
1336 1160 1366 1184 et
1387 1157 1483 1185 albus
1507 1159 1594 1186 color
1615 1166 1689 1186 esse

895 1203 976 1230 solet
1019 1206 1177 1231 senectae.
1224 1203 1321 1236 Apud
1362 1202 1474 1230 Claud.
1513 1200 1542 1231 6.
1592 1204 1687 1233 Cous.

895 1248 977 1275 Hon.
1018 1245 1081 1275 170
1125 1248 1256 1283 Cycnus
1300 1251 1347 1276 est
1389 1250 1547 1277 mutatus
1587 1257 1688 1279 senes:

892 1289 1034 1333 plumis.

943 1336 1016 1366 194.
1044 1334 1220 1377 Aequales
1244 1345 1270 1366 c.
1294 1333 1405 1366 classe
1431 1340 1590 1367 catervas
1611 1349 1690 1376 „per

894 1390 998 1412 naves
1036 1384 1216 1418 aequaliter
1250 1384 1373 1411 habens
1409 1385 1598 1413 distributas
1634 1394 1688 1414 ca-

895 1429 1038 1458 tervas.“
1061 1431 1093 1458 S.
1142 1429 1215 1458 Alii
1236 1429 1416 1463 explicant:
1457 1435 1607 1459 catervas
1632 1433 1688 1459 Li-

894 1483 1009 1511 gurum
1035 1475 1105 1510 ipse
1132 1475 1250 1511 LiguS,
1294 1478 1327 1502 ut
1350 1475 1391 1502 ad
1411 1483 1513 1510 genus
1541 1478 1688 1511 aequali-

895 1525 946 1549 tas
970 1522 1138 1555 pertineat.
1186 1520 1306 1548 Melius
1346 1524 1421 1555 puto
1459 1522 1614 1552 referetur
1646 1525 1686 1552 ad

894 1571 1049 1603 aetatem,
1088 1571 1123 1596 ut
1157 1567 1213 1602 qui
1254 1565 1445 1595 comitantur
1477 1569 1686 1602 Cupavonem

898 1613 974 1642 lecti
998 1613 1064 1641 sint
1096 1613 1244 1641 iuvenes.
1293 1611 1346 1640 Sic
1377 1611 1544 1652 aequales
1574 1617 1685 1643 cater-

894 1667 960 1687 vae
994 1659 1137 1687 eiusdem
1181 1657 1299 1687 aetatis
1338 1662 1490 1687 catervae
1523 1665 1595 1688 sunt
1633 1668 1686 1695 ap.

894 1705 970 1733 val.
997 1702 1110 1741 Fl.<7,
1146 1702 1219 1732 181.
1267 1704 1408 1732 Iuvenes
1438 1705 1523 1733 enim
1548 1706 1686 1742 Ligures

894 1757 991 1783 quum
1022 1750 1170 1778 audirent
1205 1750 1325 1777 bellum
1355 1756 1376 1777 a
1404 1751 1522 1779 Tuscis
1551 1754 1685 1790 moveri,

893 1800 927 1823 ut
961 1795 1098 1830 gloriam
1131 1795 1195 1823 sibi
1224 1798 1394 1829 pararent,
1435 1796 1507 1824 eius
1533 1799 1686 1826 volebant

893 1848 965 1868 esse
1007 1841 1099 1869 socii.
1158 1841 1219 1868 Pro
1259 1840 1538 1874 interpretamento
1577 1845 1686 1872 attulit

898 1883 949 1914 Pl.
977 1889 1078 1915 verba
1104 1886 1232 1921 Dictyis
1258 1886 1436 1914 Cretensis:
1486 1888 1588 1916 Plena
1611 1894 1685 1918 sunt

891 1934 986 1960 haec:
1055 1929 1196 1961 Interim
1245 1928 1328 1959 belli
1375 1929 1492 1960 studio
1540 1932 1687 1964 ardebat

891 1975 1002 2006 omnis
1059 1974 1228 2010 Graecia3
1264 2000 1270 2006 .
1299 1997 1306 2004 .
1334 1998 1341 2004 .
1369 1985 1471 2015 quam
1526 1975 1686 2010 iuventus

888 2022 1019 2062 partim
1049 2031 1112 2052 sua
1138 2023 1277 2062 sponte,
1323 2018 1388 2050 alii
1409 2022 1610 2062 aequalium
1637 2024 1684 2054 ad

887 2066 1041 2108 gloriam
1069 2065 1304 2097 aemulatione
1329 2064 1377 2096 ad
1399 2067 1520 2097 munia
1533 2068 1685 2100 militiae

883 2112 1109 2152 festinarent.
1137 2112 1151 2142 1
1181 2122 1210 2148 p.
1241 2111 1280 2140 16
1305 2114 1352 2141 ed.
1379 2115 1486 2143 Amst.

937 2158 1010 2188 196.
1042 2157 1152 2189 instat
1178 2166 1309 2198 aquae,
1333 2159 1476 2188 imminet
1502 2161 1682 2192 Centaurus

888 2206 943 2240 qui
965 2211 1012 2234 est
1038 2206 1072 2233 in
1097 2212 1202 2242 prora,
1241 2211 1280 2232 ac
1303 2212 1403 2238 supra
1430 2213 1546 2239 aquam
1573 2210 1679 2237 elatus

888 2256 956 2287 est,
995 2259 1175 2285 saxumque
1208 2257 1306 2279 manu
1345 2252 1410 2279 alte
1446 2253 1610 2282 sublatum
1648 2255 1681 2282 in

888 2305 977 2326 mare
1001 2298 1198 2332 proiecturus
1223 2296 1360 2324 videtur.
1408 2312 1452 2314 —
1498 2299 1553 2326 Sic
1577 2307 1682 2338 super

889 2341 998 2372 instat
1038 2340 1159 2382 Scylla
1208 2342 1242 2369 in
1284 2343 1411 2370 casside
1445 2343 1504 2371 Sil.
1530 2344 1566 2381 5,
1605 2343 1679 2372 135.

889 2389 1044 2417 Centauri
1071 2392 1176 2417 autem
1210 2388 1342 2422 saepius
1373 2389 1507 2417 navium
1531 2390 1682 2419 videntur

887 2435 993 2463 fuisse
1016 2434 1178 2470 insignia,
1220 2433 1260 2462 cf.
1285 2433 1315 2468 5,
1343 2430 1418 2469 122,
1451 2439 1482 2462 et
1507 2441 1558 2470 ap.
1585 2436 1679 2471 Prop.

887 2479 919 2517 4,
946 2480 977 2516 6,
1003 2477 1044 2507 49
1072 2479 1289 2508 Antoniarum
1312 2479 1447 2507 navium
1475 2489 1602 2519 prorae
1623 2489 1681 2510 ve-

886 2523 974 2555 hunt
1005 2523 1199 2554 Centauros
1225 2533 1314 2553 saxa
1337 2523 1520 2554 minantes.

935 2569 1011 2599 197.
1040 2571 1167 2599 Similis
1192 2578 1225 2598 v.
1250 2575 1299 2598 est
1327 2569 1358 2606 5,
1388 2570 1460 2598 158.

889 2648 1093 2680 298-206.
1145 2646 1281 2683 Ocnus,
1307 2645 1375 2677 dux
1400 2646 1678 2681 Mantuanorum.

934 2704 1011 2735 198.
1047 2704 1257 2742 Ocnus„Hic
1280 2707 1444 2734 Mantuam
1470 2707 1584 2736 dicitur
1604 2717 1680 2738 con--

889 2753 1028 2786 didisse,
1069 2758 1165 2786 quam
1194 2758 1214 2779 a
1237 2751 1351 2779 matris
1382 2752 1510 2780 nomine
1533 2757 1679 2788 appella-

889 2799 952 2832 vit;
997 2805 1070 2825 nam
1111 2797 1167 2825 fuit
1203 2797 1291 2825 tilius
1321 2797 1447 2825 Tiberis
1475 2802 1506 2826 et
1538 2801 1678 2837 Mantus,

888 2843 1035 2871 Tiresiae
1058 2842 1202 2870 Thebani
1224 2842 1314 2870 vatis
1350 2842 1449 2879 filiae,
1491 2852 1574 2878 quae
1606 2852 1679 2880 post

888 2889 991 2924 patris
1015 2889 1176 2917 interitum
1197 2888 1230 2915 in
1254 2888 1383 2916 Italiam
1408 2889 1535 2917 venit.*'·
1560 2893 1591 2919 S.
1617 2894 1677 2921 Sed

889 2936 945 2962 Sil.
963 2933 993 2970 S,
1011 2932 1087 2969 600,
1103 2934 1157 2968 qui
1171 2935 1337 2962 Mantuam
1349 2938 1423 2963 ante
1436 2943 1679 2976 memoraverat,

889 2980 1008 3016 pergit:
1058 2977 1242 3017 Quondam
1273 2987 1382 3008 comes
1420 2977 1455 3008 ιή
1490 2978 1681 3013 Laurentia

887 3023 979 3055 bella.
1005 3022 1090 3053 Ocni
1110 3022 1229 3064 prisca
1259 3021 1382 3054 domus
1413 3024 1584 3067 parvique
1612 3026 1679 3059 Bo-
