2044 3329
860 124 1130 157 PRAEFATIO.
1756 123 1815 148 vn

179 238 237 280 At
262 237 298 280 si
327 238 510 280 Romani
541 238 744 293 populari
768 252 843 280 suo
883 237 1099 290 favebant,
1153 237 1416 280 recentiores
1459 250 1588 291 saepe
1613 235 1813 278 Aeneidis

178 306 446 361 proprietate
492 320 579 348 non
616 311 844 361 perspecta
883 311 925 350 et
968 307 1144 349 Homeri
1180 306 1470 350 admiratione
1506 304 1813 360 praeoccupati

176 376 364 429 iniquius
392 375 656 417 iudicabant.

291 445 382 485 Iam
407 444 444 485 si
465 444 539 497 qui
567 458 618 486 ex
646 444 834 485 Homero
866 443 1050 498 aliisque
1074 458 1169 487 eum
1196 444 1404 499 pleraque
1428 442 1623 484 hausisse
1652 441 1810 492 dicunt,

175 513 463 567 posteriorum
496 513 666 555 omnino
698 526 749 554 ea
780 513 971 555 condicio
1005 518 1089 565 est,
1129 517 1179 555 ut
1209 526 1320 568 quae
1351 525 1461 553 nova
1490 511 1745 562 invenerint,
1773 510 1809 552 si

175 581 348 635 quando
376 581 431 623 ab
457 581 698 635 antiquiore
727 581 877 624 eadem
907 582 1024 624 dicta
1051 596 1144 624 esse
1183 585 1401 636 repertum
1432 580 1504 632 sit,
1553 580 1608 622 ab
1640 593 1690 622 eo
1731 592 1809 621 sua

175 650 405 704 sumpsisse
435 649 644 691 dicantur.
704 650 912 703 Virgilius
941 654 1085 692 autem
1114 651 1220 705 legit
1262 653 1305 692 et
1340 649 1665 703 diligentissime
1703 647 1809 701 legit

173 719 350 761 Homeri
381 718 588 771 carmina,
631 722 673 760 et
703 719 839 761 multa
870 718 1038 771 didicit,
1081 719 1163 761 nisi
1192 719 1305 761 forte
1331 721 1425 760 erat
1448 717 1598 772 pingui
1623 716 1807 770 ingenio,

174 788 250 830 sed
286 802 336 829 ex
372 788 563 829 Homero
599 801 683 829 non
714 787 860 830 hausit
903 802 971 830 res
1016 802 1135 840 suas,
1185 787 1331 830 hausit
1369 786 1536 828 venusti
1579 789 1621 828 et
1660 785 1807 827 decori

173 856 430 898 acerrimum
460 856 686 907 iudicium;
719 856 958 910 desumpsit
986 856 1117 898 etiam
1144 870 1212 898 res
1241 856 1432 910 singulas
1458 854 1512 897 ad
1539 867 1806 896 communem

173 938 299 966 usum
340 924 616 979 pertinentes.
677 924 946 978 Quamquam
985 924 1029 966 in
1070 924 1216 966 multis
1255 925 1362 968 locis
1392 924 1466 966 ubi
1494 938 1639 966 versus
1665 927 1805 965 trans-

172 993 322 1035 tulisse
358 993 536 1043 dicitur,
563 992 796 1034 Homerum
821 993 964 1047 potius
993 993 1183 1035 dicemus
1213 1006 1281 1035 res
1309 997 1359 1035 ut
1383 997 1508 1035 erant
1531 1005 1731 1033 narrasse
1763 994 1806 1032 et

172 1075 224 1103 ex
253 1062 349 1116 ipsa
378 1065 536 1103 natura
569 1061 845 1114 expressisse,
891 1065 939 1103 ut
973 1061 1009 1103 si
1047 1062 1143 1116 quis
1177 1076 1309 1116 prave
1347 1061 1488 1104 dicere
1524 1073 1612 1102 non
1642 1059 1803 1109 mallet,

173 1130 323 1172 eodem
354 1130 481 1172 modo
511 1130 652 1172 dicere
681 1133 916 1183 cogeretur.
977 1130 1086 1181 Quin
1110 1130 1240 1172 etiam
1261 1130 1466 1185 Virgilius
1484 1142 1612 1183 saepe
1636 1127 1805 1169 addidit

170 1199 318 1253 aliqua
342 1199 427 1253 ipsi
447 1202 629 1240 naturae
648 1203 890 1253 praerepta,
918 1198 1058 1253 iisque
1084 1213 1152 1241 res
1173 1200 1341 1242 ornavit
1356 1204 1400 1241 et
1417 1199 1548 1249 auxit,
1583 1200 1631 1238 ut
1650 1210 1802 1237 novam

171 1267 349 1309 afferret
386 1267 546 1321 legenti
591 1267 930 1310 delectationem.
993 1268 1172 1319 Quando
1204 1271 1349 1310 autem
1386 1267 1533 1310 eadem
1569 1264 1805 1320 repetenda

170 1341 311 1388 erant,
351 1350 461 1390 quae
494 1341 748 1378 narraverat
779 1336 1013 1389 Homerus,
1056 1351 1166 1391 quae
1192 1336 1309 1379 facta
1334 1341 1434 1379 sunt
1464 1335 1575 1378 bello
1607 1335 1803 1385 Troiano,

169 1406 226 1447 ad
254 1405 487 1447 Homerum
516 1419 594 1446 sua
624 1409 778 1459 aptare
806 1406 974 1448 solebat
1005 1406 1087 1458 ita,
1136 1411 1186 1449 ut
1220 1420 1377 1448 novum
1407 1404 1585 1459 aliquod
1613 1403 1802 1446 inferret.

168 1473 483 1516 Alexandrinos
515 1479 658 1516 autem
683 1478 832 1528 poetas
860 1489 956 1516 eum
983 1476 1201 1518 imitatum
1237 1490 1329 1518 esse
1363 1489 1412 1517 eo
1449 1475 1590 1516 minus
1628 1472 1802 1514 obiicie-

169 1557 284 1594 mus,
341 1557 470 1597 quum
500 1544 553 1585 iis
589 1543 762 1597 poetica
793 1543 951 1585 virtute
987 1546 1122 1587 multo
1160 1544 1438 1600 praestiterit.
1496 1544 1585 1585 Nec
1614 1542 1802 1584 Graecos

169 1612 307 1654 solum
337 1612 411 1654 sed
439 1612 572 1654 multo
603 1612 741 1666 magis
770 1613 985 1655 Romanos
1023 1615 1216 1656 imitatus
1258 1618 1322 1656 est
1359 1617 1402 1656 et
1435 1627 1487 1655 ex
1521 1626 1669 1654 eorum
1709 1624 1801 1652 car-

169 1680 355 1723 minibus
390 1681 507 1723 locos
560 1681 845 1735 exprompsit3
907 1683 1023 1736 quod
1068 1698 1154 1738 qua
1202 1683 1352 1725 fecerit
1396 1682 1566 1724 ratione
1610 1680 1697 1722 iam
1749 1694 1802 1720 ex

169 1749 329 1791 Donati
358 1749 446 1792 vita
473 1750 740 1804 intelligitur,
771 1751 842 1805 qui
875 1751 1102 1805 Virgilium
1132 1767 1183 1795 ex
1208 1752 1334 1794 Ennii
1356 1755 1545 1793 stercore
1575 1763 1618 1791 se
1642 1748 1802 1790 dixisse

168 1823 321 1861 narrat
353 1819 576 1873 exquirere
603 1833 766 1861 aurum.
827 1820 946 1870 Quae
986 1836 1119 1875 quum
1155 1822 1220 1863 ita
1258 1821 1360 1873 sint,
1415 1821 1451 1862 si
1490 1818 1661 1873 quando
1691 1817 1800 1858 alios

171 1889 365 1930 imitatus
395 1892 469 1939 est,
498 1888 561 1930 ita
585 1902 658 1929 eos
681 1888 875 1930 imitatus
901 1903 992 1931 esse
1019 1889 1364 1944 deprehenditur,
1394 1893 1443 1931 ut
1468 1890 1660 1931 servaret
1679 1900 1801 1928 suum

171 1956 388 2008 iudicium,
414 1961 463 1999 ut
491 1958 669 2012 eligeret
696 1957 921 2011 aptissima
945 1962 988 2000 et
1018 1959 1193 2013 optima,
1219 1964 1269 2001 ut
1297 1959 1472 2013 proprio
1501 1957 1647 2010 aliquo
1679 1954 1800 1997 addi-

169 2030 362 2068 tamento
399 2026 647 2068 immutaret
683 2030 725 2067 et
753 2040 831 2067 sua
862 2026 1024 2069 faceret
1034 2043 1046 2083 3
1105 2027 1275 2069 omnino
1305 2029 1367 2070 ita
1401 2028 1595 2070 imitatus
1624 2029 1705 2078 est,
1752 2026 1801 2066 ut

169 2110 296 2150 quem
326 2095 571 2137 imitaretur
601 2095 748 2149 aliqua
774 2110 826 2137 ex
854 2100 979 2150 parte
1007 2098 1298 2151 superaret5).

167 2268 356 2300 sterblielze
385 2266 490 2299 Tltet'l
512 2269 762 2310 el'ngez’t'schert
786 2268 944 2308 worden,
984 2269 1137 2300 m'imlielz
1165 2268 1319 2307 Aeneas,
1362 2267 1424 2299 der
1449 2266 1689 2298 unsterbliehe
1715 2265 1798 2296 aber

170 2325 248 2363 [die
280 2324 453 2367 Episoden
485 2325 559 2356 und
589 2325 917 2367 Besa-l1›·eib1mgen]
964 2337 1042 2357 zum
1077 2325 1295 2367 l'ergiiffetw
1329 2324 1504 2366 gehle'ebcn
1539 2325 1644 2356 wir're.
1693 2322 1750 2354 l‘o
1762 2332 1796 2353 1·-

168 2382 327 2414 sehale
359 2382 432 2413 der
466 2382 704 2414 Aestlzetilt
729 2384 756 2422 l,
783 2395 817 2425 p.
850 2386 924 2416 106.
973 2383 1142 2414 Sdmmtl.
1171 2383 1227 2414 ll‘.
1255 2383 1315 2415 41.
1352 2393 1388 2423 J).
1417 2382 1489 2413 lllss.
1538 2400 1580 2403 —
1625 2379 1796 2421 Equidem

168 2437 292 2471 dubito
322 2449 405 2472 num
432 2439 560 2481 legerit.
609 2441 695 2472 Nam
719 2446 752 2473 et
778 2440 974 2483 philologos
999 2441 1045 2472 ita
1072 2440 1223 2472 iudicare
1254 2439 1367 2471 audivi
1393 2439 1434 2471 dc
1459 2438 1623 2480 Virgilio,
1657 2442 1695 2470 ut
1726 2445 1795 2468 non

168 2497 291 2538 legisse
318 2507 377 2529 eos
402 2502 594 2538 appareret.

263 2567 301 2604 ⁵)
325 2566 388 2603 (L‘t
419 2566 454 2598 in
485 2566 548 2599 hac
575 2568 807 2599 imitationum
832 2566 1052 2608 indagatione
1076 2565 1205 2597 nimius
1231 2564 1296 2596 suit
1324 2565 1463 2596 50111115
1488 2564 1550 2603 [cs.
1575 2563 1616 2595 ad
1632 2566 1680 2601 10,
1712 2564 1795 2601 104)

168 2632 205 2655 ac
233 2620 433 2654 Macrobius
459 2623 522 2662 (cf.
545 2624 614 2656 Sat.
636 2626 668 2665 6,
693 2625 732 2662 2)
761 2623 810 2656 sic
840 2624 941 2655 etiam
969 2632 1061 2655 nunc
1085 2622 1244 2654 homines
1275 2622 1418 2654 moduni
1447 2621 1631 2661 excedunt,
1673 2624 1712 2652 ut
1735 2619 1795 2651 Bb.

168 2677 348 2712 Macrobio
381 2681 571 2712 assentitur
600 2681 635 2713 in
660 2681 691 2720 9,
713 2681 790 2713 672.
814 2685 845 2712 et
872 2680 951 2713 Wd.
974 2690 1006 2723 p.
1034 2681 1117 2712 290:
1167 2679 1247 2716 „Rei
1279 2679 1401 2711 diesen
1427 2679 1572 2711 W'orten
1598 2678 1659 2710 des
1685 2678 1795 2709 Sinon

167 2737 494 2781 vergegenwartigte
524 2737 596 2770 sich
628 2738 689 2770 der
718 2737 888 2770 romische
912 2739 1018 2769 Leser
1048 2737 1103 2769 die
1136 2736 1318 2769 beriihmte
1344 2736 1449 2768 Stelle
1481 2736 1574 2768 einer
1600 2735 1694 2767 Rede
1735 2734 1796 2766 des

171 2795 206 2827 C.
231 2794 410 2827 Gracchus
433 2804 494 2826 ans
520 2795 623 2833 Volk,
650 2794 780 2827 welche
805 2794 892 2827 auch
920 2795 990 2827 Cic.
1015 2795 1057 2827 de
1083 2805 1130 2827 or.
1156 2795 1186 2833 3,
1211 2795 1241 2835 ξ.
1266 2795 1332 2826 214
1356 2793 1534 2826 mittheilt:
1571 2819 1578 2825 .
1597 2819 1603 2825 .
1623 2818 1629 2824 .
1651 2791 1795 2824 vorbild

169 2851 230 2884 des
256 2851 431 2884 Gracchus
458 2861 527 2882 war
548 2850 677 2883 bereits
703 2852 873 2884 Ennius.“
903 2852 1081 2884 Gracchus
1105 2851 1257 2894 igilurin
1282 2861 1420 2883 summo
1444 2851 1550 2883 animi
1577 2849 1696 2882 dolore
1722 2859 1795 2881 om-

168 2909 339 2950 niumque
373 2918 488 2941 rerum
512 2907 755 2950 desperatione
787 2909 876 2950 apud
898 2909 1049 2942 Ennium
1080 2909 1181 2942 verba
1213 2908 1381 2950 quaesivit
1414 2907 1544 2949 quibus
1573 2917 1647 2939 eam
1679 2911 1799 2949 posset

170 2965 301 3008 populo
325 2965 531 3007 significare.
580 2965 685 3007 Apud
716 2966 1077 2999 Wold.Ribbeckium
1103 2968 1134 3002 9,
1170 2968 1235 2998 416
1263 2965 1392 2997 diversi
1417 2966 1719 3007 circnmspieiunt
1746 2969 1799 2997 est

170 3033 208 3055 ex
219 3023 342 3055 Medea
362 3023 495 3055 Pacuvii
513 3024 589 3059 224,
613 3022 748 3064 aliaque
770 3025 804 3056 in
824 3025 900 3056 01115
929 3024 1153 3063 „auctoribus
1179 3028 1209 3056 ct
1236 3021 1495 3055 imitatoribus“
1512 3022 1686 3065 leguntur,
1711 3031 1798 3063 quae
