2023 3350
293 145 374 183 370

291 252 617 297 Pulverulentus
658 250 779 303 cquis
818 249 944 301 furit3
983 263 1128 292 omnes
1164 265 1287 293 arma
1324 250 1561 305 requirunt.

858 139 895 170 P.
921 137 1119 171 vmfflLu
1145 138 1358 172 MARONIS

1846 250 1928 290 625

293 313 396 352 Pars
433 310 543 350 leves
585 307 741 361 clipeos
777 310 820 347 et
856 307 1022 359 spicula
1054 307 1198 350 lucida
1235 312 1406 362 tergent

293 367 451 409 Arvina
483 365 648 419 pingui,
687 363 978 416 subiguntque
1010 363 1054 404 in
1092 369 1186 406 cote
1220 379 1410 417 secures;

293 426 508 477 Signaque
541 422 653 463 ferre
684 422 822 471 iuvat,
861 421 1112 473 sonitusque
1147 421 1297 464 audire
1333 422 1549 464 tubarum.

293 482 489 533 Quinque
526 478 634 520 adeo
674 491 856 532 magnae
894 478 1046 532 positis
1085 478 1312 520 incudibus
1344 480 1472 521 urbes

292 538 394 579 Tela
428 540 605 586 novant,
643 536 774 576 Atina
809 538 982 588 potens,
1024 535 1240 589 Tiburque
1274 536 1520 591 superbum,

1849 533 1930 573 630

293 595 453 644 Ardea,
495 593 861 646 Crustumerique,
901 596 943 633 et
979 593 1220 646 turrigerae
1256 594 1503 635 Antemnae.

293 652 498 705 Tegmina
531 654 628 691 tuta
665 653 819 691 cavant
856 650 1062 703 capitum,
1102 650 1366 704 flectuntque
1402 650 1589 702 salignas

296 709 537 751 Umbonum
570 711 731 759 crates3
768 707 843 748 alii
877 707 1082 748 thoracas
1117 721 1246 748 aenos

296 768 381 807 Aut
416 765 528 807 leves
567 778 715 805 ocreas
750 764 866 805 lento
902 764 1064 805 ducunt
1101 768 1293 818 argento.

296 823 490 864 Vomeris
527 822 610 863 huc
647 825 690 863 et
727 820 851 862 falcis
889 821 1045 872 honos,
1086 821 1168 863 huc
1207 821 1343 863 omnis
1376 819 1511 862 aratri

1848 820 1930 860 635

297 880 435 922 Cessit
468 893 609 930 amor,
644 882 883 931 recoquunt
911 879 1078 932 patrios
1109 878 1356 921 fornacibus
1392 890 1523 918 enses.

297 937 487 980 Classica
519 937 690 989 iamque
724 939 901 987 sonant3
936 937 971 977 it
1002 935 1115 977 bello
1147 941 1312 978 tessera
1345 935 1524 988 signum.

297 1070 347 1094 tur
360 1066 466 1101 signa,
491 1067 585 1093 tubae
597 1064 756 1093 militares
770 1069 896 1093 sonant.
936 1063 975 1099 2)
992 1065 1092 1099 Quin-

297 1119 358 1146 que
386 1113 481 1139 urbes
512 1117 604 1139 arma
634 1118 719 1138 nova
745 1112 874 1138 cudunt.
924 1109 963 1145 3)
992 1112 1093 1139 Datur

297 1157 471 1186 classicum
501 1160 529 1184 et
561 1160 701 1191 tessera,
734 1160 767 1183 ut
799 1156 1003 1191 egrediamur
1033 1156 1092 1184 nii-

298 1203 391 1233 lites:
421 1208 520 1235 quare
543 1202 688 1229 celeriter
713 1205 888 1229 armantur.
943 1201 998 1229 Sic
1024 1202 1092 1229 sin-

298 1249 376 1283 gula
401 1251 485 1276 recte
510 1247 695 1281 procedunt.

345 1290 420 1321 626.
447 1293 585 1331 tergent
612 1291 710 1325 Fmt„
742 1295 770 1319 et
794 1293 825 1319 S.
860 1291 938 1327 legit
962 1294 990 1319 et
1019 1299 1092 1325 pro-

298 1338 398 1367 bavit.
460 1339 605 1376 tergunt
644 1336 749 1371 pauci.
805 1338 943 1376 „tergm
983 1334 1094 1376 tergis

298 1385 336 1412 de
369 1391 430 1412 usu
464 1382 593 1417 penitus
623 1380 790 1411 recessit.“
821 1384 853 1410 S.
902 1381 949 1410 Cf.
982 1383 1034 1409 Gr.
1068 1382 1090 1414 ς

300 1426 382 1465 184,
406 1426 437 1456 4.

345 1471 421 1502 627.
448 1469 608 1509 „Arvina
633 1476 681 1500 est
705 1473 880 1500 secundum
905 1472 1092 1500 Suetonium

299 1521 414 1548 durum
447 1519 579 1553 pingue,
621 1519 701 1552 quod
734 1522 780 1545 est
816 1518 897 1545 inter
930 1522 1033 1546 cutem
1065 1522 1095 1545 et

300 1565 446 1594 viscus.·⁵
475 1565 506 1591 S.
538 1578 575 1582 —
604 1571 739 1591 secures
762 1564 801 1591 ad
834 1561 888 1599 tt,
916 1560 990 1591 651.

347 1608 423 1637 629.
451 1606 539 1638 adeo
564 1608 602 1637 cf.
628 1606 665 1643 3,
693 1606 770 1636 203.

346 1654 422 1683 630.
449 1652 580 1683 Atina:
619 1654 770 1689 „Civitas
807 1656 887 1682 baec
920 1658 968 1682 est
1002 1654 1095 1682 iuxta

301 1700 490 1735 Pomptinas
517 1698 685 1734 paludesf·
717 1701 748 1727 S.
799 1699 846 1727 Cf.
873 1699 932 1727 Sil.
958 1696 995 1735 8,
1028 1697 1095 1727 398

299 1754 362 1775 nec
409 1746 524 1773 monte
569 1742 691 1772 nivoso
739 1741 950 1772 descendens
987 1741 1098 1772 Atina

301 1788 491 1820 aberat.—
513 1786 620 1817 'I't'bur
637 1797 721 1817 nunc
744 1786 880 1824 Τιύοἱί;
903 1789 985 1817 satis
1002 1794 1096 1818 notus

301 1840 347 1864 est
373 1836 456 1864 situs
477 1835 568 1863 urbis
591 1835 631 1862 ad
649 1834 811 1863 Anienem
834 1835 969 1869 eiusque
988 1842 1096 1863 amoe-

301 1882 386 1910 nitas
407 1881 445 1910 cs.
473 1878 548 1908 670.
583 1895 621 1899 -
660 1878 855 1918 ¹5uperbnm
887 1884 964 1916 „aut
989 1881 1096 1909 nobile

300 1931 354 1955 aut
381 1934 438 1961 per
460 1925 633 1955 transitum
661 1925 763 1961 tetigit
792 1925 890 1961 illud,
925 1927 1007 1960 quod
1033 1926 1095 1954 ali-

301 1973 447 2009 quando,
473 1979 570 2005 quum
595 1977 615 1999 a
637 1974 753 1999 senatu
776 1971 904 1999 auxilia
929 1975 1097 2005 poscerent

301 2019 452 2046 Tiburtes
468 2019 527 2046 sub
545 2016 845 2045 commemoratione
863 2016 1096 2054 beneficiorum,

302 2066 362 2091 boc
391 2067 514 2091 tantum
546 2068 567 2089 a
595 2065 709 2090 senatu
739 2069 929 2096 responsum
963 2069 1096 2096 accepe-

302 2112 392 2136 runt:
433 2104 609 2145 „Superbi
639 2104 753 2135 estis.bk
797 2109 827 2135 S.
885 2109 921 2134 Et
951 2110 1027 2136 urbs
1064 2108 1098 2135 in

303 2153 425 2183 declivi
450 2153 572 2188 posita,
603 2153 686 2180 unde
712 2149 874 2191 supinum
905 2153 1023 2182 dicitur
1045 2160 1096 2188 ap.

304 2200 379 2227 Hor.
405 2198 439 2227 C.
465 2196 495 2235 3,
521 2195 551 2232 4,
576 2195 628 2230 23,
654 2200 812 2231 superbae
836 2198 977 2231 speciem
1004 2206 1098 2233 prae-

304 2247 411 2280 bebat,
441 2248 471 2272 et
495 2244 644 2271 Tiburtes
676 2242 798 2272 feroces
830 2247 922 2271 erant
950 2245 1098 2279 aliosque

303 2290 465 2318 subiectos
503 2291 663 2317 habebant
704 2295 743 2317 ac
779 2289 940 2317 Romanis
975 2290 1029 2318 diu
1069 2294 1099 2318 et

303 2336 426 2364 fortiter
448 2335 650 2370 restiterunt,
677 2334 819 2362 maxime
844 2336 927 2363 bello
952 2336 1077 2363 Latino.

349 2378 426 2408 631.
454 2377 572 2408 Ardea
595 2379 634 2408 cf.
659 2387 692 2407 v.
718 2377 794 2407 409.
816 2394 855 2398 —
884 2377 1100 2409 Crustumeri

304 2425 369 2461 (ii)
395 2425 469 2453 sive
492 2425 583 2453 urbis
605 2425 678 2453 sive
702 2425 882 2453 incolarum
904 2429 951 2453 est
972 2433 1097 2460 nomen,

303 2476 461 2500 novatum
484 2474 542 2499 est.
590 2470 683 2498 Alibi
715 2470 833 2505 legitur
861 2471 951 2498 urbis
984 2479 1098 2499 nomen

310 2512 568 2550 Crustumeria,
615 2512 908 2551 Crustumerium,
956 2513 1102 2545 Crustu-

304 2559 429 2599 mium,
463 2561 642 2589 incolarum
673 2557 928 2588 Crustumerina·
955 2565 985 2589 et
1015 2559 1099 2590 Cru-

305 2603 474 2641 stumini3
519 2610 650 2640 eratque
691 2609 803 2640 postea
841 2612 892 2639 ap.
934 2606 1098 2635 Romanos

305 2649 416 2682 tribus
439 2649 676 2681 Crustumina.
715 2652 826 2684 Itaque
846 2658 944 2685 quum
968 2652 1100 2680 nomina

304 2697 433 2725 urbium
471 2696 690 2731 proferantur,
733 2697 915 2725 habendum
954 2701 1002 2725 est
1039 2700 1099 2726 hoc

305 2742 395 2770 urbis
425 2749 540 2771 nomen
568 2745 599 2770 et
625 2742 873 2776 comparandum
898 2750 971 2771 cum
996 2743 1098 2771 simili

309 2784 483 2816 Pometios
512 2785 550 2825 6,
583 2784 660 2815 776.
720 2787 925 2821 Novavitque
955 2788 1028 2824 Vgl.
1064 2789 1098 2817 in

305 2832 420 2867 oppido
438 2833 541 2861 deleto
560 2840 675 2861 nomen
691 2835 816 2867 propter
830 2837 974 2862 metrum.
1015 2830 1095 2863 Lch.

307 2878 401 2906 Lucr.
427 2874 458 2914 4,
484 2875 550 2905 680
574 2885 699 2914 „neque
723 2882 872 2907 constare
893 2880 998 2907 adbuc
1021 2883 1096 2913 puto

305 2924 460 2956 quomodo
484 2920 700 2952 Crustumeri
725 2924 830 2952 dicere
847 2925 983 2958 potuerit
998 2923 1096 2961 Vgl.“

306 2967 384 2995 Vult
405 2965 646 2997 Crustumerii.
683 2969 802 2997 Fuerat
814 2973 921 2998 autem
943 2972 1019 2998 urbs
1034 2971 1095 2999 Sa-

306 3012 451 3041 binorum
490 3021 586 3048 prope
618 3014 777 3052 Tiberim,
825 3022 889 3043 nou
925 3017 1036 3049 procul
1074 3024 1095 3045 a

1140 1065 1274 1094 Fidenis
1298 1069 1326 1093 et
1350 1065 1444 1093 Allia
1467 1063 1575 1092 fluvio.
1624 1062 1677 1090 Ad
1700 1061 1871 1090 historiam
1893 1061 1933 1090 cf.

1139 1112 1213 1140 Liv.
1242 1109 1271 1147 1,
1299 1109 1349 1139 to,
1377 1109 1430 1138 38.
1477 1107 1508 1144 2,
1535 1106 1587 1136 19.
1619 1122 1657 1127 —
1688 1105 1883 1136 Antemnae
1904 1110 1936 1135 et

1143 1158 1331 1191 Antemna,
1364 1156 1418 1184 ubi
1450 1155 1537 1183 Anio
1567 1153 1676 1181 Tiberi
1708 1160 1744 1181 se
1777 1153 1934 1188 adiungit.

1140 1204 1186 1230 De
1210 1202 1311 1229 muris
1335 1206 1365 1229 et
1389 1201 1529 1229 turribus
1552 1199 1634 1227 nibil
1657 1202 1776 1227 notum.

1185 1245 1262 1274 6:52.
1289 1244 1447 1286 tegmina
1475 1247 1604 1273 canant
1629 1242 1796 1283 capitum,
1822 1243 1937 1279 galeas

1139 1292 1320 1325 conficiunt,
1344 1295 1374 1319 et
1399 1295 1491 1320 scuta
1514 1291 1552 1319 de
1575 1289 1708 1325 vimine,
1735 1289 1788 1318 cui
1810 1288 1935 1318 corium

1139 1339 1262 1366 solebat
1301 1337 1418 1365 induci.
1478 1336 1525 1364 Cf.
1559 1336 1653 1364 Caes.
1692 1335 1756 1363 BG.
1795 1332 1833 1370 2,
1871 1332 1933 1362 33:

1140 1384 1270 1417 „scutis
1307 1391 1349 1411 ex
1387 1382 1504 1411 cortice
1542 1381 1637 1410 factis
1669 1384 1725 1409 aut
1755 1379 1936 1409 viminibus

1140 1429 1291 1463 intextis,
1323 1435 1406 1462 (uiae
1438 1427 1561 1462 subito,
1602 1428 1639 1454 ut
1673 1423 1840 1464 temporie
1865 1423 1936 1454 exi-

1140 1472 1263 1513 guitas
1287 1470 1509 1512 postulabat,
1544 1471 1686 1507 pellibus
1708 1469 1937 1500 induxerant.“

1140 1521 1187 1547 Ea
1209 1524 1315 1548 tamen
1337 1523 1429 1547 scuta
1449 1522 1522 1547 sunt
1540 1518 1718 1553 Gallorum,
1741 1520 1772 1545 et
1791 1520 1825 1545 ut
1843 1518 1936 1546 locus

1140 1565 1210 1599 ipse
1243 1566 1331 1593 docet
1369 1565 1474 1592 subito
1509 1567 1539 1591 et
1573 1563 1614 1591 ad
1645 1570 1746 1591 unum
1776 1562 1935 1597 proelium

1139 1610 1235 1639 facta.
1291 1610 1387 1638 Talia
1418 1613 1511 1638 scuta
1542 1609 1662 1637 Persae
1691 1608 1841 1637 dicuntur
1873 1610 1935 1636 ha-

1141 1657 1250 1684 buisse
1274 1657 1354 1684 Xen.
1377 1656 1452 1691 Cyr.
1482 1654 1515 1690 l,
1543 1651 1579 1689 2,
1607 1651 1637 1682 9.

1187 1700 1264 1729 633.
1299 1698 1404 1729 L‘mbo
1431 1700 1552 1728 indicat
1577 1703 1713 1734 scutum,
1743 1701 1777 1726 ut
1800 1695 1830 1734 9,
1856 1694 1935 1726 810.

1141 1744 1194 1783 10,
1219 1743 1296 1782 884,
1323 1754 1385 1774 non
1408 1749 1457 1773 est
1483 1753 1538 1780 pro
1560 1748 1651 1774 scuto
1672 1743 1710 1772 cf.
1737 1741 1768 1780 3,
1792 1741 1869 1771 468.
1893 1758 1931 1762 —

1142 1789 1322 1827 thoracas,
1369 1791 1470 1827 „quia
1512 1791 1598 1824 apud
1633 1789 1773 1819 maiores
1812 1789 1935 1817 loricae

1141 1842 1269 1872 pectora
1301 1840 1426 1865 tantum
1457 1838 1614 1871 tegebant.
1663 1837 1762 1863 Stat.:
1800 1831 1935 1873 triplici

1140 1884 1326 1911 servantur
1355 1884 1496 1920 pectora
1519 1880 1640 1918 ferro‚·
1669 1881 1829 1920 pectora,
1853 1887 1938 1908 nam

1140 1930 1241 1967 tergo
1266 1924 1384 1955 uultus
1411 1924 1555 1956 metusf·
1579 1928 1611 1955 S.

1188 1971 1265 2001 634.
1291 1974 1411 2002 Ocreas
1444 1973 1541 2001 etiam
1576 1977 1696 2001 aureas
1726 1972 1823 2000 habet
1853 1970 1937 1999 Tur-

1142 2027 1204 2047 nus
1234 2016 1290 2054 11,
1317 2016 1392 2047 488.
1428 2033 1465 2037 -
1506 2014 1639 2046 Ducere
1670 2024 1737 2045 vox
1761 2019 1811 2044 est
1838 2022 1879 2045 ea
1900 2015 1935 2044 in

1143 2073 1178 2093 re
1199 2064 1339 2101 propria,
1363 2064 1413 2092 sic
1429 2064 1498 2092 Tib.
1520 2060 1548 2100 1,
1572 2061 1603 2101 3,
1627 2061 1670 2090 50
1693 2069 1805 2091 ensem
1830 2058 1937 2090 duxe-

1144 2111 1201 2138 rat
1227 2111 1303 2138 arte
1322 2107 1439 2146 faber.

1192 2153 1267 2183 636.
1294 2155 1503 2193 recoquunt.-
1526 2150 1679 2191 Coquere
1689 2151 1938 2186 propriumver-

1146 2202 1221 2229 bum
1244 2201 1278 2228 in
1301 2200 1451 2235 operibus
1474 2207 1516 2227 ex
1541 2205 1616 2226 aere
1640 2197 1708 2233 igni
1732 2197 1836 2226 factis.
1887 2196 1936 2225 Cf.

1146 2247 1223 2274 Luc.
1259 2243 1297 2282 7,
1336 2242 1410 2273 148.
1460 2246 1533 2272 Iuv.
1567 2239 1627 2279 15,
1663 2240 1726 2271 166
1754 2244 1873 2272 rastra
1905 2243 1939 2271 et

1145 2287 1285 2319 sarcula
1316 2293 1454 2319 tautum
1482 2285 1622 2317 adsueti
1651 2295 1805 2326 coquere.
1854 2288 1938 2325 Flor.

1145 2335 1176 2372 3,
1203 2334 1257 2371 20,
1282 2334 1300 2362 6
1321 2334 1421 2372 ferro
1444 2336 1576 2363 recocto
1609 2333 1648 2363 cf.
1673 2333 1787 2362 Claud.
1812 2333 1879 2362 ΒΡ.
1909 2330 1938 2370 l,

1145 2379 1209 2409 243
1242 2378 1413 2409 incoctum
1442 2376 1634 2408 metallum.
1683 2380 1722 2407 Et
1749 2380 1939 2418 recoquunt

1144 2431 1192 2455 est
1216 2427 1329 2454 iterum
1355 2426 1517 2460 coquendo
1540 2424 1779 2453 transformant.

1191 2469 1267 2499 637.
1295 2468 1515 2508 „Classicum
1565 2470 1703 2500 dicimus
1749 2473 1779 2498 et
1828 2470 1938 2498 tubam

1143 2517 1251 2551 ipsam
1289 2521 1319 2545 et
1349 2514 1498 2545 sonum.“
1538 2516 1569 2544 S.
1625 2511 1849 2552 „Classicum
1878 2521 1938 2549 ap-

1145 2564 1282 2597 pellatur
1311 2563 1393 2596 quod
1422 2561 1647 2590 buccinatores
1679 2568 1736 2595 per
1766 2567 1866 2589 cornu
1887 2559 1936 2588 di-

1144 2611 1230 2636 cunt.
1279 2609 1346 2636 Hoc
1376 2608 1505 2643 insigne
1529 2607 1656 2639 videtur
1683 2605 1827 2642 imperii,
1857 2604 1935 2639 quia

1145 2653 1321 2682 classicum
1346 2653 1433 2682 canit
1457 2653 1648 2687 imperatore
1673 2654 1856 2686 praesente,
1879 2650 1934 2678 vel

1145 2706 1242 2733 quum
1267 2699 1302 2726 in
1324 2698 1459 2727 militem
1489 2697 1673 2732 capitaliter
1703 2694 1937 2726 animadverti-

1143 2748 1203 2780 tur,
1227 2744 1305 2778 quia
1326 2745 1386 2772 hoc
1409 2752 1451 2772 ex
1475 2743 1698 2778 imperialibus
1718 2740 1844 2776 legibus
1868 2739 1935 2769 fieri

1142 2797 1276 2819 necesse
1307 2786 1376 2817 est“
1401 2790 1512 2824 Veget.
1547 2785 1585 2825 2,
1619 2785 1671 2815 22.
1720 2785 1766 2815 Cf.
1793 2785 1869 2814 Liv.
1901 2785 1932 2823 5,

1142 2832 1184 2862 47
1217 2831 1309 2863 Luce
1340 2835 1418 2863 orla
1447 2830 1580 2862 vocatis
1607 2827 1752 2860 classico
1781 2827 1831 2858 ad
1856 2838 1936 2859 con-

1141 2877 1261 2908 cilium
1289 2876 1472 2917 militibus,
1495 2882 1525 2907 et
1545 2879 1618 2906 Sen.
1644 2877 1682 2905 de
1700 2876 1755 2904 Ira
1778 2872 1810 2913 1,
1836 2873 1889 2913 16,
1914 2874 1934 2904 4

1143 2926 1232 2954 docet
1273 2925 1449 2954 classicum
1490 2930 1620 2959 canere,
1667 2928 1764 2956 quum
1805 2924 1933 2956 praetor

1141 2971 1335 3000 conscendat
1369 2970 1519 2998 tribunal.
1553 2982 1591 2986 —
1621 2963 1811 3003 „⁷I'essera,
1843 2974 1935 3002 sym-

1141 3017 1247 3045 bolum
1268 3015 1429 3052 bellicum,
1453 3014 1534 3048 quod
1555 3013 1595 3040 ad
1620 3019 1761 3047 pugnam
1784 3012 1933 3041 exeunti-
