2023 3350
264 101 343 139 57ss

261 213 431 252 Summe
470 210 611 252 deum,
644 206 780 248 sancti
819 210 963 248 custos
999 207 1189 249 Soractis
1228 210 1392 263 Apollo,

845 96 880 127 P.
908 96 1015 127 VIRG
1023 97 1103 128 1L11
1129 97 1338 130 MAROMS

1810 207 1891 247 785

260 274 393 319 Quem
425 266 551 319 primi
581 265 779 314 colimus,
809 265 875 306 cui
913 265 1064 318 pineus
1103 266 1233 307 ardor
1264 281 1416 309 acervo

259 326 472 374 Pascitur,

512 326 554 364 et
593 322 779 363 inedium
815 322 915 363 freti
948 322 1110 376 pietate
1148 336 1225 375 per
1261 324 1402 377 ignem

260 383 456 424 Cultores
496 381 632 421 multa
664 380 894 433 premimus
931 380 1112 433 vestigia
1151 394 1301 432 pruna,

258 441 341 489 Da,
379 439 526 489 Pater,
555 439 637 479 hoc
672 439 829 479 nostris
868 437 1034 478 aboleri
1072 437 1255 478 dedecus
1294 439 1436 491 armis,

260 497 550 549 Omnipotens.

608 496 705 537 Non
743 495 915 536 exuvias
950 495 1150 549 pulsaeve
1187 498 1416 548 tropaeum

1812 493 1894 532 790

259 554 446 608 Virginis
481 557 557 594 aut
597 553 735 607 spolia
764 553 854 594 ulla
887 557 1010 606 peto3
1050 552 1153 594 mihi
1189 555 1332 594 cetera
1370 552 1541 594 laudem

257 614 391 654 Facta
429 611 579 652 ferent.

638 611 756 651 Haec
792 610 887 652 dira
928 624 1022 651 meo
1061 610 1159 651 dum
1194 610 1368 650 volnere
1402 611 1538 664 pestis

258 671 388 712 Pulsa
426 668 571 720 cadat,
611 668 777 722 patrias
818 668 1017 709 remeabo
1051 668 1258 721 inglorius
1296 667 1437 708 urbes.

257 728 407 770 Audiit
446 730 488 768 et
525 727 616 767 voti
656 726 853 768 Phoebus
889 726 1115 767 succedere
1151 729 1319 778 partem

258 786 402 828 Mente
431 783 571 835 dedit,
604 788 773 838 partem
811 784 1005 826 volucres
1045 783 1247 836 dispersit
1281 783 1325 824 in
1363 794 1511 822 auras:

1814 780 1894 819 795

257 845 476 886 Sterneret
512 845 561 882 ut
600 842 743 883 subita
782 842 1004 883 turbatam
1042 844 1181 882 morte
1226 840 1462 890 Camillam,

257 901 421 944 Adnuit
457 900 616 950 oranti;
655 899 855 941 reducem
895 903 944 941 ut
982 900 1128 954 patria
1165 899 1255 940 alta
1288 897 1465 948 videret,

256 961 353 1001 Non
389 958 524 1008 dedit,
563 957 692 1011 inque
723 961 849 999 notos
883 971 1032 999 vocem
1069 960 1235 998 vertere
1265 955 1492 1010 procellae.

256 1018 372 1071 Ergo
412 1020 460 1058 ut
494 1015 626 1056 missa
662 1030 791 1056 manu
822 1016 1010 1056 sonitum
1045 1014 1164 1056 dedit
1203 1014 1329 1055 hasta
1370 1026 1447 1067 per
1487 1023 1628 1060 aui'aS,

257 1076 514 1118 Convertere
550 1073 715 1115 animos
754 1087 875 1115 acres
917 1073 1150 1126 oculosque
1182 1072 1321 1113 tulere

982 1131 1100 1172 Nihil
1135 1130 1230 1184 ipsa
1264 1143 1343 1171 nec
1380 1140 1523 1178 aurae,

259 1133 411 1176 Cuncti
451 1131 506 1174 ad
538 1131 731 1185 reginam
764 1131 922 1173 Volsci.

304 1273 379 1304 735.
409 1272 549 1302 Summe
581 1269 698 1301 deum:
737 1274 812 1309 „Ex
845 1272 961 1301 affectu
997 1280 1055 1300 co-

256 1323 355 1351 lentis
379 1321 505 1356 dieitur,
529 1326 603 1347 nam
632 1318 777 1353 Iuppiter
805 1326 955 1347 5111010115
971 1316 1055 1347 051.“

260 1372 292 1397 S.
331 1368 384 1396 Sic
421 1368 529 1395 Herm.
565 1366 604 1392 ad
633 1366 732 1398 Sopli.
759 1364 836 1392 Ant.
861 1361 928 1392 3:58
955 1359 1055 1392 θεῶν

259 1407 326 1442 τὰν
352 1403 561 1449 ὑπερτάταν
589 1406 664 1438 Γᾶν
686 1410 788 1437 addit:
823 1411 911 1446 „Eae
940 1411 1056 1444 appel-

260 1459 401 1487 lationes
423 1459 517 1485 deum
536 1456 708 1489 designant
733 1463 784 1489 eo,
807 1456 845 1483 de
865 1463 927 1489 quo
946 1462 1053 1483 sermo

259 1510 330 1544 est,
370 1505 401 1532 in
427 1502 557 1536 negotio
593 1508 673 1535 prae
700 1500 821 1529 ceteris
846 1499 1054 1529 0010011001.ι

258 1554 307 1579 Ita
332 1548 399 1578 790
418 1549 493 1576 dicit
516 1544 803 1585 omnipotentem3
834 1548 892 1574 sed
919 1551 948 1574 et
970 1548 1051 1574 Iuno

260 1593 477 1634 omnipotens
515 1593 628 1621 dicitur
658 1591 687 1629 4,
719 1590 795 1620 693.
838 1590 875 1629 7,
901 1590 979 1620 4¹28.
1009 1607 1053 1610 —

265 1640 388 1671 Custos
417 1636 574 1668 Soractis
599 1638 712 1666 dicitur
731 1638 862 1674 Apollo,
888 1638 971 1671 quoti
992 1641 1055 1666 So-

258 1692 347 1716 racte
374 1686 403 1714 ei
428 1693 558 1714 sacrum
589 1688 656 1719 est,
698 1684 780 1711 110110
810 1684 910 1711 Silius
933 1681 963 1718 7,
988 1681 1054 1711 662

259 1734 338 1761 dixit
377 1728 565 1760 Phoebeum
604 1728 763 1764 Soracte,
807 1733 837 1756 et
881 1730 964 1761 1111011
1003 1728 1055 1755 dei

259 1780 320 1807 sihi
351 1784 451 1805 sacra
473 1778 545 1805 loca
570 1776 765 1803 tutabantur.
807 1775 860 1802 Sic
883 1777 1052 1808 Neptunus

258 1830 308 1853 est
355 1825 468 1851 custos
507 1818 653 1849 't'arenti
683 1821 758 1848 Hor.
790 1821 823 1849 C.
865 1819 891 1855 1,
920 1817 973 1856 28,
997 1818 1050 1847 29.

257 1869 429 1909 „Soractis
463 1875 556 1896 mons
602 1871 650 1895 est
682 1866 887 1900 Hirpinorum
918 1866 949 1894 in
976 1867 1052 1893 Fla-

258 1916 356 1945 minia
390 1910 596 1942 collocatus“
621 1915 651 1940 S.
691 1916 738 1940 est
770 1912 918 1940 Etruriae
951 1919 1052 1946 prope

259 1961 398 1991 Tiberim
423 1961 454 1988 in
478 1960 680 1987 Faliscorum
701 1965 790 1992 agro.
840 1958 888 1986 Ad
913 1963 1052 1985 montem

258 2009 331 2037 erat
362 2006 521 2034 Feroniae
552 2006 659 2032 lucus.
709 2005 886 2031 Praeterea
916 2003 1052 2031 Servius

258 2058 397 2083 montem
440 2051 590 2079 Manibus
633 2049 706 2077 dicit
751 2054 980 2078 consecratum
1023 2053 1053 2076 et

258 2100 322 2128 Diti
361 2098 442 2133 patri
482 2097 514 2124 in
553 2104 591 2123 eo
634 2095 753 2123 factum
788 2103 866 2123 esse
909 2102 1050 2123 sacrum.

261 2144 341 2175 Inde
371 2144 466 2171 etiam
498 2143 647 2170 homines
679 2141 733 2175 qni
765 2148 861 2170 sacra
906 2141 1053 2175 fecerint,

258 2200 322 2220 non
349 2191 456 2218 solum
489 2185 616 2227 Hirpos
641 2187 704 2215 dici
729 2194 746 2214 a
772 2187 879 2222 lupis,
910 2187 962 2220 qui
991 2189 1052 2214 Sa-

258 2239 405 2266 binorum
433 2235 542 2268 lingua
562 2234 646 2268 01101
671 2233 829 2268 dicantur,
865 2234 924 2261 sed
956 2233 1051 2260 etlam

264 2281 420 2312 Soranos
445 2288 463 2308 a
487 2280 576 2314 Dite,
612 2286 687 2307 nam
714 2279 818 2306 Ditem
840 2284 962 2313 patrem
991 2281 1053 2306 So-

259 2336 373 2357 ranum
410 2326 535 2354 vocari.
584 2327 617 2353 ln
661 2325 732 2352 eius
770 2327 896 2361 locuni,
954 2332 1051 2358 quum

259 2377 406 2404 Graecae
431 2373 563 2400 deorum
588 2371 794 2399 narrationes
824 2371 928 2405 tnagis
959 2372 1052 2398 vale-

260 2425 342 2455 rent,
366 2417 530 2447 suecessit
555 2418 701 2445 Graecus
725 2417 855 2450 Apollo,
900 2421 930 2444 et
966 2417 1050 2451 quod

259 2467 289 2496 ei
319 2466 387 2500 lupi
419 2463 507 2492 sacri
537 2467 610 2490 sunt
638 2467 669 2490 et
703 2463 788 2495 quod
820 2462 948 2496 sagittis
981 2462 1051 2490 suis

259 2519 373 2541 omnes
403 2508 566 2538 interimit.
614 2509 731 2536 Miiller
759 2510 824 2536 Etr.
857 2507 889 2543 2,
916 2506 968 2536 68.
1009 2522 1052 2526 —

259 2560 326 2587 Iam
350 2558 390 2585 de
415 2554 525 2589 Hirpis
549 2553 662 2582 confer
688 2561 771 2587 quae
797 2554 1052 2582 narratsolinus

260 2603 292 2640 2,
314 2602 373 2631 26:
401 2602 616 2637 „perpaucae
639 2599 783 2628 familiae
810 2604 885 2627 sunt
913 2600 945 2627 in
972 2606 1051 2634 agro

259 2649 473 2678 Faliscorum.
499 2654 583 2680 quos
608 2646 726 2679 Hirpos
750 2649 879 2673 vocant.
929 2645 967 2673 Hi
994 2652 1050 2673 sa-

260 2695 413 2723 crificium
456 2699 598 2720 annuum
645 2692 685 2720 ad
722 2696 861 2719 montem
903 2691 1049 2719 Soractis

260 2739 405 2775 Apollini
427 2737 567 2771 faciun13
614 2737 643 2765 id
670 2741 845 2771 operantes
871 2737 1051 2771 gesticula-

259 2786 401 2814 tionibus
438 2783 606 2818 religiosis
643 2783 774 2817 impune
806 2783 965 2811 insultant
997 2790 1050 2810 ar·-

259 2832 408 2860 1100ιὶ005
436 2831 595 2864 lignorum
627 2829 785 2865 struibus,
821 2828 852 2856 in
893 2830 1050 2856 honorem

260 2877 390 2905 divinae
432 2877 478 2905 rei
509 2874 646 2903 flammis
678 2874 900 2908 parcentibus.
949 2874 1050 2903 Cuius

261 2922 445 2951 devotionis
463 2920 655 2956 mysterium
674 2919 892 2948 munificentia
909 2925 1048 2949 senatus

260 2969 419 2995 honorata
434 2967 543 3001 Hirpis
559 2971 717 3000 perpetuo
736 2967 888 2994 consulto
904 2966 1045 2994 omnium

261 3019 427 3040 munerum
503 3012 705 3040 vacationem
774 3011 895 3039 deuit.“
962 3012 1049 3039 Idem

1813 1066 1897 1105 800

1103 1273 1195 1301 tradit
1222 1273 1339 1300 Strabo
1363 1269 1394 1308 5,
1420 1269 1452 1305 2,
1477 1268 1498 1297 9
1521 1277 1550 1303 p.
1570 1265 1637 1296 226
1661 1269 1690 1294 et
1715 1264 1798 1294 Plin.
1827 1264 1895 1292 NH.

1126 1319 1181 1355 ,2
1206 1323 1236 1346 01
1262 1319 1291 1346 15
1317 1317 1443 1345 eisdem
1469 1322 1574 1349 paene
1599 1312 1723 1341 verbis.

1146 1362 1221 1392 786.
1248 1371 1344 1403 quem
1372 1359 1496 1400 primi:
1528 1357 1568 1389 Pl
1594 1367 1651 1394 pro
1681 1352 1789 1397 primi
1812 1354 1896 1383 coni.

1104 1407 1228 1448 Irpini,
1255 1415 1287 1437 ut
1311 1417 1340 1437 51
1332 1409 1351 1436 t
1371 1404 1529 1446 Hirpini!
1557 1407 1620 1434 Sed
1638 1400 1745 1443 primi
1761 1404 1897 1430 bonum.

1102 1459 1168 1484 Nos
1197 1456 1303 1490 magis
1331 1461 1427 1488 quam
1454 1452 1510 1481 alii
1530 1451 1679 1480 homines
1698 1454 1727 1477 te
1744 1447 1896 1476 colimus.

1102 1503 1155 1530 Sic
1177 1498 1207 1535 7,
1233 1500 1298 1528 453
1324 1497 1449 1538 virgea
1469 1496 1632 1536 flamma.
1661 1493 1692 1531 8,
1717 1493 1897 1531 69151111)-

1097 1555 1163 1587 pea
1193 1545 1354 1584 flammo.
1398 1541 1578 1579 G.3,145
1619 1549 1726 1570 saxea
1763 1538 1896 1568 umbra.

1098 1593 1130 1629 2,
1155 1592 1220 1620 309
1244 1592 1344 1632 picea
1371 1591 1501 1627 caligo.
1527 1589 1636 1617 Poetis
1656 1586 1686 1615 is
1711 1596 1792 1617 usus
1823 1591 1898 1624 pro-

1100 1640 1191 1674 prius
1218 1643 1268 1667 est
1292 1638 1433 1667 adiectis
1438 1642 1526 1666 orum
1550 1635 1774 1666 materialium.

1145 1682 1222 1712 788.
1249 1682 1396 1720 „Pruna
1446 1684 1598 1718 quamdiu
1640 1683 1731 1710 ardet
1769 1681 1897 1710 dicitur·

1101 1732 1206 1765 Quum
1231 1735 1340 1758 autem
1366 1731 1530 1758 exstincta
1555 1729 1662 1764 suerit,
1709 1725 1811 1756 carbo
1835 1735 1898 1755 no-

1102 1776 1251 1804 minatur.
1256 1775 1276 1789 ‘⁴
1302 1778 1335 1803 S.
1383 1772 1433 1813 Pl,
1467 1783 1561 1809 quem
1587 1773 1719 1803 offendit
1747 1771 1896 1803 cultores

1100 1823 1176 1856 post
1201 1819 1358 1850 colimus.
1385 1821 1468 1849 coni.
1493 1827 1615 1849 secura
1641 1818 1675 1848 in
1691 1816 1802 1847 multa
1817 1823 1895 1853 01ος

1100 1869 1148 1897 sic
1175 1868 1259 1902 quod
1284 1863 1410 1906 pulsae
1436 1866 1610 1903 antecedit,
1634 1873 1668 1894 v.
1697 1863 1762 1893 793
1786 1862 1893 1904 pulsa

1100 1917 1200 1942 mutat
1224 1914 1255 1941 in
1282 1909 1396 1952 lapsa,
1440 1917 1470 1941 et
1495 1913 1581 1948 quod
1606 1919 1695 1940 aura
1721 1912 1840 1947 legitur
1864 1918 1895 1938 v.

1101 1958 1176 1996 7,99
1197 1966 1304 1987 auras
1328 1962 1427 1987 mutat
1453 1966 1484 1987 v.
1502 1956 1568 1986 795
1593 1958 1624 1986 in
1652 1954 1778 1993 Euros,
1805 1962 1835 1986 et
1863 1964 1895 1985 v.

1099 2003 1162 2032 801
1191 2013 1248 2040 pro
1277 2012 1388 2033 aurae
1412 2005 1543 2040 scripsit
1566 2001 1691 2050 hastile
1717 2007 1747 2031 et
1772 2011 1804 2031 v.
1828 2001 1897 2032 802

1101 2059 1158 2086 pro
1185 2048 1246 2079 teti
1271 2051 1436 2079 substituit
1463 2047 1532 2079 leti.

1147 2094 1222 2125 790.
1250 2099 1317 2131 Ego
1341 2105 1384 2125 ex
1412 2097 1537 2131 virgine
1573 2101 1675 2124 caesa
1705 2103 1812 2129 neque
1846 2096 1895 2123 ul-

1099 2144 1165 2170 lum
1198 2143 1356 2171 victoriae
1388 2143 1516 2177 signum
1549 2149 1610 2170 nec
1644 2142 1774 2169 taudem
1808 2146 1895 2177 peto,

1100 2196 1194 2222 qttam
1223 2196 1265 2217 ex
1287 2188 1363 2217 aliis
1386 2187 1482 2217 factis
1508 2187 1583 2216 mini
1610 2194 1739 2223 parem3
1777 2187 1896 2215 sufficit

1099 2241 1171 2262 eam
1198 2234 1373 2263 occidisse.

1146 2279 1222 2308 79⁶2.
1249 2281 1386 2309 Camilla
1411 2279 1514 2315 pestis
1535 2278 1650 2307 dicitur
1675 2278 1716 2307 cs.
1741 2278 1772 2316 5,
1794 2276 1872 2307 683.

1145 2324 1221 2353 794.
1253 2323 1302 2354 Pl.
1330 2333 1386 2360 pro
1411 2327 1443 2354 et
1467 2325 1552 2354 coni.
1575 2326 1624 2353 at.

1145 2371 1220 2399 795.
1247 2374 1359 2399 mente
1379 2368 1464 2399 dare
1490 2370 1539 2407 to,
1562 2368 1637 2399 628.
1664 2385 1709 2389 —
1731 2366 1897 2409 dispersit

1101 2414 1136 2445 in
1161 2425 1270 2445 auras
1296 2416 1336 2445 cf.
1361 2416 1392 2453 9,
1418 2415 1493 2445 313.

1144 2461 1219 2491 796.
1253 2459 1292 2491 Pl
1316 2470 1346 2490 v.
1373 2460 1520 2491 voe—S
1547 2462 1655 2497 elicit,
1692 2462 1778 2495 quod
1814 2464 1891 2489 801·-

1099 2509 1174 2537 vius
1198 2516 1317 2537 versus
1344 2517 1408 2537 non
1433 2509 1589 2545 explicat,
1621 2509 1707 2542 quod
1730 2507 1803 2536 sine
1834 2508 1893 2535 da-

1099 2563 1173 2584 mno
1214 2554 1338 2589 absint,
1383 2555 1466 2588 quod
1506 2559 1581 2588 post
1611 2562 1642 2583 v.
1672 2552 1740 2582 590
1764 2548 1801 2581 ‘et
1826 2549 1893 2580 759

1100 2600 1242 2629 maxime
1265 2602 1459 2635 langueant;
1496 2601 1582 2634 quoti
1600 2600 1674 2634 ipsa
1701 2599 1803 2628 oratio
1827 2605 1891 2626 non

1097 2647 1140 2675 sit
1166 2651 1319 2674 venusta.

1142 2689 1217 2720 797.
1243 2688 1362 2730 patria
1390 2687 1465 2719 nlla
1486 2691 1526 2720 cf.
1551 2689 1583 2727 4,
1604 2688 1658 2719 97.

1143 2735 1217 2765 799.
1245 2734 1395 2765 sonitum
1437 2734 1532 2765 dedit
1572 2736 1612 2766 cf.
1652 2735 1684 2773 2,
1723 2733 1798 2763 698.
1846 2747 1891 2755 —

1098 2784 1218 2811 Omnes
1241 2785 1358 2811 hastae
1385 2791 1466 2811 sono
1483 2786 1719 2817 perterrentur;
1743 2786 1809 2808 una
1823 2787 1891 2808 000

1097 2833 1248 2857 movetur
1272 2828 1420 2857 Camilla.

1140 2873 1219 2904 800.
1251 2870 1299 2902 ΡΙ.
1326 2881 1382 2908 pro
1407 2881 1504 2902 acres
1525 2873 1609 2903 coni.
1636 2868 1738 2900 acies.

1142 2917 1219 2949 801.
1247 2927 1373 2948 auras.-
1401 2921 1514 2956 „Haee
1539 2923 1589 2947 est
1608 2917 1739 2950 antiqua
1753 2914 1911 2946 lectio.“'

1095 2967 1127 2994 S.
1156 2966 1210 3000 qui
1243 2971 1413 2999 comparat
1443 2959 1726 3004 paterfamilias,
1767 2967 1817 2991 est
1857 2962 1889 2990 in

1099 3013 1147 3049 bo,
1175 3019 1285 3040 aurae
1313 3011 1344 3040 in
1364 3014 1395 3039 Μ
1421 3010 1562 3043 aliisque
1589 3008 1693 3036 bonis.
1719 3009 1788 3037 Hoc
1814 3010 1888 3037 loco
