2023 3350
197 106 278 146 202

762 104 800 136 P.
827 102 1023 136 v1RG1L11
1049 102 1261 137 MARONIS

195 216 378 270 Impius,
425 215 685 268 exuviasque
725 228 888 267 01111165,
928 215 1172 270 lectumque
1205 217 1406 269 iugalem,

199 276 290 324 Quo
331 272 456 326 perii,
497 272 849 325 superinponant.

906 271 1091 314 Abolere
1125 273 1299 315 nefandi

198 332 362 373 Cuncta
395 329 474 370 viri
513 332 789 370 monumenta.
829 329 968 380 iuvat,
1011 334 1313 384 monstratque
1352 330 1564 373 sacerdos.

196 389 314 429 Haec
355 385 484 427 effata
515 385 632 436 silet,
670 386 815 439 pallor
852 386 981 428 simul
1018 392 1202 440 occupat
1237 402 1326 429 ora.

196 446 292 486 Non
329 446 472 484 tamen
508 443 633 483 Anna
669 443 789 485 novis
828 447 1084 497 praetexere
1118 443 1272 486 funera
1310 445 1444 486 sacris

1754 445 1837 484 500

197 501 456 543 Germanam
494 499 649 550 credit,
694 514 771 542 1166
802 503 947 542 tantos
981 504 1124 543 mente
1159 501 1329 543 furores

198 557 391 612 Concipit
424 560 500 598 aut
530 557 730 610 graviora
762 558 885 600 timet
926 572 1057 612 quam
1093 562 1233 601 morte
1273 557 1466 614 Sychaei.

195 616 310 668 Ergo
347 615 464 655 iussa
502 618 640 668 parat.

309 672 366 713 At
404 671 573 725 regina,
618 686 727 726 pyra
759 671 975 726 penetrali
1011 672 1056 714 in
1091 672 1191 714 sede
1230 672 1308 715 sub
1346 686 1476 715 auras

194 730 351 771 Erecta
383 728 548 782 ingenti
585 729 726 771 taedis
765 733 896 784 atque
930 730 1029 771 ilice
1065 734 1185 771 secta

1755 731 1837 770 505

193 786 470 839 Intenditque
502 787 648 828 locum
681 787 805 828 sertis
843 791 886 829 et
925 787 1077 829 fronde
1114 790 1297 829 coronat

193 844 410 895 Funerea,
457 858 586 898 super
620 845 814 896 exuvias,
860 859 1089 898 ensemque
1126 845 1326 887 relictum

194 901 480 955 Effigiemque
516 905 613 944 toro
647 902 764 943 locat
797 902 914 943 haud
954 903 1108 956 ignara
1140 903 1287 944 futuri.

196 959 323 1001 Stant
355 972 457 1001 arae
489 960 668 1011 circum,
713 963 756 1001 et
791 960 928 1002 crines
963 960 1098 1002 effusa
1134 959 1339 1002 sacerdos

196 1017 277 1059 Ter
315 1019 484 1059 centum
516 1020 641 1059 tonat
678 1030 753 1059 ore
791 1017 894 1059 deos
932 1017 1209 1072 Erebumque
1248 1017 1482 1070 Chaosque

195 1150 254 1176 tur.
303 1148 354 1176 Ita
385 1150 492 1175 autem
515 1146 674 1183 loquitur,
708 1146 803 1182 quasi
828 1146 894 1176 iam
919 1155 995 1182 pro-

194 1193 298 1222 fectus
321 1193 364 1222 sit
382 1193 525 1220 Aeneas.
559 1192 713 1226 Impietas
734 1193 847 1227 aliqua
868 1197 994 1228 specta-

195 1243 256 1272 tur,
280 1239 363 1272 quod
384 1238 418 1266 in
441 1239 581 1266 thalamo
604 1245 695 1266 arma
715 1239 852 1272 reliquit.

243 1281 320 1312 496.
347 1279 481 1323 Impius
510 1283 568 1312 ille
598 1287 663 1319 651,
698 1282 753 1318 (1111
788 1284 832 1318 pii
865 1285 994 1313 nomine

196 1331 336 1365 gaudere
365 1331 454 1357 solet.
495 1344 534 1348 —
581 1326 743 1358 Esuviae
772 1334 848 1358 sunt
871 1334 992 1368 vesteS,

198 1376 282 1408 3113,
310 1382 393 1409 quae
418 1376 458 1403 ab
480 1382 516 1402 eo
540 1374 651 1408 accepi
672 1375 710 1403 cf.
734 1372 808 1403 651.

243 1418 319 1449 497.
349 1417 424 1458 Quo
461 1417 552 1459 perii
588 1428 660 1449 611111
699 1422 818 1454 pudore
851 1429 993 1455 pronun-

198 1466 288 1495 tiata.
333 1469 482 1501 „propter
510 1465 705 1494 exstinctum
735 1465 918 1500 pttdorein.“
958 1468 990 1495 S.

195 1526 241 1532 —
270 1508 569 1550 Superimponant
594 1519 638 1539 sc.
665 1511 793 1547 famuli,
828 1512 921 1541 6111115
946 1512 993 1540 rei

196 1565 307 1587 curam
331 1558 460 1585 mandat
486 1557 613 1593 Annae,
639 1557 686 1585 ita
709 1558 777 1585 ΕΜ.
809 1573 846 1576 -
874 1565 991 1596 snper-

196 1600 356 1642 imponas
376 1604 411 1630 P.
439 1610 500 1630 rec.
531 1599 613 1633 leb..
648 1610 710 1630 11011
733 1603 841 1630 minus
866 1603 993 1637 quidem

197 1649 380 1684 probabile.
408 1655 485 1676 113111
505 1647 558 1681 qui
584 1648 656 1681 quid
688 1648 871 1676 faciendum
898 1656 992 1677 cura-

197 1700 306 1731 verat,
343 1701 416 1722 eum
450 1693 559 1721 Latini
591 1693 708 1722 fecisse
735 1694 899 1727 dicebant;
938 1696 994 1722 sed

197 1745 301 1769 ortum
325 1740 451 1768 videtur
473 1741 513 1767 ab
537 1747 589 1775 60,
616 1739 671 1773 qui
694 1742 828 1778 ponant
852 1740 993 1769 subiecto

197 1787 319 1814 omisso
346 1784 549 1819 improbavit.

244 1829 320 1859 498.
351 1828 494 1858 Abolere
529 1829 603 1857 inde
635 1837 655 1858 a
679 1830 776 1863 Velio
809 1841 851 1852 =
889 1831 994 1858 delere

198 1877 246 1906 sic
273 1874 324 1913 11,
351 1873 426 1903 789.
460 1877 495 1903 G.
523 1873 553 1910 3,
580 1874 655 1903 559.
693 1876 765 1903 Liv.
797 1874 825 1911 3,
851 1874 903 1904 38.
938 1874 994 1913 25,

203 1920 229 1954 1.
255 1920 284 1950 6.
333 1923 383 1950 Pl.
408 1923 465 1956 Ep.
493 1920 531 1957 5,
557 1920 586 1949 5.
635 1919 666 1955 7,
697 1919 715 1948 6
740 1923 781 1949 al.
848 1919 993 1950 Abolere

198 1969 324 1996 cuncta
359 1969 582 1995 monumenta
619 1967 700 1994 111161·
736 1967 877 1995 remedia
907 1974 996 1995 amo-

200 2013 247 2041 ris
278 2017 362 2041 recte
394 2012 605 2047 referebatur,
651 2016 685 2040 ut
723 2012 850 2040 omnino
880 2019 919 2041 ea
946 2013 996 2041 fa-

199 2059 295 2087 cilius
319 2057 562 2091 obliviscimur.
600 2066 732 2092 quorum
763 2058 893 2093 signum
925 2060 997 2086 nul-

199 2106 267 2132 lum
302 2104 460 2132 videmus.
537 2105 595 2132 Ov.
638 2105 726 2131 Rem.
775 2104 886 2132 Amor.
930 2102 995 2131 719

203 2145 329 2177 Οιηηία
352 2156 442 2188 pone
461 2146 573 2185 seros,
596 2145 755 2186 quamvis
779 2145 930 2186 invitus,
963 2146 997 2177 in

198 2192 321 2232 igncs3
354 2195 386 2222 et
421 2190 494 2222 dic.-
531 2191 671 2223 ardoris
709 2191 754 2223 sit
785 2202 895 2235 rogus
933 2191 998 2224 istc

199 2247 275 2269 met.

245 2282 322 2314 499.
354 2282 475 2314 Pallor
505 2289 553 2313 est
583 2293 647 2321 „ex
676 2285 875 2314 conscientia
907 2286 997 2322 cogi-

201 2335 286 2359 tatae
308 2329 452 2360 niortis.“
479 2333 511 2359 S.

243 2375 319 2405 500.
350 2373 556 2405 praetexere
587 2379 634 2404 est
665 2377 862 2405 abscondere
899 2374 936 2410 6,
965 2373 994 2405 4.

197 2423 372 2457 Utrumque
407 2422 492 2450 enim
522 2425 606 2450 recte
643 2421 759 2450 dicitur
792 2423 995 2460 praetexere

191 2465 316 2505 funeri
345 2475 447 2496 sacra
480 2467 537 2501 (cf.
566 2463 650 2501 172)
686 2471 716 2495 61
747 2463 856 2495 sacris
887 2466 994 2502 (abl.)

194 2511 338 2550 funera.
388 2513 434 2542 Cf.
455 2511 484 2550 6,
508 2509 584 2540 229.

244 2556 321 2587 501.
347 2567 416 2587 non
440 2573 485 2577 —
510 2565 570 2586 nec
592 2572 636 2576 —-
660 2558 722 2585 aut
749 2557 787 2586 cf.
816 2555 845 2593 3,
871 2554 924 2585 43.

245 2603 321 2633 502.
354 2601 512 2643 Concipit
533 2607 638 2631 tantos
660 2610 733 2631 esse
758 2610 852 2636 posse
878 2609 993 2631 aman-

199 2650 278 2677 tium
311 2650 436 2677 furores
474 2649 513 2678 cf.
553 2650 613 2677 Ov.
649 2650 691 2676 M.
729 2644 789 2683 10,
816 2645 880 2674 403
925 2644 995 2676 Nec

198 2691 318 2722 nutrix
346 2691 540 2723 etiamnum
567 2691 717 2732 concipit
743 2690 851 2720 ullum
885 2694 997 2721 mente

198 2737 312 2772 nefas.
337 2754 381 2759 —
409 2736 518 2767 Morte
548 2735 697 2777 Sychaei
719 2742 783 2773 est,
809 2747 907 2772 quum
933 2741 995 2773 Sy-

200 2787 320 2813 chaeus
352 2788 494 2813 mortuus
523 2788 608 2821 erat,
647 2792 708 2819 quo
740 2789 878 2818 tempore
913 2784 994 2812 Dido

200 2830 405 2858 immoderate
436 2830 581 2866 lingebat3
618 2831 674 2858 sed
707 2834 813 2858 tamen
851 2836 872 2858 a
908 2831 995 2859 luctu

199 2875 333 2905 recessit
355 2878 477 2909 postea.

283 2950 499 2982 504-521.
548 2951 723 2991 Magicum
760 2960 909 2983 sacrum.

245 3007 322 3038 504.
349 3010 429 3039 Cum
449 3012 508 3039 hoc
533 3018 626 3040 sacro
651 3012 690 3041 cf.
718 3013 753 3040 Ε.
778 3008 798 3039 S
818 3011 855 3039 de
880 3019 914 3039 re
940 3018 995 3039 ea-

1756 1017 1839 1056 510

1041 1148 1122 1176 dem.
1165 1143 1258 1186 Pyra
1281 1146 1340 1181 (cf.
1367 1143 1419 1183 11,
1445 1142 1531 1181 185)
1555 1144 1744 1180 exstruitur,
1766 1143 1840 1179 qui-

1040 1195 1101 1221 bus
1126 1193 1332 1227 imponantur
1358 1200 1410 1220 res
1440 1194 1480 1220 ab
1498 1192 1614 1220 Aenea
1637 1191 1779 1226 relictae,
1803 1193 1839 1218 ut

1040 1243 1238 1274 crementum
1272 1246 1369 1272 prope
1394 1241 1554 1272 ponuntur
1579 1243 1676 1273 arae,
1705 1236 1740 1266 in
1765 1235 1838 1270 qui-

1039 1287 1100 1313 bus
1128 1291 1224 1313 sacra
1251 1283 1344 1319 siant,
1372 1290 1455 1318 quae
1478 1290 1587 1311 amore
1614 1283 1757 1311 solvant.
1794 1295 1834 1300 —

1040 1327 1100 1358 sub
1123 1336 1233 1357 auras
1257 1330 1371 1358 erecta
1404 1329 1442 1357 cf.
1475 1325 1551 1357 494.
1591 1343 1628 1347 -—
1664 1322 1840 1366 penetrali

1039 1372 1075 1403 in
1103 1371 1202 1411 sede,
1244 1374 1282 1403 cf.
1309 1372 1344 1410 7,
1372 1372 1425 1402 59.
1469 1389 1507 1393 —
1555 1369 1750 1402 penetralis
1781 1372 1839 1400 ad-

1037 1420 1190 1449 iectivum
1233 1420 1272 1448 cf.
1308 1417 1345 1454 2,
1378 1417 1454 1448 297.
1520 1416 1649 1448 'saedis
1687 1415 1840 1458 erigitur

1038 1473 1139 1505 pyra,
1165 1466 1203 1494 cf.
1228 1464 1257 1502 3,
1284 1463 1358 1493 134.

1085 1509 1161 1539 506.
1193 1508 1412 1549 intenditque
1437 1507 1547 1538 locum
1575 1506 1677 1538 sertis
1694 1517 1757 1538 non
1778 1508 1839 1538 mi-

1039 1565 1100 1585 nus
1128 1561 1230 1594 recte,
1270 1564 1368 1592 quam
1391 1556 1554 1585 intendere
1584 1559 1671 1584 serta
1695 1557 1766 1584 loco
1796 1554 1836 1584 cf.

1039 1600 1116 1630 500.

1087 1644 1163 1675 507.
1185 1645 1338 1684 funerea
1375 1647 1395 1675 i.
1438 1656 1464 1676 e.
1501 1654 1565 1681 (1113
1603 1646 1701 1675 funus
1742 1652 1838 1674 suum

1042 1693 1183 1721 futurum
1213 1693 1331 1721 indicat
1355 1693 1454 1728 Dido;
1480 1693 1535 1721 ubi
1562 1693 1661 1721 Anna
1683 1690 1839 1725 intelligit

1041 1739 1145 1767 fictum
1172 1739 1267 1772 (111351
1292 1738 1389 1767 funus
1414 1740 1547 1767 Aeneae
1571 1737 1757 1774 significari.
1794 1750 1833 1755 —-

1046 1781 1218 1819 Exuvias,
1246 1791 1428 1822 ensemque
1449 1788 1508 1813 etc.
1538 1784 1577 1813 cf.
1603 1781 1680 1811 498.

1086 1827 1162 1857 508.
1193 1826 1301 1857 Haud
1342 1826 1474 1867 ignara
1509 1826 1639 1866 futuri.
1697 1828 1838 1863 Ignarae

1040 1879 1131 1903 erant
1163 1875 1263 1902 Anna
1303 1879 1332 1903 et
1372 1877 1540 1909 sacerdos3
1585 1876 1712 1903 nolebat
1749 1872 1835 1901 enim

1042 1921 1188 1949 Aeneam
1216 1921 1296 1948 Dido
1322 1921 1384 1948 sibi
1411 1921 1601 1956 conciliare,
1635 1920 1718 1954 quod
1743 1925 1836 1947 sacro

1043 1966 1168 2000 magico
1188 1966 1376 2001 simulabat,
1399 1967 1455 1994 sed
1472 1970 1603 1995 mortem
1623 1965 1688 1993 sibi
1709 1963 1837 1992 inferre.

1090 2010 1166 2039 509.
1192 2008 1303 2039 crines
1325 2008 1436 2049 effusa
1467 2013 1504 2040 de
1534 2019 1598 2041 acc.
1632 2010 1671 2040 cf.
1698 2007 1734 2046 1,
1761 2006 1838 2037 228.

1043 2058 1081 2085 111
1103 2060 1198 2085 rebus
1221 2057 1358 2093 magicis
1384 2064 1500 2091 magae
1523 2059 1695 2086 solvebant
1719 2055 1836 2090 crines,

1043 2103 1140 2137 quasi
1176 2103 1305 2131 deorum
1341 2103 1472 2132 numine
1512 2103 1736 2137 implerentur,
1781 2099 1837 2134 qui

1043 2149 1179 2177 vincula
1209 2156 1272 2176 non
1299 2149 1433 2176 tolerant
1467 2148 1505 2177 cf.
1535 2146 1565 2185 3,
1590 2145 1666 2176 370.
1698 2161 1736 2166 —
1769 2142 1836 2174 Sa-

1043 2191 1163 2222 cerdos
1187 2193 1247 2222 illa
1272 2201 1355 2228 quae
1378 2202 1409 2222 v.
1434 2192 1499 2221 483
1524 2191 1727 2222 memoratur.

1090 2237 1166 2267 510.
1201 2236 1337 2267 'sonare
1354 2239 1461 2275 signat
1479 2241 1649 2268 obscurum
1669 2238 1761 2266 illum
1783 2244 1836 2265 so-

1043 2292 1136 2321 num,
1176 2293 1238 2319 quo
1264 2284 1538 2313 incantationibus
1563 2284 1610 2313 uti
1635 2285 1738 2313 5016111
1766 2289 1836 2311 ma-

1043 2337 1112 2365 gae.
1167 2327 1304 2358 'sonare
1329 2332 1463 2358 verbum
1489 2332 1518 2358 11.
1548 2331 1568 2358 1.
1594 2334 1628 2358 ut
1652 2327 1683 2365 8,
1709 2325 1772 2356 419
1806 2330 1838 2356 et

1042 2375 1176 2409 saepius
1198 2378 1247 2403 est
1271 2377 1454 2412 personale,
1487 2375 1647 2409 siquidem
1674 2375 1729 2409 qui
1752 2376 1838 2402 tonet

1042 2424 1181 2455 constan
1207 2423 1235 2447 et
1261 2422 1487 2450 accusativum
1513 2421 1652 2449 assumit
1673 2420 1712 2450 cf.
1731 2417 1761 2456 2,
1781 2415 1835 2455 31,

1041 2474 1083 2494 ex
1121 2465 1355 2501 significatione
1396 2474 1460 2501 qua
1495 2470 1544 2495 est
1580 2468 1640 2495 hoc
1674 2467 1753 2494 loco.
1793 2479 1832 2484 —-

1040 2512 1155 2539 Alium
1201 2512 1441 2548 accusativum,
1490 2512 1615 2541 scilicet
1654 2513 1836 2546 verborum,

1041 2564 1124 2590 quae
1150 2557 1266 2585 tonitru
1294 2557 1513 2593 proferuntur,
1551 2558 1603 2586 dat
1627 2558 1723 2591 Prop.
1750 2553 1780 2591 4,
1808 2552 1835 2591 1,

1042 2599 1107 2629 134
1139 2599 1240 2630 verba
1272 2604 1405 2631 tonare.
1455 2604 1568 2632 Claud.
1600 2603 1640 2630 R.
1665 2603 1701 2630 P.
1733 2598 1767 2638 1,
1792 2597 1834 2628 83

1040 2649 1122 2676 tunc
1156 2644 1247 2676 talia
1283 2645 1374 2677 celso
1407 2655 1465 2677 ore
1496 2649 1605 2677 tonat.
1642 2663 1687 2667 —
1724 2643 1836 2675 'Ponat

1043 2693 1139 2726 igitur
1162 2697 1209 2720 est
1236 2695 1358 2728 vocat,
1392 2702 1452 2728 quo
1478 2697 1576 2723 verbo
1600 2700 1682 2722 usus
1707 2695 1755 2720 est
1783 2690 1835 2718 Si-

1041 2739 1124 2772 lius,
1151 2738 1205 2766 ubi
1229 2741 1314 2766 1111116
1338 2739 1499 2773 expressit
1527 2738 1556 2773 1,
1584 2735 1626 2766 94
1652 2746 1699 2772 sq.
1748 2737 1835 2765 Idem

1042 2785 1094 2813 ter
1116 2792 1190 2812 cum
1222 2785 1320 2812 tonat
1345 2785 1461 2819 iunxit,
1484 2789 1513 2813 et
1538 2784 1629 2819 iungi
1653 2783 1737 2811 iubet
1761 2783 1834 2809 Ser-

1042 2829 1136 2865 vius,
1165 2833 1193 2857 et
1219 2831 1380 2858 ternarius
1406 2838 1559 2859 numerus
1585 2829 1618 2856 in
1642 2827 1835 2856 incantatio-

1042 2875 1137 2903 nibus
1162 2875 1231 2903 vim
1256 2877 1360 2903 habet.
1415 2873 1557 2904 Centum
1585 2870 1667 2901 deos
1694 2873 1836 2907 explicat

1043 2920 1178 2948 Servius
1209 2913 1357 2957 ἑκατὸν,
1398 2912 1549 2958 Ἑκατῆς
1578 2918 1727 2954 11111111113;
1765 2925 1835 2946 11105

1044 2969 1148 2994 tamen
1183 2969 1251 2994 erat
1291 2967 1400 2999 plures
1432 2966 1507 2993 deos
1538 2965 1709 2999 invocare,
1752 2963 1834 2992 111161·

1042 3018 1122 3045 quos
1146 3010 1373 3046 potentissima
1396 3011 1533 3047 Hecate,
1558 3015 1657 3044 quare
1681 3009 1752 3038 eius
1777 3016 1835 3038 no-
