<?xml version="1.0" encoding="UTF-8"?>
<!DOCTYPE html PUBLIC "-//W3C//DTD XHTML 1.0 Transitional//EN"
    "http://www.w3.org/TR/xhtml1/DTD/xhtml1-transitional.dtd">
<html xmlns="http://www.w3.org/1999/xhtml" xml:lang="en" lang="en">
 <head>
  <title>
</title>
<meta http-equiv="Content-Type" content="text/html;charset=utf-8" />
  <meta name='ocr-system' content='tesseract 3.04.00' />
  <meta name='ocr-capabilities' content='ocr_page ocr_carea ocr_par ocr_line ocrx_word'/>
</head>
<body>
  <div class='ocr_page' id='page_1' title='image "aeneisvi00virguoft_0378.png"; bbox 0 0 2023 3350; ppageno 0'>
   <div class='ocr_carea' id='block_1_1' title="bbox 214 128 297 168">
    <p class='ocr_par' dir='ltr' id='par_1_1' title="bbox 214 128 297 168">
     <span class='ocr_line' id='line_1_1' title="bbox 214 128 297 168; baseline -0.012 0"><span class='ocrx_word' id='word_1_1' title='bbox 214 128 297 168; x_wconf 83' lang='lat'>352</span> 
     </span>
    </p>
   </div>
   <div class='ocr_carea' id='block_1_2' title="bbox 796 119 1293 155">
    <p class='ocr_par' dir='ltr' id='par_1_2' title="bbox 796 119 1293 155">
     <span class='ocr_line' id='line_1_2' title="bbox 796 119 1293 155; baseline 0 -2"><span class='ocrx_word' id='word_1_2' title='bbox 796 122 831 153; x_wconf 89' lang='lat' dir='ltr'>P.</span> <span class='ocrx_word' id='word_1_3' title='bbox 858 119 1056 153; x_wconf 82' lang='lat' dir='ltr'>VIRGan</span> <span class='ocrx_word' id='word_1_4' title='bbox 1081 119 1293 155; x_wconf 76' lang='lat' dir='ltr'>MARONIS</span> 
     </span>
    </p>
   </div>
   <div class='ocr_carea' id='block_1_3' title="bbox 214 232 1405 288">
    <p class='ocr_par' dir='ltr' id='par_1_3' title="bbox 214 232 1405 288">
     <span class='ocr_line' id='line_1_3' title="bbox 214 232 1405 288; baseline -0.006 -6"><span class='ocrx_word' id='word_1_5' title='bbox 214 241 320 282; x_wconf 85' lang='lat' dir='ltr'>Tam</span> <span class='ocrx_word' id='word_1_6' title='bbox 361 249 511 280; x_wconf 87' lang='lat' dir='ltr'>saevae</span> <span class='ocrx_word' id='word_1_7' title='bbox 549 234 700 285; x_wconf 79' lang='lat' dir='ltr'>facies,</span> <span class='ocrx_word' id='word_1_8' title='bbox 740 236 810 276; x_wconf 83' lang='lat' dir='ltr'>tot</span> <span class='ocrx_word' id='word_1_9' title='bbox 846 232 1033 288; x_wconf 83' lang='lat' dir='ltr'>pullulat</span> <span class='ocrx_word' id='word_1_10' title='bbox 1067 235 1165 276; x_wconf 87' lang='lat' dir='ltr'>atra</span> <span class='ocrx_word' id='word_1_11' title='bbox 1203 232 1405 277; x_wconf 85' lang='lat' dir='ltr'>colubris.</span> 
     </span>
    </p>
   </div>
   <div class='ocr_carea' id='block_1_4' title="bbox 217 290 1360 348">
    <p class='ocr_par' dir='ltr' id='par_1_4' title="bbox 217 290 1360 348">
     <span class='ocr_line' id='line_1_4' title="bbox 217 290 1360 348; baseline -0.003 -10"><span class='ocrx_word' id='word_1_12' title='bbox 217 302 354 348; x_wconf 76' lang='lat' dir='ltr'>Quam</span> <span class='ocrx_word' id='word_1_13' title='bbox 386 295 492 336; x_wconf 92' lang='lat' dir='ltr'>Iuno</span> <span class='ocrx_word' id='word_1_14' title='bbox 531 292 600 334; x_wconf 89' lang='lat' dir='ltr'>his</span> <span class='ocrx_word' id='word_1_15' title='bbox 633 291 751 333; x_wconf 90' lang='lat' dir='ltr'>acuit</span> <span class='ocrx_word' id='word_1_16' title='bbox 792 290 950 342; x_wconf 86' lang='lat' dir='ltr'>verbis,</span> <span class='ocrx_word' id='word_1_17' title='bbox 991 304 1042 333; x_wconf 90' lang='lat' dir='ltr'>ac</span> <span class='ocrx_word' id='word_1_18' title='bbox 1077 290 1186 332; x_wconf 87' lang='lat' dir='ltr'>talia</span> <span class='ocrx_word' id='word_1_19' title='bbox 1221 290 1360 334; x_wconf 85' lang='lat' dir='ltr'>fatur:</span> 
     </span>
    </p>
   </div>
   <div class='ocr_carea' id='block_1_5' title="bbox 1784 292 1868 333">
    <p class='ocr_par' dir='ltr' id='par_1_5' title="bbox 1784 292 1868 333">
     <span class='ocr_line' id='line_1_5' title="bbox 1784 292 1868 333; baseline 0.012 -1"><span class='ocrx_word' id='word_1_20' title='bbox 1784 292 1868 333; x_wconf 85' lang='lat'>330</span> 
     </span>
    </p>
   </div>
   <div class='ocr_carea' id='block_1_6' title="bbox 215 347 1592 577">
    <p class='ocr_par' dir='ltr' id='par_1_6' title="bbox 216 347 1592 517">
     <span class='ocr_line' id='line_1_6' title="bbox 216 347 1592 403; baseline -0.004 -7"><span class='ocrx_word' id='word_1_21' title='bbox 216 355 340 396; x_wconf 86' lang='lat' dir='ltr'>Hunc</span> <span class='ocrx_word' id='word_1_22' title='bbox 379 351 485 392; x_wconf 87' lang='lat' dir='ltr'>mihi</span> <span class='ocrx_word' id='word_1_23' title='bbox 527 350 583 392; x_wconf 86' lang='lat' dir='ltr'>da</span> <span class='ocrx_word' id='word_1_24' title='bbox 616 348 863 403; x_wconf 83' lang='lat' dir='ltr'>proprium,</span> <span class='ocrx_word' id='word_1_25' title='bbox 895 348 1017 401; x_wconf 85' lang='lat' dir='ltr'>virgo</span> <span class='ocrx_word' id='word_1_26' title='bbox 1054 351 1151 390; x_wconf 86' lang='lat' dir='ltr'>sata</span> <span class='ocrx_word' id='word_1_27' title='bbox 1187 348 1346 401; x_wconf 82' lang='lat' dir='ltr'>Nocte,</span> <span class='ocrx_word' id='word_1_28' title='bbox 1385 347 1592 400; x_wconf 85' lang='lat' dir='ltr'>laborem,</span> 
     </span>
     <span class='ocr_line' id='line_1_7' title="bbox 217 404 1449 462; baseline -0.002 -10"><span class='ocrx_word' id='word_1_29' title='bbox 217 412 339 453; x_wconf 77' lang='lat' dir='ltr'>Hanc</span> <span class='ocrx_word' id='word_1_30' title='bbox 375 421 568 462; x_wconf 84' lang='lat' dir='ltr'>operam,</span> <span class='ocrx_word' id='word_1_31' title='bbox 602 420 655 448; x_wconf 91' lang='lat' dir='ltr'>ne</span> <span class='ocrx_word' id='word_1_32' title='bbox 684 410 831 448; x_wconf 85' lang='lat' dir='ltr'>noster</span> <span class='ocrx_word' id='word_1_33' title='bbox 870 405 1008 447; x_wconf 85' lang='lat' dir='ltr'>honos</span> <span class='ocrx_word' id='word_1_34' title='bbox 1046 404 1285 448; x_wconf 80' lang='lat' dir='ltr'><strong>infractave</strong></span> <span class='ocrx_word' id='word_1_35' title='bbox 1322 407 1449 450; x_wconf 79' lang='lat' dir='ltr'>cedat</span> 
     </span>
     <span class='ocr_line' id='line_1_8' title="bbox 216 462 1313 517; baseline -0.005 -7"><span class='ocrx_word' id='word_1_36' title='bbox 216 470 350 511; x_wconf 82' lang='lat' dir='ltr'>Fama</span> <span class='ocrx_word' id='word_1_37' title='bbox 380 467 496 517; x_wconf 73' lang='lat' dir='ltr'>loco⁷</span> <span class='ocrx_word' id='word_1_38' title='bbox 530 479 612 506; x_wconf 91' lang='lat' dir='ltr'>neu</span> <span class='ocrx_word' id='word_1_39' title='bbox 643 463 866 506; x_wconf 88' lang='lat' dir='ltr'>connubiis</span> <span class='ocrx_word' id='word_1_40' title='bbox 911 462 1077 505; x_wconf 86' lang='lat' dir='ltr'>ambire</span> <span class='ocrx_word' id='word_1_41' title='bbox 1111 462 1313 505; x_wconf 88' lang='lat' dir='ltr'>Latinum</span> 
     </span>
    </p>

    <p class='ocr_par' dir='ltr' id='par_1_7' title="bbox 215 519 1293 577">
     <span class='ocr_line' id='line_1_9' title="bbox 215 519 1293 577; baseline -0.006 -9"><span class='ocrx_word' id='word_1_42' title='bbox 215 524 445 568; x_wconf 79' lang='lat' dir='ltr'>Aeneadae</span> <span class='ocrx_word' id='word_1_43' title='bbox 487 523 677 577; x_wconf 79' lang='lat' dir='ltr'>possint,</span> <span class='ocrx_word' id='word_1_44' title='bbox 711 522 898 564; x_wconf 78' lang='lat' dir='ltr'>italosve</span> <span class='ocrx_word' id='word_1_45' title='bbox 940 519 1139 563; x_wconf 84' lang='lat' dir='ltr'>obsidere</span> <span class='ocrx_word' id='word_1_46' title='bbox 1174 519 1293 562; x_wconf 89' lang='lat' dir='ltr'>fines.</span> 
     </span>
    </p>
   </div>
   <div class='ocr_carea' id='block_1_7' title="bbox 217 577 1412 636">
    <p class='ocr_par' dir='ltr' id='par_1_8' title="bbox 217 577 1412 636">
     <span class='ocr_line' id='line_1_10' title="bbox 217 577 1412 636; baseline -0.004 -11"><span class='ocrx_word' id='word_1_47' title='bbox 217 584 281 625; x_wconf 87' lang='lat' dir='ltr'>Tu</span> <span class='ocrx_word' id='word_1_48' title='bbox 317 586 440 636; x_wconf 87' lang='lat' dir='ltr'>potes</span> <span class='ocrx_word' id='word_1_49' title='bbox 473 580 698 622; x_wconf 82' lang='lat' dir='ltr'>unanimos</span> <span class='ocrx_word' id='word_1_50' title='bbox 740 592 911 621; x_wconf 79' lang='lat' dir='ltr'>armare</span> <span class='ocrx_word' id='word_1_51' title='bbox 950 579 995 620; x_wconf 90' lang='lat' dir='ltr'>in</span> <span class='ocrx_word' id='word_1_52' title='bbox 1033 577 1201 632; x_wconf 88' lang='lat' dir='ltr'>proelia</span> <span class='ocrx_word' id='word_1_53' title='bbox 1242 578 1412 631; x_wconf 84' lang='lat' dir='ltr'>fratres,</span> 
     </span>
    </p>
   </div>
   <div class='ocr_carea' id='block_1_8' title="bbox 1786 579 1868 619">
    <p class='ocr_par' dir='ltr' id='par_1_9' title="bbox 1786 579 1868 619">
     <span class='ocr_line' id='line_1_11' title="bbox 1786 579 1868 619; baseline 0 0"><span class='ocrx_word' id='word_1_54' title='bbox 1786 579 1868 619; x_wconf 83' lang='lat'>335</span> 
     </span>
    </p>
   </div>
   <div class='ocr_carea' id='block_1_9' title="bbox 215 634 1389 750">
    <p class='ocr_par' dir='ltr' id='par_1_10' title="bbox 215 634 1389 750">
     <span class='ocr_line' id='line_1_12' title="bbox 215 634 1382 694; baseline -0.005 -12"><span class='ocrx_word' id='word_1_55' title='bbox 215 643 359 694; x_wconf 81' lang='lat' dir='ltr'>Atque</span> <span class='ocrx_word' id='word_1_56' title='bbox 401 638 510 681; x_wconf 80' lang='lat' dir='ltr'>odiis</span> <span class='ocrx_word' id='word_1_57' title='bbox 544 651 717 680; x_wconf 75' lang='lat' dir='ltr'>versare</span> <span class='ocrx_word' id='word_1_58' title='bbox 755 637 928 689; x_wconf 78' lang='lat' dir='ltr'>domos3</span> <span class='ocrx_word' id='word_1_59' title='bbox 959 639 1011 678; x_wconf 90' lang='lat' dir='ltr'>tu</span> <span class='ocrx_word' id='word_1_60' title='bbox 1043 634 1223 677; x_wconf 81' lang='lat' dir='ltr'>verbera</span> <span class='ocrx_word' id='word_1_61' title='bbox 1255 636 1382 677; x_wconf 80' lang='lat' dir='ltr'>tectis</span> 
     </span>
     <span class='ocr_line' id='line_1_13' title="bbox 215 693 1389 750; baseline -0.005 -10"><span class='ocrx_word' id='word_1_62' title='bbox 215 699 520 750; x_wconf 69' lang='lat' dir='ltr'>funereasque</span> <span class='ocrx_word' id='word_1_63' title='bbox 557 695 719 738; x_wconf 83' lang='lat' dir='ltr'>inferre</span> <span class='ocrx_word' id='word_1_64' title='bbox 756 695 893 746; x_wconf 74' lang='lat' dir='ltr'>faces3</span> <span class='ocrx_word' id='word_1_65' title='bbox 937 693 1019 735; x_wconf 86' lang='lat' dir='ltr'>tibi</span> <span class='ocrx_word' id='word_1_66' title='bbox 1052 693 1226 735; x_wconf 89' lang='lat' dir='ltr'>nomina</span> <span class='ocrx_word' id='word_1_67' title='bbox 1261 693 1389 744; x_wconf 89' lang='lat' dir='ltr'>mille⁷</span> 
     </span>
    </p>
   </div>
   <div class='ocr_carea' id='block_1_10' title="bbox 215 753 720 798">
    <p class='ocr_par' dir='ltr' id='par_1_11' title="bbox 215 753 720 798">
     <span class='ocr_line' id='line_1_14' title="bbox 215 753 720 798; baseline -0.01 0"><span class='ocrx_word' id='word_1_68' title='bbox 215 756 336 798; x_wconf 83' lang='lat' dir='ltr'>Mille</span> <span class='ocrx_word' id='word_1_69' title='bbox 373 753 555 796; x_wconf 88' lang='lat' dir='ltr'>nocendi</span> <span class='ocrx_word' id='word_1_70' title='bbox 591 756 720 794; x_wconf 82' lang='lat' dir='ltr'>art-es.</span> 
     </span>
    </p>
   </div>
   <div class='ocr_carea' id='block_1_11' title="bbox 779 751 1451 805">
    <p class='ocr_par' dir='ltr' id='par_1_12' title="bbox 779 751 1451 805">
     <span class='ocr_line' id='line_1_15' title="bbox 779 751 1451 805; baseline -0.001 -11"><span class='ocrx_word' id='word_1_71' title='bbox 779 751 1028 794; x_wconf 88' lang='lat' dir='ltr'>Fecundum</span> <span class='ocrx_word' id='word_1_72' title='bbox 1067 754 1249 793; x_wconf 84' lang='lat' dir='ltr'>concute</span> <span class='ocrx_word' id='word_1_73' title='bbox 1288 755 1451 805; x_wconf 86' lang='lat' dir='ltr'>pectus,</span> 
     </span>
    </p>
   </div>
   <div class='ocr_carea' id='block_1_12' title="bbox 215 808 1421 866">
    <p class='ocr_par' dir='ltr' id='par_1_13' title="bbox 215 808 1421 866">
     <span class='ocr_line' id='line_1_16' title="bbox 215 808 1421 866; baseline -0.006 -10"><span class='ocrx_word' id='word_1_74' title='bbox 215 814 377 856; x_wconf 88' lang='lat' dir='ltr'>Disiice</span> <span class='ocrx_word' id='word_1_75' title='bbox 412 811 697 866; x_wconf 85' lang='lat' dir='ltr'>compositam</span> <span class='ocrx_word' id='word_1_76' title='bbox 739 823 907 865; x_wconf 83' lang='lat' dir='ltr'>pacem,</span> <span class='ocrx_word' id='word_1_77' title='bbox 945 822 1038 851; x_wconf 88' lang='lat' dir='ltr'>sere</span> <span class='ocrx_word' id='word_1_78' title='bbox 1076 808 1258 850; x_wconf 88' lang='lat' dir='ltr'>crimina</span> <span class='ocrx_word' id='word_1_79' title='bbox 1296 808 1421 860; x_wconf 84' lang='lat' dir='ltr'>belli;</span> 
     </span>
    </p>
   </div>
   <div class='ocr_carea' id='block_1_13' title="bbox 216 866 1442 923">
    <p class='ocr_par' dir='ltr' id='par_1_14' title="bbox 216 866 1442 923">
     <span class='ocr_line' id='line_1_17' title="bbox 216 866 1442 923; baseline -0.004 -9"><span class='ocrx_word' id='word_1_80' title='bbox 216 873 349 914; x_wconf 85' lang='lat' dir='ltr'>Arma</span> <span class='ocrx_word' id='word_1_81' title='bbox 383 869 488 912; x_wconf 72' lang='lat' dir='ltr'>velit</span> <span class='ocrx_word' id='word_1_82' title='bbox 527 873 764 923; x_wconf 83' lang='lat' dir='ltr'>poscatque</span> <span class='ocrx_word' id='word_1_83' title='bbox 802 867 929 910; x_wconf 88' lang='lat' dir='ltr'>simul</span> <span class='ocrx_word' id='word_1_84' title='bbox 964 866 1196 921; x_wconf 82' lang='lat' dir='ltr'>rapiatque</span> <span class='ocrx_word' id='word_1_85' title='bbox 1231 866 1442 909; x_wconf 82' lang='lat' dir='ltr'>iuventus.</span> 
     </span>
    </p>
   </div>
   <div class='ocr_carea' id='block_1_14' title="bbox 1785 872 1869 912">
    <p class='ocr_par' dir='ltr' id='par_1_15' title="bbox 1785 872 1869 912">
     <span class='ocr_line' id='line_1_18' title="bbox 1785 872 1869 912; baseline -0.012 0"><span class='ocrx_word' id='word_1_86' title='bbox 1785 872 1869 912; x_wconf 85' lang='lat'>340</span> 
     </span>
    </p>
   </div>
   <div class='ocr_carea' id='block_1_15' title="bbox 216 924 1524 1155">
    <p class='ocr_par' dir='ltr' id='par_1_16' title="bbox 216 924 1524 1155">
     <span class='ocr_line' id='line_1_19' title="bbox 331 924 1302 981; baseline -0.005 -11"><span class='ocrx_word' id='word_1_87' title='bbox 331 928 442 970; x_wconf 75' lang='lat' dir='ltr'>Exin</span> <span class='ocrx_word' id='word_1_88' title='bbox 475 927 711 981; x_wconf 77' lang='lat' dir='ltr'>Gorgoneis</span> <span class='ocrx_word' id='word_1_89' title='bbox 738 926 906 967; x_wconf 84' lang='lat' dir='ltr'>Allecto</span> <span class='ocrx_word' id='word_1_90' title='bbox 936 924 1098 966; x_wconf 84' lang='lat' dir='ltr'>infecta</span> <span class='ocrx_word' id='word_1_91' title='bbox 1127 924 1302 966; x_wconf 85' lang='lat' dir='ltr'>venenis</span> 
     </span>
     <span class='ocr_line' id='line_1_20' title="bbox 216 980 1355 1040; baseline -0.006 -11"><span class='ocrx_word' id='word_1_92' title='bbox 216 986 433 1040; x_wconf 83' lang='lat' dir='ltr'>Principio</span> <span class='ocrx_word' id='word_1_93' title='bbox 469 985 641 1026; x_wconf 82' lang='lat' dir='ltr'>Latium</span> <span class='ocrx_word' id='word_1_94' title='bbox 682 986 725 1025; x_wconf 86' lang='lat' dir='ltr'>et</span> <span class='ocrx_word' id='word_1_95' title='bbox 762 983 990 1025; x_wconf 76' lang='lat' dir='ltr'>Laurentis</span> <span class='ocrx_word' id='word_1_96' title='bbox 1030 986 1149 1024; x_wconf 84' lang='lat' dir='ltr'>tecta</span> <span class='ocrx_word' id='word_1_97' title='bbox 1180 980 1355 1037; x_wconf 79' lang='lat' dir='ltr'>tyranni</span> 
     </span>
     <span class='ocr_line' id='line_1_21' title="bbox 219 1040 1431 1097; baseline -0.006 -10"><span class='ocrx_word' id='word_1_98' title='bbox 219 1045 344 1088; x_wconf 81' lang='lat' dir='ltr'>Celsa</span> <span class='ocrx_word' id='word_1_99' title='bbox 385 1043 515 1097; x_wconf 82' lang='lat' dir='ltr'>petit,</span> <span class='ocrx_word' id='word_1_100' title='bbox 549 1042 817 1096; x_wconf 85' lang='lat' dir='ltr'>tacitumque</span> <span class='ocrx_word' id='word_1_101' title='bbox 859 1040 1029 1082; x_wconf 86' lang='lat' dir='ltr'>obsedit</span> <span class='ocrx_word' id='word_1_102' title='bbox 1067 1040 1198 1081; x_wconf 88' lang='lat' dir='ltr'>limen</span> <span class='ocrx_word' id='word_1_103' title='bbox 1237 1040 1431 1090; x_wconf 83' lang='lat' dir='ltr'>Amatae,</span> 
     </span>
     <span class='ocr_line' id='line_1_22' title="bbox 217 1096 1524 1155; baseline -0.005 -11"><span class='ocrx_word' id='word_1_104' title='bbox 217 1106 356 1154; x_wconf 73' lang='lat' dir='ltr'>Quam</span> <span class='ocrx_word' id='word_1_105' title='bbox 390 1115 519 1155; x_wconf 86' lang='lat' dir='ltr'>super</span> <span class='ocrx_word' id='word_1_106' title='bbox 551 1100 738 1141; x_wconf 82' lang='lat' dir='ltr'>adventu</span> <span class='ocrx_word' id='word_1_107' title='bbox 770 1099 981 1141; x_wconf 84' lang='lat' dir='ltr'>Teucrum</span> <span class='ocrx_word' id='word_1_108' title='bbox 1019 1098 1237 1151; x_wconf 85' lang='lat' dir='ltr'>Turnique</span> <span class='ocrx_word' id='word_1_109' title='bbox 1277 1096 1524 1152; x_wconf 77' lang='lat' dir='ltr'>hymenaeis</span> 
     </span>
    </p>
   </div>
   <div class='ocr_carea' id='block_1_16' title="bbox 216 1154 1466 1210">
    <p class='ocr_par' dir='ltr' id='par_1_17' title="bbox 216 1154 1466 1210">
     <span class='ocr_line' id='line_1_23' title="bbox 216 1154 1466 1210; baseline -0.006 -7"><span class='ocrx_word' id='word_1_110' title='bbox 216 1159 444 1203; x_wconf 83' lang='lat' dir='ltr'>Femineae</span> <span class='ocrx_word' id='word_1_111' title='bbox 484 1158 707 1200; x_wconf 79' lang='lat' dir='ltr'>ardentem</span> <span class='ocrx_word' id='word_1_112' title='bbox 739 1169 955 1210; x_wconf 87' lang='lat' dir='ltr'>curaeque</span> <span class='ocrx_word' id='word_1_113' title='bbox 994 1155 1171 1210; x_wconf 85' lang='lat' dir='ltr'>iraeque</span> <span class='ocrx_word' id='word_1_114' title='bbox 1211 1154 1466 1210; x_wconf 86' lang='lat' dir='ltr'>coquebant.</span> 
     </span>
    </p>
   </div>
   <div class='ocr_carea' id='block_1_17' title="bbox 216 1331 1022 3062">
    <p class='ocr_par' dir='ltr' id='par_1_18' title="bbox 216 1331 1019 1410">
     <span class='ocr_line' id='line_1_24' title="bbox 216 1331 1019 1369; baseline -0.004 -6"><span class='ocrx_word' id='word_1_115' title='bbox 216 1341 245 1363; x_wconf 74' lang='lat' dir='ltr'>et</span> <span class='ocrx_word' id='word_1_116' title='bbox 273 1333 451 1363; x_wconf 73' lang='lat' dir='ltr'>conversio</span> <span class='ocrx_word' id='word_1_117' title='bbox 488 1336 668 1363; x_wconf 88' lang='lat' dir='ltr'>oculorum.</span> <span class='ocrx_word' id='word_1_118' title='bbox 704 1349 748 1352; x_wconf 91' lang='lat'><strong>—</strong></span> <span class='ocrx_word' id='word_1_119' title='bbox 784 1334 854 1369; x_wconf 80' lang='lat' dir='ltr'>tot,</span> <span class='ocrx_word' id='word_1_120' title='bbox 883 1334 954 1362; x_wconf 84' lang='lat' dir='ltr'>tam</span> <span class='ocrx_word' id='word_1_121' title='bbox 978 1331 1019 1360; x_wconf 84' lang='lat' dir='ltr'>cf.</span> 
     </span>
     <span class='ocr_line' id='line_1_25' title="bbox 219 1379 354 1410; baseline -0.015 0"><span class='ocrx_word' id='word_1_122' title='bbox 219 1381 250 1410; x_wconf 83' lang='lat'>5.</span> <span class='ocrx_word' id='word_1_123' title='bbox 277 1379 354 1408; x_wconf 72' lang='lat'>404.</span> 
     </span>
    </p>

    <p class='ocr_par' dir='ltr' id='par_1_19' title="bbox 218 1422 1018 1501">
     <span class='ocr_line' id='line_1_26' title="bbox 263 1422 1018 1463; baseline -0.004 -9"><span class='ocrx_word' id='word_1_124' title='bbox 263 1426 339 1455; x_wconf 82' lang='lat'>330.</span> <span class='ocrx_word' id='word_1_125' title='bbox 368 1422 482 1454; x_wconf 80' lang='lat' dir='ltr'>acuit:</span> <span class='ocrx_word' id='word_1_126' title='bbox 510 1425 678 1463; x_wconf 80' lang='lat' dir='ltr'>„Irritavit</span> <span class='ocrx_word' id='word_1_127' title='bbox 706 1428 735 1452; x_wconf 88' lang='lat' dir='ltr'>et</span> <span class='ocrx_word' id='word_1_128' title='bbox 757 1423 928 1459; x_wconf 68' lang='lat' dir='ltr'>instigavit</span> <span class='ocrx_word' id='word_1_129' title='bbox 946 1423 1018 1451; x_wconf 78' lang='lat' dir='ltr'>elus</span> 
     </span>
     <span class='ocr_line' id='line_1_27' title="bbox 218 1473 470 1501; baseline -0.012 0"><span class='ocrx_word' id='word_1_130' title='bbox 218 1473 417 1501; x_wconf 63' lang='lat' dir='ltr'>insaniams·</span> <span class='ocrx_word' id='word_1_131' title='bbox 438 1473 470 1499; x_wconf 84' lang='lat' dir='ltr'>S.</span> 
     </span>
    </p>

    <p class='ocr_par' dir='ltr' id='par_1_20' title="bbox 218 1512 1020 1729">
     <span class='ocr_line' id='line_1_28' title="bbox 265 1512 1020 1556; baseline -0.004 -11"><span class='ocrx_word' id='word_1_132' title='bbox 265 1517 341 1545; x_wconf 80' lang='lat'>331.</span> <span class='ocrx_word' id='word_1_133' title='bbox 367 1513 549 1556; x_wconf 81' lang='lat' dir='ltr'>proprium</span> <span class='ocrx_word' id='word_1_134' title='bbox 573 1512 746 1544; x_wconf 82' lang='lat' dir='ltr'>laborem:</span> <span class='ocrx_word' id='word_1_135' title='bbox 772 1517 868 1550; x_wconf 87' lang='lat' dir='ltr'>plane</span> <span class='ocrx_word' id='word_1_136' title='bbox 895 1518 925 1542; x_wconf 88' lang='lat' dir='ltr'>le</span> <span class='ocrx_word' id='word_1_137' title='bbox 945 1513 1020 1542; x_wconf 81' lang='lat' dir='ltr'>inihi</span> 
     </span>
     <span class='ocr_line' id='line_1_29' title="bbox 218 1560 1018 1599; baseline -0.004 -8"><span class='ocrx_word' id='word_1_138' title='bbox 218 1565 270 1599; x_wconf 80' lang='lat' dir='ltr'>da,</span> <span class='ocrx_word' id='word_1_139' title='bbox 298 1571 383 1591; x_wconf 74' lang='lat' dir='ltr'>neve</span> <span class='ocrx_word' id='word_1_140' title='bbox 410 1563 496 1590; x_wconf 85' lang='lat' dir='ltr'>aliud</span> <span class='ocrx_word' id='word_1_141' title='bbox 532 1562 657 1590; x_wconf 83' lang='lat' dir='ltr'>interea</span> <span class='ocrx_word' id='word_1_142' title='bbox 683 1561 806 1597; x_wconf 63' lang='lat' dir='ltr'>agites.</span> <span class='ocrx_word' id='word_1_143' title='bbox 840 1561 900 1589; x_wconf 83' lang='lat' dir='ltr'>sed</span> <span class='ocrx_word' id='word_1_144' title='bbox 924 1560 1018 1588; x_wconf 88' lang='lat' dir='ltr'>unice</span> 
     </span>
     <span class='ocr_line' id='line_1_30' title="bbox 220 1608 1019 1643; baseline -0.005 -5"><span class='ocrx_word' id='word_1_145' title='bbox 220 1610 268 1639; x_wconf 84' lang='lat' dir='ltr'>sis</span> <span class='ocrx_word' id='word_1_146' title='bbox 293 1613 416 1637; x_wconf 80' lang='lat' dir='ltr'>attenta</span> <span class='ocrx_word' id='word_1_147' title='bbox 442 1608 474 1636; x_wconf 87' lang='lat' dir='ltr'>in</span> <span class='ocrx_word' id='word_1_148' title='bbox 500 1615 567 1636; x_wconf 78' lang='lat' dir='ltr'>rein</span> <span class='ocrx_word' id='word_1_149' title='bbox 594 1608 814 1643; x_wconf 75' lang='lat' dir='ltr'>peragendam</span> <span class='ocrx_word' id='word_1_150' title='bbox 842 1613 958 1634; x_wconf 86' lang='lat' dir='ltr'>meam.</span> <span class='ocrx_word' id='word_1_151' title='bbox 976 1619 1019 1625; x_wconf 90' lang='lat'><strong>—</strong></span> 
     </span>
     <span class='ocr_line' id='line_1_31' title="bbox 218 1651 1019 1691; baseline -0.006 -7"><span class='ocrx_word' id='word_1_152' title='bbox 218 1657 299 1685; x_wconf 72' lang='lat' dir='ltr'>sata</span> <span class='ocrx_word' id='word_1_153' title='bbox 330 1651 438 1683; x_wconf 68' lang='lat' dir='ltr'>,Nocte</span> <span class='ocrx_word' id='word_1_154' title='bbox 472 1653 514 1682; x_wconf 79' lang='lat' dir='ltr'>cf.</span> <span class='ocrx_word' id='word_1_155' title='bbox 547 1652 586 1691; x_wconf 84' lang='lat'>6,</span> <span class='ocrx_word' id='word_1_156' title='bbox 617 1652 694 1682; x_wconf 78' lang='lat'>250.</span> <span class='ocrx_word' id='word_1_157' title='bbox 753 1651 925 1681; x_wconf 81' lang='lat' dir='ltr'>Excitatur</span> <span class='ocrx_word' id='word_1_158' title='bbox 957 1653 1019 1680; x_wconf 86' lang='lat' dir='ltr'>hoc</span> 
     </span>
     <span class='ocr_line' id='line_1_32' title="bbox 218 1701 512 1729; baseline -0.01 0"><span class='ocrx_word' id='word_1_159' title='bbox 218 1703 293 1729; x_wconf 80' lang='lat' dir='ltr'>loco</span> <span class='ocrx_word' id='word_1_160' title='bbox 320 1709 337 1728; x_wconf 80' lang='lat' dir='ltr'>e</span> <span class='ocrx_word' id='word_1_161' title='bbox 364 1701 512 1727; x_wconf 82' lang='lat' dir='ltr'>Tartaro.</span> 
     </span>
    </p>

    <p class='ocr_par' dir='ltr' id='par_1_21' title="bbox 218 1741 1020 1873">
     <span class='ocr_line' id='line_1_33' title="bbox 264 1741 1020 1782; baseline -0.007 -8"><span class='ocrx_word' id='word_1_162' title='bbox 264 1745 341 1774; x_wconf 76' lang='lat'>332.</span> <span class='ocrx_word' id='word_1_163' title='bbox 368 1742 547 1782; x_wconf 76' lang='lat' dir='ltr'>infracta,</span> <span class='ocrx_word' id='word_1_164' title='bbox 579 1743 684 1772; x_wconf 81' lang='lat' dir='ltr'>fracta</span> <span class='ocrx_word' id='word_1_165' title='bbox 717 1742 758 1771; x_wconf 84' lang='lat' dir='ltr'>cf.</span> <span class='ocrx_word' id='word_1_166' title='bbox 789 1741 826 1776; x_wconf 64' lang='lat'>5„</span> <span class='ocrx_word' id='word_1_167' title='bbox 861 1741 939 1770; x_wconf 75' lang='lat'>784.</span> <span class='ocrx_word' id='word_1_168' title='bbox 975 1757 1020 1762; x_wconf 95' lang='lat'>—</span> 
     </span>
     <span class='ocr_line' id='line_1_34' title="bbox 225 1787 1018 1824; baseline -0.005 -4"><span class='ocrx_word' id='word_1_169' title='bbox 225 1790 335 1821; x_wconf 77' lang='lat' dir='ltr'>Cedat</span> <span class='ocrx_word' id='word_1_170' title='bbox 363 1787 436 1819; x_wconf 88' lang='lat' dir='ltr'>loco</span> <span class='ocrx_word' id='word_1_171' title='bbox 460 1792 625 1824; x_wconf 84' lang='lat' dir='ltr'>sumptum</span> <span class='ocrx_word' id='word_1_172' title='bbox 643 1793 693 1817; x_wconf 77' lang='lat' dir='ltr'>est</span> <span class='ocrx_word' id='word_1_173' title='bbox 720 1790 759 1816; x_wconf 82' lang='lat' dir='ltr'>de</span> <span class='ocrx_word' id='word_1_174' title='bbox 779 1788 1018 1823; x_wconf 78' lang='lat' dir='ltr'>gladiatoribus</span> 
     </span>
     <span class='ocr_line' id='line_1_35' title="bbox 218 1833 840 1873; baseline -0.006 -8"><span class='ocrx_word' id='word_1_175' title='bbox 218 1843 249 1865; x_wconf 81' lang='lat' dir='ltr'>et</span> <span class='ocrx_word' id='word_1_176' title='bbox 277 1837 442 1873; x_wconf 70' lang='lat' dir='ltr'>militibus,</span> <span class='ocrx_word' id='word_1_177' title='bbox 470 1836 523 1870; x_wconf 82' lang='lat' dir='ltr'>qui</span> <span class='ocrx_word' id='word_1_178' title='bbox 547 1836 662 1870; x_wconf 88' lang='lat' dir='ltr'>pedem</span> <span class='ocrx_word' id='word_1_179' title='bbox 684 1833 840 1862; x_wconf 83' lang='lat' dir='ltr'>referunt.</span> 
     </span>
    </p>

    <p class='ocr_par' dir='ltr' id='par_1_22' title="bbox 218 1880 1019 2049">
     <span class='ocr_line' id='line_1_36' title="bbox 266 1880 1019 1917; baseline -0.007 -5"><span class='ocrx_word' id='word_1_180' title='bbox 266 1881 344 1912; x_wconf 78' lang='lat'>333.</span> <span class='ocrx_word' id='word_1_181' title='bbox 371 1883 411 1910; x_wconf 72' lang='lat' dir='ltr'>[t</span> <span class='ocrx_word' id='word_1_182' title='bbox 437 1888 539 1917; x_wconf 81' lang='lat' dir='ltr'>supra</span> <span class='ocrx_word' id='word_1_183' title='bbox 572 1882 652 1908; x_wconf 88' lang='lat' dir='ltr'>luno</span> <span class='ocrx_word' id='word_1_184' title='bbox 680 1881 827 1908; x_wconf 83' lang='lat' dir='ltr'>Aeneam</span> <span class='ocrx_word' id='word_1_185' title='bbox 852 1886 926 1907; x_wconf 91' lang='lat' dir='ltr'>cum</span> <span class='ocrx_word' id='word_1_186' title='bbox 952 1880 1019 1907; x_wconf 85' lang='lat' dir='ltr'>Pa·</span> 
     </span>
     <span class='ocr_line' id='line_1_37' title="bbox 218 1927 1018 1963; baseline -0.006 -6"><span class='ocrx_word' id='word_1_187' title='bbox 218 1929 289 1957; x_wconf 87' lang='lat' dir='ltr'>ride</span> <span class='ocrx_word' id='word_1_188' title='bbox 315 1927 532 1963; x_wconf 75' lang='lat' dir='ltr'>comparavit,</span> <span class='ocrx_word' id='word_1_189' title='bbox 561 1927 609 1955; x_wconf 85' lang='lat' dir='ltr'>sic</span> <span class='ocrx_word' id='word_1_190' title='bbox 631 1933 759 1955; x_wconf 82' lang='lat' dir='ltr'>summa</span> <span class='ocrx_word' id='word_1_191' title='bbox 782 1932 883 1961; x_wconf 88' lang='lat' dir='ltr'>opera</span> <span class='ocrx_word' id='word_1_192' title='bbox 907 1930 1018 1960; x_wconf 84' lang='lat' dir='ltr'>petere</span> 
     </span>
     <span class='ocr_line' id='line_1_38' title="bbox 220 1971 1019 2008; baseline -0.004 -6"><span class='ocrx_word' id='word_1_193' title='bbox 220 1980 252 2003; x_wconf 85' lang='lat' dir='ltr'>et</span> <span class='ocrx_word' id='word_1_194' title='bbox 277 1974 398 2003; x_wconf 83' lang='lat' dir='ltr'>ambire</span> <span class='ocrx_word' id='word_1_195' title='bbox 430 1975 579 2002; x_wconf 80' lang='lat' dir='ltr'>Aeneam</span> <span class='ocrx_word' id='word_1_196' title='bbox 612 1972 700 2006; x_wconf 78' lang='lat' dir='ltr'>tingit</span> <span class='ocrx_word' id='word_1_197' title='bbox 728 1973 812 2000; x_wconf 89' lang='lat' dir='ltr'>Iuno</span> <span class='ocrx_word' id='word_1_198' title='bbox 843 1971 893 2008; x_wconf 78' lang='lat' dir='ltr'>id,</span> <span class='ocrx_word' id='word_1_199' title='bbox 933 1971 1019 2006; x_wconf 86' lang='lat' dir='ltr'>quod</span> 
     </span>
     <span class='ocr_line' id='line_1_39' title="bbox 220 2020 548 2049; baseline -0.009 0"><span class='ocrx_word' id='word_1_200' title='bbox 220 2021 267 2049; x_wconf 89' lang='lat' dir='ltr'>illi</span> <span class='ocrx_word' id='word_1_201' title='bbox 295 2022 377 2048; x_wconf 85' lang='lat' dir='ltr'>ultro</span> <span class='ocrx_word' id='word_1_202' title='bbox 405 2020 548 2047; x_wconf 84' lang='lat' dir='ltr'>offertur.</span> 
     </span>
    </p>

    <p class='ocr_par' dir='ltr' id='par_1_23' title="bbox 220 2059 1021 2149">
     <span class='ocr_line' id='line_1_40' title="bbox 267 2059 1021 2098; baseline -0.005 -5"><span class='ocrx_word' id='word_1_203' title='bbox 267 2064 342 2093; x_wconf 83' lang='grc'>335.</span> <span class='ocrx_word' id='word_1_204' title='bbox 371 2062 558 2093; x_wconf 83' lang='lat' dir='ltr'>unanimos</span> <span class='ocrx_word' id='word_1_205' title='bbox 573 2065 625 2098; x_wconf 69' lang='lat' dir='ltr'>M..</span> <span class='ocrx_word' id='word_1_206' title='bbox 652 2059 838 2091; x_wconf 82' lang='lat' dir='ltr'>unanimes</span> <span class='ocrx_word' id='word_1_207' title='bbox 863 2063 905 2090; x_wconf 88' lang='lat' dir='ltr'>al.</span> <span class='ocrx_word' id='word_1_208' title='bbox 933 2060 972 2090; x_wconf 84' lang='lat' dir='ltr'>cs.</span> <span class='ocrx_word' id='word_1_209' title='bbox 990 2059 1021 2097; x_wconf 88' lang='lat'>4,</span> 
     </span>
     <span class='ocr_line' id='line_1_41' title="bbox 220 2107 791 2149; baseline -0.009 -9"><span class='ocrx_word' id='word_1_210' title='bbox 220 2111 251 2140; x_wconf 86' lang='grc'>8.</span> <span class='ocrx_word' id='word_1_211' title='bbox 272 2127 316 2130; x_wconf 89' lang='grc'>-</span> <span class='ocrx_word' id='word_1_212' title='bbox 341 2108 378 2139; x_wconf 87' lang='lat' dir='ltr'>in</span> <span class='ocrx_word' id='word_1_213' title='bbox 400 2107 537 2149; x_wconf 83' lang='lat' dir='ltr'>proelia</span> <span class='ocrx_word' id='word_1_214' title='bbox 564 2116 612 2137; x_wconf 87' lang='lat' dir='ltr'>sc.</span> <span class='ocrx_word' id='word_1_215' title='bbox 635 2107 720 2136; x_wconf 86' lang='lat' dir='ltr'>inter</span> <span class='ocrx_word' id='word_1_216' title='bbox 743 2116 791 2136; x_wconf 87' lang='lat' dir='ltr'>se.</span> 
     </span>
    </p>

    <p class='ocr_par' dir='ltr' id='par_1_24' title="bbox 219 2153 1022 2414">
     <span class='ocr_line' id='line_1_42' title="bbox 268 2153 1020 2191; baseline -0.007 -6"><span class='ocrx_word' id='word_1_217' title='bbox 268 2155 343 2184; x_wconf 73' lang='lat'>336.</span> <span class='ocrx_word' id='word_1_218' title='bbox 371 2163 522 2191; x_wconf 66' lang='lat' dir='ltr'>versare,</span> <span class='ocrx_word' id='word_1_219' title='bbox 539 2159 679 2187; x_wconf 70' lang='lat' dir='ltr'>vertere.</span> <span class='ocrx_word' id='word_1_220' title='bbox 697 2157 858 2181; x_wconf 76' lang='lat' dir='ltr'>evertere.</span> <span class='ocrx_word' id='word_1_221' title='bbox 905 2153 1020 2189; x_wconf 75' lang='lat' dir='ltr'>„Quae</span> 
     </span>
     <span class='ocr_line' id='line_1_43' title="bbox 219 2199 1021 2236; baseline -0.007 -5"><span class='ocrx_word' id='word_1_222' title='bbox 219 2203 305 2231; x_wconf 80' lang='lat' dir='ltr'>enini</span> <span class='ocrx_word' id='word_1_223' title='bbox 333 2203 450 2230; x_wconf 81' lang='lat' dir='ltr'>domus</span> <span class='ocrx_word' id='word_1_224' title='bbox 483 2206 547 2229; x_wconf 80' lang='lat' dir='ltr'>tam</span> <span class='ocrx_word' id='word_1_225' title='bbox 587 2199 718 2229; x_wconf 79' lang='lat' dir='ltr'>stabilis</span> <span class='ocrx_word' id='word_1_226' title='bbox 751 2204 818 2236; x_wconf 77' lang='lat' dir='ltr'>est⁷</span> <span class='ocrx_word' id='word_1_227' title='bbox 847 2204 931 2233; x_wconf 87' lang='lat' dir='ltr'>quae</span> <span class='ocrx_word' id='word_1_228' title='bbox 956 2205 1021 2226; x_wconf 89' lang='lat' dir='ltr'>non</span> 
     </span>
     <span class='ocr_line' id='line_1_44' title="bbox 220 2243 1022 2281; baseline -0.006 -5"><span class='ocrx_word' id='word_1_229' title='bbox 220 2249 304 2276; x_wconf 84' lang='lat' dir='ltr'>odiis</span> <span class='ocrx_word' id='word_1_230' title='bbox 321 2252 418 2281; x_wconf 78' lang='lat' dir='ltr'>atque</span> <span class='ocrx_word' id='word_1_231' title='bbox 430 2246 577 2275; x_wconf 82' lang='lat' dir='ltr'>dissidiis</span> <span class='ocrx_word' id='word_1_232' title='bbox 597 2245 744 2274; x_wconf 79' lang='lat' dir='ltr'>funditus</span> <span class='ocrx_word' id='word_1_233' title='bbox 761 2245 868 2280; x_wconf 80' lang='lat' dir='ltr'>possit</span> <span class='ocrx_word' id='word_1_234' title='bbox 884 2243 1022 2272; x_wconf 69' lang='lat' dir='ltr'>everti:-</span> 
     </span>
     <span class='ocr_line' id='line_1_45' title="bbox 219 2287 1022 2329; baseline -0.006 -7"><span class='ocrx_word' id='word_1_235' title='bbox 219 2295 286 2324; x_wconf 80' lang='lat' dir='ltr'>Cic.</span> <span class='ocrx_word' id='word_1_236' title='bbox 313 2295 404 2321; x_wconf 84' lang='lat' dir='ltr'>Lael.</span> <span class='ocrx_word' id='word_1_237' title='bbox 443 2293 472 2329; x_wconf 76' lang='grc' dir='ltr'>ἴ,</span> <span class='ocrx_word' id='word_1_238' title='bbox 513 2291 567 2320; x_wconf 76' lang='lat'>23.</span> <span class='ocrx_word' id='word_1_239' title='bbox 595 2307 639 2310; x_wconf 86' lang='lat'>—</span> <span class='ocrx_word' id='word_1_240' title='bbox 671 2288 822 2320; x_wconf 68' lang='lat' dir='ltr'>l‘erbera</span> <span class='ocrx_word' id='word_1_241' title='bbox 863 2291 894 2318; x_wconf 75' lang='lat' dir='ltr'>ct</span> <span class='ocrx_word' id='word_1_242' title='bbox 920 2287 1022 2327; x_wconf 86' lang='lat' dir='ltr'>faces</span> 
     </span>
     <span class='ocr_line' id='line_1_46' title="bbox 219 2335 1022 2374; baseline -0.006 -6"><span class='ocrx_word' id='word_1_243' title='bbox 219 2340 314 2374; x_wconf 77' lang='lat' dir='ltr'>signa</span> <span class='ocrx_word' id='word_1_244' title='bbox 342 2343 416 2367; x_wconf 82' lang='lat' dir='ltr'>sunt</span> <span class='ocrx_word' id='word_1_245' title='bbox 443 2338 693 2367; x_wconf 79' lang='lat' dir='ltr'>discordiarum.</span> <span class='ocrx_word' id='word_1_246' title='bbox 722 2352 759 2356; x_wconf 92' lang='lat'><em>-</em></span> <span class='ocrx_word' id='word_1_247' title='bbox 786 2338 834 2364; x_wconf 83' lang='lat' dir='ltr'>&#39;ru</span> <span class='ocrx_word' id='word_1_248' title='bbox 859 2335 962 2372; x_wconf 79' lang='lat' dir='ltr'>facis,</span> <span class='ocrx_word' id='word_1_249' title='bbox 990 2338 1022 2363; x_wconf 84' lang='lat' dir='ltr'>ut</span> 
     </span>
     <span class='ocr_line' id='line_1_47' title="bbox 221 2383 807 2414; baseline -0.009 0"><span class='ocrx_word' id='word_1_250' title='bbox 221 2390 306 2414; x_wconf 80' lang='lat' dir='ltr'>tecta</span> <span class='ocrx_word' id='word_1_251' title='bbox 332 2386 500 2413; x_wconf 75' lang='lat' dir='ltr'>diruantur</span> <span class='ocrx_word' id='word_1_252' title='bbox 524 2388 555 2411; x_wconf 88' lang='lat' dir='ltr'>et</span> <span class='ocrx_word' id='word_1_253' title='bbox 582 2383 807 2411; x_wconf 82' lang='lat' dir='ltr'>incendantur.</span> 
     </span>
    </p>

    <p class='ocr_par' dir='ltr' id='par_1_25' title="bbox 219 2425 1020 2790">
     <span class='ocr_line' id='line_1_48' title="bbox 264 2425 1019 2459; baseline -0.008 0"><span class='ocrx_word' id='word_1_254' title='bbox 264 2429 341 2459; x_wconf 75' lang='lat'>338.</span> <span class='ocrx_word' id='word_1_255' title='bbox 370 2429 471 2459; x_wconf 79' lang='lat' dir='ltr'>Artes</span> <span class='ocrx_word' id='word_1_256' title='bbox 496 2425 646 2457; x_wconf 73' lang='lat' dir='ltr'>nocendi</span> <span class='ocrx_word' id='word_1_257' title='bbox 677 2428 755 2456; x_wconf 80' lang='lat' dir='ltr'>dixit</span> <span class='ocrx_word' id='word_1_258' title='bbox 783 2427 879 2455; x_wconf 81' lang='lat' dir='ltr'>etiam</span> <span class='ocrx_word' id='word_1_259' title='bbox 906 2426 1019 2456; x_wconf 87' lang='lat' dir='ltr'>Claud.</span> 
     </span>
     <span class='ocr_line' id='line_1_49' title="bbox 222 2470 1019 2512; baseline -0.006 -8"><span class='ocrx_word' id='word_1_260' title='bbox 222 2476 295 2505; x_wconf 81' lang='lat' dir='ltr'>Ruf.</span> <span class='ocrx_word' id='word_1_261' title='bbox 316 2476 344 2512; x_wconf 89' lang='lat'>1,</span> <span class='ocrx_word' id='word_1_262' title='bbox 372 2476 415 2504; x_wconf 76' lang='lat'>97</span> <span class='ocrx_word' id='word_1_263' title='bbox 442 2479 472 2503; x_wconf 90' lang='lat' dir='ltr'>et</span> <span class='ocrx_word' id='word_1_264' title='bbox 499 2471 574 2502; x_wconf 86' lang='lat' dir='ltr'>vias</span> <span class='ocrx_word' id='word_1_265' title='bbox 596 2471 745 2502; x_wconf 79' lang='lat' dir='ltr'>nocendi</span> <span class='ocrx_word' id='word_1_266' title='bbox 772 2475 861 2501; x_wconf 88' lang='lat' dir='ltr'>Eutr.</span> <span class='ocrx_word' id='word_1_267' title='bbox 884 2470 916 2509; x_wconf 76' lang='lat'>2,</span> <span class='ocrx_word' id='word_1_268' title='bbox 947 2470 1019 2499; x_wconf 81' lang='lat'>175.</span> 
     </span>
     <span class='ocr_line' id='line_1_50' title="bbox 222 2516 1020 2553; baseline -0.009 -2"><span class='ocrx_word' id='word_1_269' title='bbox 222 2522 324 2551; x_wconf 80' lang='lat' dir='ltr'>Artes</span> <span class='ocrx_word' id='word_1_270' title='bbox 348 2517 495 2550; x_wconf 82' lang='lat' dir='ltr'>nocendi</span> <span class='ocrx_word' id='word_1_271' title='bbox 516 2519 679 2553; x_wconf 78' lang='lat' dir='ltr'>iungenda</span> <span class='ocrx_word' id='word_1_272' title='bbox 707 2524 736 2546; x_wconf 89' lang='lat' dir='ltr'>et</span> <span class='ocrx_word' id='word_1_273' title='bbox 758 2516 900 2547; x_wconf 81' lang='lat' dir='ltr'>nomina</span> <span class='ocrx_word' id='word_1_274' title='bbox 925 2516 965 2552; x_wconf 80' lang='lat' dir='ltr'>[i.</span> <span class='ocrx_word' id='word_1_275' title='bbox 991 2524 1020 2544; x_wconf 89' lang='lat' dir='ltr'>e.</span> 
     </span>
     <span class='ocr_line' id='line_1_51' title="bbox 220 2557 1020 2601; baseline -0.009 -5"><span class='ocrx_word' id='word_1_276' title='bbox 220 2566 386 2601; x_wconf 83' lang='lat' dir='ltr'>caussae)</span> <span class='ocrx_word' id='word_1_277' title='bbox 419 2562 579 2595; x_wconf 75' lang='lat' dir='ltr'>nocendi.</span> <span class='ocrx_word' id='word_1_278' title='bbox 648 2561 849 2593; x_wconf 82' lang='lat' dir='ltr'>Fecundum</span> <span class='ocrx_word' id='word_1_279' title='bbox 891 2557 1020 2591; x_wconf 84' lang='lat' dir='ltr'>artibus</span> 
     </span>
     <span class='ocr_line' id='line_1_52' title="bbox 220 2606 1020 2648; baseline -0.009 -6"><span class='ocrx_word' id='word_1_280' title='bbox 220 2614 364 2642; x_wconf 85' lang='lat' dir='ltr'>nocendi</span> <span class='ocrx_word' id='word_1_281' title='bbox 386 2617 504 2648; x_wconf 84' lang='lat' dir='ltr'>pectus</span> <span class='ocrx_word' id='word_1_282' title='bbox 531 2614 669 2640; x_wconf 87' lang='lat' dir='ltr'>concute</span> <span class='ocrx_word' id='word_1_283' title='bbox 695 2609 735 2638; x_wconf 83' lang='lat' dir='ltr'>cf.</span> <span class='ocrx_word' id='word_1_284' title='bbox 764 2610 841 2638; x_wconf 83' lang='lat' dir='ltr'>Hor.</span> <span class='ocrx_word' id='word_1_285' title='bbox 866 2611 968 2637; x_wconf 84' lang='lat' dir='ltr'>serm.</span> <span class='ocrx_word' id='word_1_286' title='bbox 992 2606 1020 2644; x_wconf 92' lang='grc'>1,</span> 
     </span>
     <span class='ocr_line' id='line_1_53' title="bbox 220 2653 1019 2697; baseline -0.006 -11"><span class='ocrx_word' id='word_1_287' title='bbox 220 2658 251 2691; x_wconf 78' lang='grc'>3,</span> <span class='ocrx_word' id='word_1_288' title='bbox 286 2658 329 2688; x_wconf 70' lang='lat'>34</span> <span class='ocrx_word' id='word_1_289' title='bbox 355 2655 505 2697; x_wconf 77' lang='lat' dir='ltr'>denique</span> <span class='ocrx_word' id='word_1_290' title='bbox 539 2658 571 2685; x_wconf 82' lang='lat' dir='ltr'>te</span> <span class='ocrx_word' id='word_1_291' title='bbox 598 2653 713 2695; x_wconf 80' lang='lat' dir='ltr'>ipsum</span> <span class='ocrx_word' id='word_1_292' title='bbox 740 2655 894 2684; x_wconf 81' lang='lat' dir='ltr'>concute.</span> <span class='ocrx_word' id='word_1_293' title='bbox 952 2653 1019 2682; x_wconf 90' lang='lat' dir='ltr'>Cic.</span> 
     </span>
     <span class='ocr_line' id='line_1_54' title="bbox 220 2695 1019 2742; baseline -0.006 -10"><span class='ocrx_word' id='word_1_294' title='bbox 220 2705 279 2732; x_wconf 80' lang='lat' dir='ltr'>Off.</span> <span class='ocrx_word' id='word_1_295' title='bbox 306 2703 337 2739; x_wconf 60' lang='lat'>3.</span> <span class='ocrx_word' id='word_1_296' title='bbox 362 2702 417 2732; x_wconf 77' lang='lat'>20.</span> <span class='ocrx_word' id='word_1_297' title='bbox 442 2702 484 2731; x_wconf 74' lang='lat' dir='ltr'>st</span> <span class='ocrx_word' id='word_1_298' title='bbox 514 2698 652 2742; x_wconf 68' lang='lat' dir='ltr'>explica</span> <span class='ocrx_word' id='word_1_299' title='bbox 681 2703 712 2730; x_wconf 84' lang='lat' dir='ltr'>et</span> <span class='ocrx_word' id='word_1_300' title='bbox 743 2701 863 2730; x_wconf 71' lang='lat' dir='ltr'>excute</span> <span class='ocrx_word' id='word_1_301' title='bbox 887 2695 1019 2729; x_wconf 82' lang='lat' dir='ltr'>intelli-</span> 
     </span>
     <span class='ocr_line' id='line_1_55' title="bbox 219 2747 516 2790; baseline -0.013 -12"><span class='ocrx_word' id='word_1_302' title='bbox 219 2747 379 2790; x_wconf 81' lang='lat' dir='ltr'>gentiam</span> <span class='ocrx_word' id='word_1_303' title='bbox 405 2752 516 2778; x_wconf 83' lang='lat' dir='ltr'>tuam.</span> 
     </span>
    </p>

    <p class='ocr_par' dir='ltr' id='par_1_26' title="bbox 221 2791 1022 3062">
     <span class='ocr_line' id='line_1_56' title="bbox 267 2791 1018 2827; baseline -0.005 -4"><span class='ocrx_word' id='word_1_304' title='bbox 267 2793 344 2823; x_wconf 75' lang='lat'>339.</span> <span class='ocrx_word' id='word_1_305' title='bbox 379 2791 507 2823; x_wconf 77' lang='lat' dir='ltr'>Disiice</span> <span class='ocrx_word' id='word_1_306' title='bbox 516 2793 631 2821; x_wconf 81' lang='lat' dir='ltr'>fortius</span> <span class='ocrx_word' id='word_1_307' title='bbox 649 2799 746 2827; x_wconf 80' lang='lat' dir='ltr'>quam</span> <span class='ocrx_word' id='word_1_308' title='bbox 760 2791 882 2827; x_wconf 67' lang='lat' dir='ltr'>dirime.</span> <span class='ocrx_word' id='word_1_309' title='bbox 893 2798 1018 2826; x_wconf 87' lang='lat' dir='ltr'>rumpe.</span> 
     </span>
     <span class='ocr_line' id='line_1_57' title="bbox 228 2834 1020 2880; baseline -0.004 -12"><span class='ocrx_word' id='word_1_310' title='bbox 228 2838 313 2880; x_wconf 70' lang='lat' dir='ltr'>lf’g.</span> <span class='ocrx_word' id='word_1_311' title='bbox 350 2837 413 2868; x_wconf 72' lang='lat' dir='ltr'>Re».</span> <span class='ocrx_word' id='word_1_312' title='bbox 456 2840 606 2867; x_wconf 80' lang='lat' dir='ltr'>scribunt</span> <span class='ocrx_word' id='word_1_313' title='bbox 638 2835 765 2867; x_wconf 79' lang='lat' dir='ltr'>dissice</span> <span class='ocrx_word' id='word_1_314' title='bbox 796 2843 826 2865; x_wconf 83' lang='lat' dir='ltr'>et</span> <span class='ocrx_word' id='word_1_315' title='bbox 858 2834 1020 2866; x_wconf 79' lang='lat' dir='ltr'>dissicere</span> 
     </span>
     <span class='ocr_line' id='line_1_58' title="bbox 221 2881 1020 2920; baseline -0.004 -7"><span class='ocrx_word' id='word_1_316' title='bbox 221 2886 388 2920; x_wconf 81' lang='lat' dir='ltr'>antiquum</span> <span class='ocrx_word' id='word_1_317' title='bbox 421 2892 501 2914; x_wconf 86' lang='lat' dir='ltr'>esse</span> <span class='ocrx_word' id='word_1_318' title='bbox 537 2892 594 2919; x_wconf 92' lang='lat' dir='ltr'>pro</span> <span class='ocrx_word' id='word_1_319' title='bbox 625 2881 800 2912; x_wconf 78' lang='lat' dir='ltr'>dissecare</span> <span class='ocrx_word' id='word_1_320' title='bbox 833 2884 950 2911; x_wconf 85' lang='lat' dir='ltr'>docent</span> <span class='ocrx_word' id='word_1_321' title='bbox 977 2890 1020 2911; x_wconf 86' lang='lat' dir='ltr'>ex</span> 
     </span>
     <span class='ocr_line' id='line_1_59' title="bbox 221 2925 1020 2969; baseline -0.004 -10"><span class='ocrx_word' id='word_1_322' title='bbox 221 2932 268 2959; x_wconf 82' lang='lat' dir='ltr'>Pl.</span> <span class='ocrx_word' id='word_1_323' title='bbox 295 2933 388 2960; x_wconf 83' lang='lat' dir='ltr'>curc.</span> <span class='ocrx_word' id='word_1_324' title='bbox 423 2930 460 2966; x_wconf 74' lang='lat'>3,</span> <span class='ocrx_word' id='word_1_325' title='bbox 493 2928 537 2958; x_wconf 86' lang='lat'>53</span> <span class='ocrx_word' id='word_1_326' title='bbox 577 2926 800 2969; x_wconf 76' lang='lat' dir='ltr'>elephantum</span> <span class='ocrx_word' id='word_1_327' title='bbox 832 2925 1020 2957; x_wconf 80' lang='lat' dir='ltr'>machaera</span> 
     </span>
     <span class='ocr_line' id='line_1_60' title="bbox 222 2971 1020 3014; baseline -0.003 -10"><span class='ocrx_word' id='word_1_328' title='bbox 222 2974 376 3011; x_wconf 76' lang='lat' dir='ltr'>‹Iissicit‚·</span> <span class='ocrx_word' id='word_1_329' title='bbox 405 2974 537 3006; x_wconf 78' lang='lat' dir='ltr'>Dissice</span> <span class='ocrx_word' id='word_1_330' title='bbox 560 2981 609 3005; x_wconf 86' lang='lat' dir='ltr'>est</span> <span class='ocrx_word' id='word_1_331' title='bbox 635 2977 667 3004; x_wconf 88' lang='lat' dir='ltr'>in</span> <span class='ocrx_word' id='word_1_332' title='bbox 683 2976 764 3014; x_wconf 60' lang='lat'>1371),</span> <span class='ocrx_word' id='word_1_333' title='bbox 787 2971 895 3004; x_wconf 80' lang='lat' dir='ltr'>disice</span> <span class='ocrx_word' id='word_1_334' title='bbox 917 2974 950 3002; x_wconf 88' lang='lat' dir='ltr'>in</span> <span class='ocrx_word' id='word_1_335' title='bbox 972 2971 1020 3010; x_wconf 80' lang='grc' dir='ltr'>Μ,</span> 
     </span>
     <span class='ocr_line' id='line_1_61' title="bbox 221 3019 1022 3062; baseline 0.001 -13"><span class='ocrx_word' id='word_1_336' title='bbox 221 3026 251 3049; x_wconf 79' lang='lat' dir='ltr'>et</span> <span class='ocrx_word' id='word_1_337' title='bbox 279 3020 408 3052; x_wconf 78' lang='lat' dir='ltr'>‹Iessicc</span> <span class='ocrx_word' id='word_1_338' title='bbox 428 3023 461 3052; x_wconf 87' lang='lat' dir='ltr'>in</span> <span class='ocrx_word' id='word_1_339' title='bbox 484 3024 520 3052; x_wconf 70' lang='lat' dir='ltr'>V.</span> <span class='ocrx_word' id='word_1_340' title='bbox 547 3037 592 3044; x_wconf 81' lang='lat'><strong>—</strong></span> <span class='ocrx_word' id='word_1_341' title='bbox 612 3030 686 3062; x_wconf 65' lang='lat' dir='ltr'>pat</span> <span class='ocrx_word' id='word_1_342' title='bbox 709 3019 913 3062; x_wconf 79' lang='lat' dir='ltr'>composita.</span> <span class='ocrx_word' id='word_1_343' title='bbox 969 3021 1022 3050; x_wconf 89' lang='lat' dir='ltr'>Sic</span> 
     </span>
    </p>
   </div>
   <div class='ocr_carea' id='block_1_18' title="bbox 1786 1157 1869 1198">
    <p class='ocr_par' dir='ltr' id='par_1_27' title="bbox 1786 1157 1869 1198">
     <span class='ocr_line' id='line_1_62' title="bbox 1786 1157 1869 1198; baseline -0.012 0"><span class='ocrx_word' id='word_1_344' title='bbox 1786 1157 1869 1198; x_wconf 86' lang='lat'>345</span> 
     </span>
    </p>
   </div>
   <div class='ocr_carea' id='block_1_19' title="bbox 1065 1327 1871 1680">
    <p class='ocr_par' dir='ltr' id='par_1_28' title="bbox 1065 1327 1870 1417">
     <span class='ocr_line' id='line_1_63' title="bbox 1066 1327 1870 1371; baseline 0.001 -12"><span class='ocrx_word' id='word_1_345' title='bbox 1066 1331 1137 1359; x_wconf 84' lang='lat' dir='ltr'>Liv.</span> <span class='ocrx_word' id='word_1_346' title='bbox 1163 1330 1200 1367; x_wconf 78' lang='lat'>2,</span> <span class='ocrx_word' id='word_1_347' title='bbox 1237 1328 1275 1358; x_wconf 88' lang='grc'>13</span> <span class='ocrx_word' id='word_1_348' title='bbox 1306 1327 1360 1360; x_wconf 79' lang='lat' dir='ltr'>his</span> <span class='ocrx_word' id='word_1_349' title='bbox 1395 1327 1652 1360; x_wconf 77' lang='lat' dir='ltr'>conditionibus</span> <span class='ocrx_word' id='word_1_350' title='bbox 1678 1327 1870 1371; x_wconf 75' lang='lat' dir='ltr'>composita</span> 
     </span>
     <span class='ocr_line' id='line_1_64' title="bbox 1065 1381 1239 1417; baseline 0 -13"><span class='ocrx_word' id='word_1_351' title='bbox 1065 1384 1153 1417; x_wconf 73' lang='lat' dir='ltr'><em>pace</em></span> <span class='ocrx_word' id='word_1_352' title='bbox 1178 1381 1239 1405; x_wconf 75' lang='lat' dir='ltr'>elc-</span> 
     </span>
    </p>

    <p class='ocr_par' dir='ltr' id='par_1_29' title="bbox 1066 1418 1871 1680">
     <span class='ocr_line' id='line_1_65' title="bbox 1113 1418 1871 1461; baseline 0.001 -12"><span class='ocrx_word' id='word_1_353' title='bbox 1113 1421 1189 1450; x_wconf 73' lang='lat'>340.</span> <span class='ocrx_word' id='word_1_354' title='bbox 1217 1429 1317 1450; x_wconf 83' lang='lat' dir='ltr'>arma</span> <span class='ocrx_word' id='word_1_355' title='bbox 1345 1418 1429 1450; x_wconf 76' lang='lat' dir='ltr'>velit</span> <span class='ocrx_word' id='word_1_356' title='bbox 1454 1435 1496 1442; x_wconf 84' lang='lat'>·—</span> <span class='ocrx_word' id='word_1_357' title='bbox 1524 1429 1590 1461; x_wconf 85' lang='lat' dir='ltr'>que</span> <span class='ocrx_word' id='word_1_358' title='bbox 1610 1418 1716 1451; x_wconf 85' lang='lat' dir='ltr'>simul</span> <span class='ocrx_word' id='word_1_359' title='bbox 1739 1437 1785 1441; x_wconf 97' lang='lat'><strong>—</strong></span> <span class='ocrx_word' id='word_1_360' title='bbox 1805 1429 1871 1461; x_wconf 82' lang='lat' dir='ltr'>que</span> 
     </span>
     <span class='ocr_line' id='line_1_66' title="bbox 1068 1465 1870 1504; baseline 0.001 -9"><span class='ocrx_word' id='word_1_361' title='bbox 1068 1467 1108 1496; x_wconf 88' lang='lat' dir='ltr'>cf.</span> <span class='ocrx_word' id='word_1_362' title='bbox 1133 1467 1162 1504; x_wconf 76' lang='grc'>1,</span> <span class='ocrx_word' id='word_1_363' title='bbox 1184 1465 1257 1496; x_wconf 70' lang='lat'>144.</span> <span class='ocrx_word' id='word_1_364' title='bbox 1308 1468 1380 1496; x_wconf 82' lang='lat' dir='ltr'>Uno</span> <span class='ocrx_word' id='word_1_365' title='bbox 1400 1472 1549 1502; x_wconf 85' lang='lat' dir='ltr'>tempore</span> <span class='ocrx_word' id='word_1_366' title='bbox 1567 1473 1684 1502; x_wconf 84' lang='lat' dir='ltr'>poscat</span> <span class='ocrx_word' id='word_1_367' title='bbox 1713 1472 1744 1500; x_wconf 77' lang='lat' dir='ltr'>et</span> <span class='ocrx_word' id='word_1_368' title='bbox 1763 1467 1870 1502; x_wconf 78' lang='lat' dir='ltr'>rapiat</span> 
     </span>
     <span class='ocr_line' id='line_1_67' title="bbox 1066 1513 1871 1549; baseline 0 -7"><span class='ocrx_word' id='word_1_369' title='bbox 1066 1513 1222 1542; x_wconf 73' lang='lat' dir='ltr'>iuventus</span> <span class='ocrx_word' id='word_1_370' title='bbox 1263 1519 1376 1549; x_wconf 79' lang='lat' dir='ltr'>arma,</span> <span class='ocrx_word' id='word_1_371' title='bbox 1409 1521 1450 1541; x_wconf 86' lang='lat' dir='ltr'>ne</span> <span class='ocrx_word' id='word_1_372' title='bbox 1489 1518 1695 1548; x_wconf 84' lang='lat' dir='ltr'>exspectans</span> <span class='ocrx_word' id='word_1_373' title='bbox 1739 1513 1871 1548; x_wconf 79' lang='lat' dir='ltr'>quidem</span> 
     </span>
     <span class='ocr_line' id='line_1_68' title="bbox 1066 1558 1868 1594; baseline 0.001 -7"><span class='ocrx_word' id='word_1_374' title='bbox 1066 1567 1180 1594; x_wconf 77' lang='lat' dir='ltr'>regum</span> <span class='ocrx_word' id='word_1_375' title='bbox 1207 1559 1311 1587; x_wconf 87' lang='lat' dir='ltr'>iussa.</span> <span class='ocrx_word' id='word_1_376' title='bbox 1337 1574 1381 1578; x_wconf 70' lang='lat'>—</span> <span class='ocrx_word' id='word_1_377' title='bbox 1406 1560 1498 1594; x_wconf 82' lang='lat' dir='ltr'>Quod</span> <span class='ocrx_word' id='word_1_378' title='bbox 1526 1560 1658 1588; x_wconf 86' lang='lat' dir='ltr'>Furiam</span> <span class='ocrx_word' id='word_1_379' title='bbox 1684 1567 1729 1587; x_wconf 81' lang='lat' dir='ltr'>ex</span> <span class='ocrx_word' id='word_1_380' title='bbox 1754 1558 1868 1588; x_wconf 86' lang='lat' dir='ltr'>inferis</span> 
     </span>
     <span class='ocr_line' id='line_1_69' title="bbox 1067 1605 1870 1642; baseline -0.001 -8"><span class='ocrx_word' id='word_1_381' title='bbox 1067 1606 1208 1634; x_wconf 80' lang='lat' dir='ltr'>advocat</span> <span class='ocrx_word' id='word_1_382' title='bbox 1235 1606 1328 1642; x_wconf 87' lang='lat' dir='ltr'>Iuno⁷</span> <span class='ocrx_word' id='word_1_383' title='bbox 1355 1605 1418 1633; x_wconf 87' lang='lat' dir='ltr'>iam</span> <span class='ocrx_word' id='word_1_384' title='bbox 1439 1610 1576 1640; x_wconf 85' lang='lat' dir='ltr'>apparet</span> <span class='ocrx_word' id='word_1_385' title='bbox 1604 1605 1776 1635; x_wconf 81' lang='lat' dir='ltr'>incassum</span> <span class='ocrx_word' id='word_1_386' title='bbox 1796 1611 1870 1634; x_wconf 85' lang='lat' dir='ltr'>eam</span> 
     </span>
     <span class='ocr_line' id='line_1_70' title="bbox 1067 1652 1299 1680; baseline -0.009 0"><span class='ocrx_word' id='word_1_387' title='bbox 1067 1652 1299 1680; x_wconf 81' lang='lat' dir='ltr'>laboraturam.</span> 
     </span>
    </p>
   </div>
   <div class='ocr_carea' id='block_1_20' title="bbox 1067 1725 1870 1815">
    <p class='ocr_par' dir='ltr' id='par_1_30' title="bbox 1067 1725 1870 1815">
     <span class='ocr_line' id='line_1_71' title="bbox 1067 1725 1870 1760; baseline -0.002 0"><span class='ocrx_word' id='word_1_388' title='bbox 1067 1728 1274 1760; x_wconf 68' lang='lat'>341—358.</span> <span class='ocrx_word' id='word_1_389' title='bbox 1344 1727 1484 1760; x_wconf 81' lang='lat' dir='ltr'>Allecto</span> <span class='ocrx_word' id='word_1_390' title='bbox 1523 1725 1671 1759; x_wconf 78' lang='lat' dir='ltr'>Amatae</span> <span class='ocrx_word' id='word_1_391' title='bbox 1712 1726 1870 1759; x_wconf 85' lang='lat' dir='ltr'>animum</span> 
     </span>
     <span class='ocr_line' id='line_1_72' title="bbox 1228 1773 1716 1815; baseline -0.002 -9"><span class='ocrx_word' id='word_1_392' title='bbox 1228 1778 1350 1806; x_wconf 85' lang='lat' dir='ltr'>contra</span> <span class='ocrx_word' id='word_1_393' title='bbox 1375 1773 1532 1805; x_wconf 80' lang='lat' dir='ltr'>Aeneam</span> <span class='ocrx_word' id='word_1_394' title='bbox 1559 1777 1716 1815; x_wconf 83' lang='lat' dir='ltr'>occupat.</span> 
     </span>
    </p>
   </div>
   <div class='ocr_carea' id='block_1_21' title="bbox 1066 1832 1901 3058">
    <p class='ocr_par' dir='ltr' id='par_1_31' title="bbox 1066 1832 1901 2556">
     <span class='ocr_line' id='line_1_73' title="bbox 1114 1832 1870 1869; baseline 0.001 -8"><span class='ocrx_word' id='word_1_395' title='bbox 1114 1832 1195 1862; x_wconf 75' lang='lat'>341.</span> <span class='ocrx_word' id='word_1_396' title='bbox 1222 1836 1295 1863; x_wconf 75' lang='lat' dir='ltr'>Non</span> <span class='ocrx_word' id='word_1_397' title='bbox 1319 1834 1470 1868; x_wconf 84' lang='lat' dir='ltr'>proponit</span> <span class='ocrx_word' id='word_1_398' title='bbox 1496 1833 1645 1868; x_wconf 84' lang='lat' dir='ltr'>praemia</span> <span class='ocrx_word' id='word_1_399' title='bbox 1669 1834 1764 1869; x_wconf 81' lang='lat' dir='ltr'>Iuno,</span> <span class='ocrx_word' id='word_1_400' title='bbox 1784 1834 1870 1868; x_wconf 83' lang='lat' dir='ltr'>quod</span> 
     </span>
     <span class='ocr_line' id='line_1_74' title="bbox 1068 1878 1869 1915; baseline 0 -7"><span class='ocrx_word' id='word_1_401' title='bbox 1068 1881 1160 1908; x_wconf 85' lang='lat' dir='ltr'>nulla</span> <span class='ocrx_word' id='word_1_402' title='bbox 1187 1887 1221 1908; x_wconf 91' lang='lat' dir='ltr'>re</span> <span class='ocrx_word' id='word_1_403' title='bbox 1249 1881 1431 1908; x_wconf 84' lang='lat' dir='ltr'>delectatur</span> <span class='ocrx_word' id='word_1_404' title='bbox 1452 1879 1551 1907; x_wconf 82' lang='lat' dir='ltr'>Furia</span> <span class='ocrx_word' id='word_1_405' title='bbox 1575 1878 1682 1913; x_wconf 82' lang='lat' dir='ltr'>magis</span> <span class='ocrx_word' id='word_1_406' title='bbox 1703 1885 1800 1913; x_wconf 83' lang='lat' dir='ltr'>quam</span> <span class='ocrx_word' id='word_1_407' title='bbox 1817 1886 1869 1915; x_wconf 79' lang='lat' dir='ltr'>ea,</span> 
     </span>
     <span class='ocr_line' id='line_1_75' title="bbox 1070 1924 1901 1961; baseline -0.005 -7"><span class='ocrx_word' id='word_1_408' title='bbox 1070 1927 1110 1954; x_wconf 85' lang='lat' dir='ltr'>ad</span> <span class='ocrx_word' id='word_1_409' title='bbox 1137 1933 1235 1960; x_wconf 81' lang='lat' dir='ltr'>quam</span> <span class='ocrx_word' id='word_1_410' title='bbox 1262 1926 1427 1954; x_wconf 82' lang='lat' dir='ltr'>excitatur</span> <span class='ocrx_word' id='word_1_411' title='bbox 1451 1924 1673 1961; x_wconf 86' lang='lat' dir='ltr'>efficiendam,</span> <span class='ocrx_word' id='word_1_412' title='bbox 1704 1925 1869 1954; x_wconf 84' lang='lat' dir='ltr'>discordia</span> <span class='ocrx_word' id='word_1_413' title='bbox 1897 1948 1901 1950; x_wconf 71' lang='grc'>,</span> 
     </span>
     <span class='ocr_line' id='line_1_76' title="bbox 1070 1970 1870 2007; baseline 0 -8"><span class='ocrx_word' id='word_1_414' title='bbox 1070 1971 1199 2000; x_wconf 87' lang='lat' dir='ltr'>scilicet</span> <span class='ocrx_word' id='word_1_415' title='bbox 1227 1975 1257 1999; x_wconf 89' lang='lat' dir='ltr'>et</span> <span class='ocrx_word' id='word_1_416' title='bbox 1282 1973 1380 1999; x_wconf 84' lang='lat' dir='ltr'>bello.</span> <span class='ocrx_word' id='word_1_417' title='bbox 1437 1972 1476 1999; x_wconf 86' lang='lat' dir='ltr'>Et</span> <span class='ocrx_word' id='word_1_418' title='bbox 1504 1972 1567 1999; x_wconf 84' lang='lat' dir='ltr'>hoc</span> <span class='ocrx_word' id='word_1_419' title='bbox 1599 1972 1693 2007; x_wconf 88' lang='lat' dir='ltr'>loco,</span> <span class='ocrx_word' id='word_1_420' title='bbox 1727 1975 1758 1999; x_wconf 87' lang='lat' dir='ltr'>ut</span> <span class='ocrx_word' id='word_1_421' title='bbox 1791 1970 1870 1999; x_wconf 81' lang='lat' dir='ltr'>alibi</span> 
     </span>
     <span class='ocr_line' id='line_1_77' title="bbox 1069 2016 1872 2053; baseline -0.001 -8"><span class='ocrx_word' id='word_1_422' title='bbox 1069 2018 1151 2046; x_wconf 87' lang='lat' dir='ltr'>deus</span> <span class='ocrx_word' id='word_1_423' title='bbox 1185 2016 1320 2046; x_wconf 85' lang='lat' dir='ltr'>inferior</span> <span class='ocrx_word' id='word_1_424' title='bbox 1350 2017 1457 2046; x_wconf 83' lang='lat' dir='ltr'>statim</span> <span class='ocrx_word' id='word_1_425' title='bbox 1492 2016 1589 2053; x_wconf 82' lang='lat' dir='ltr'>facit,</span> <span class='ocrx_word' id='word_1_426' title='bbox 1620 2023 1706 2051; x_wconf 85' lang='lat' dir='ltr'>quae</span> <span class='ocrx_word' id='word_1_427' title='bbox 1742 2016 1872 2045; x_wconf 80' lang='lat' dir='ltr'>iubetur</span> 
     </span>
     <span class='ocr_line' id='line_1_78' title="bbox 1069 2059 1869 2100; baseline -0.001 -9"><span class='ocrx_word' id='word_1_428' title='bbox 1069 2062 1111 2091; x_wconf 89' lang='lat' dir='ltr'>cf.</span> <span class='ocrx_word' id='word_1_429' title='bbox 1146 2062 1178 2100; x_wconf 69' lang='lat' dir='ltr'>l,</span> <span class='ocrx_word' id='word_1_430' title='bbox 1212 2062 1266 2091; x_wconf 74' lang='lat'>76.</span> <span class='ocrx_word' id='word_1_431' title='bbox 1299 2078 1344 2081; x_wconf 90' lang='lat'>—-</span> <span class='ocrx_word' id='word_1_432' title='bbox 1372 2059 1468 2091; x_wconf 72' lang='lat' dir='ltr'>Exin</span> <span class='ocrx_word' id='word_1_433' title='bbox 1502 2062 1662 2097; x_wconf 87' lang='lat' dir='ltr'>particula</span> <span class='ocrx_word' id='word_1_434' title='bbox 1694 2062 1813 2097; x_wconf 79' lang='lat' dir='ltr'>legitur</span> <span class='ocrx_word' id='word_1_435' title='bbox 1836 2060 1869 2099; x_wconf 86' lang='lat'>6,</span> 
     </span>
     <span class='ocr_line' id='line_1_79' title="bbox 1069 2103 1871 2148; baseline -0.001 -11"><span class='ocrx_word' id='word_1_436' title='bbox 1069 2107 1147 2137; x_wconf 82' lang='grc'>891.</span> <span class='ocrx_word' id='word_1_437' title='bbox 1205 2107 1244 2145; x_wconf 86' lang='grc'>8,</span> <span class='ocrx_word' id='word_1_438' title='bbox 1271 2106 1350 2136; x_wconf 86' lang='grc'><strong>306.</strong></span> <span class='ocrx_word' id='word_1_439' title='bbox 1409 2106 1466 2145; x_wconf 81' lang='grc'>12,</span> <span class='ocrx_word' id='word_1_440' title='bbox 1499 2107 1555 2137; x_wconf 79' lang='grc'>92.</span> <span class='ocrx_word' id='word_1_441' title='bbox 1589 2123 1634 2127; x_wconf 93' lang='lat'>-—</span> <span class='ocrx_word' id='word_1_442' title='bbox 1671 2103 1871 2148; x_wconf 81' lang='lat' dir='ltr'>Gorgoneis</span> 
     </span>
     <span class='ocr_line' id='line_1_80' title="bbox 1070 2151 1869 2188; baseline -0.003 -5"><span class='ocrx_word' id='word_1_443' title='bbox 1070 2151 1212 2183; x_wconf 82' lang='lat' dir='ltr'>venenis</span> <span class='ocrx_word' id='word_1_444' title='bbox 1261 2158 1310 2182; x_wconf 87' lang='lat' dir='ltr'>est</span> <span class='ocrx_word' id='word_1_445' title='bbox 1366 2153 1486 2182; x_wconf 80' lang='lat' dir='ltr'>infecta</span> <span class='ocrx_word' id='word_1_446' title='bbox 1552 2160 1703 2188; x_wconf 74' lang='lat' dir='ltr'>veneno,</span> <span class='ocrx_word' id='word_1_447' title='bbox 1771 2155 1869 2187; x_wconf 77' lang='lat' dir='ltr'>quale</span> 
     </span>
     <span class='ocr_line' id='line_1_81' title="bbox 1073 2199 1869 2234; baseline -0.001 -6"><span class='ocrx_word' id='word_1_448' title='bbox 1073 2205 1121 2228; x_wconf 86' lang='lat' dir='ltr'>est</span> <span class='ocrx_word' id='word_1_449' title='bbox 1155 2202 1352 2234; x_wconf 83' lang='lat' dir='ltr'>Gorgonum.</span> <span class='ocrx_word' id='word_1_450' title='bbox 1402 2199 1456 2228; x_wconf 86' lang='lat' dir='ltr'>sic</span> <span class='ocrx_word' id='word_1_451' title='bbox 1487 2199 1587 2227; x_wconf 79' lang='lat' dir='ltr'>Furia</span> <span class='ocrx_word' id='word_1_452' title='bbox 1616 2205 1668 2233; x_wconf 81' lang='lat' dir='ltr'>ap.</span> <span class='ocrx_word' id='word_1_453' title='bbox 1695 2199 1811 2228; x_wconf 83' lang='lat' dir='ltr'>Claud.</span> <span class='ocrx_word' id='word_1_454' title='bbox 1836 2199 1869 2228; x_wconf 86' lang='lat' dir='ltr'>in</span> 
     </span>
     <span class='ocr_line' id='line_1_82' title="bbox 1067 2241 1870 2284; baseline 0 -10"><span class='ocrx_word' id='word_1_455' title='bbox 1067 2245 1142 2274; x_wconf 82' lang='lat' dir='ltr'>Rus.</span> <span class='ocrx_word' id='word_1_456' title='bbox 1170 2245 1205 2282; x_wconf 76' lang='grc'>1,</span> <span class='ocrx_word' id='word_1_457' title='bbox 1245 2244 1288 2274; x_wconf 81' lang='grc'>65</span> <span class='ocrx_word' id='word_1_458' title='bbox 1321 2246 1500 2273; x_wconf 74' lang='lat' dir='ltr'>cruentum</span> <span class='ocrx_word' id='word_1_459' title='bbox 1527 2241 1659 2284; x_wconf 75' lang='lat' dir='ltr'>mugiit</span> <span class='ocrx_word' id='word_1_460' title='bbox 1692 2245 1725 2273; x_wconf 84' lang='lat' dir='ltr'>ct</span> <span class='ocrx_word' id='word_1_461' title='bbox 1760 2246 1870 2274; x_wconf 74' lang='lat' dir='ltr'>tortos</span> 
     </span>
     <span class='ocr_line' id='line_1_83' title="bbox 1069 2286 1870 2331; baseline -0.002 -11"><span class='ocrx_word' id='word_1_462' title='bbox 1069 2294 1268 2331; x_wconf 81' lang='lat' dir='ltr'>serpentum</span> <span class='ocrx_word' id='word_1_463' title='bbox 1286 2287 1394 2319; x_wconf 74' lang='lat' dir='ltr'>erexit</span> <span class='ocrx_word' id='word_1_464' title='bbox 1417 2287 1538 2319; x_wconf 78' lang='lat' dir='ltr'>hiatus</span> <span class='ocrx_word' id='word_1_465' title='bbox 1557 2286 1735 2329; x_wconf 70' lang='lat' dir='ltr'>noxiaque</span> <span class='ocrx_word' id='word_1_466' title='bbox 1752 2287 1870 2330; x_wconf 80' lang='lat' dir='ltr'>effun-</span> 
     </span>
     <span class='ocr_line' id='line_1_84' title="bbox 1066 2332 1869 2375; baseline -0.002 -9"><span class='ocrx_word' id='word_1_467' title='bbox 1066 2334 1119 2366; x_wconf 79' lang='lat' dir='ltr'>dit</span> <span class='ocrx_word' id='word_1_468' title='bbox 1143 2343 1308 2365; x_wconf 86' lang='lat' dir='ltr'>concusso</span> <span class='ocrx_word' id='word_1_469' title='bbox 1333 2332 1427 2364; x_wconf 84' lang='lat' dir='ltr'>crine</span> <span class='ocrx_word' id='word_1_470' title='bbox 1451 2342 1596 2364; x_wconf 81' lang='lat' dir='ltr'>venena.</span> <span class='ocrx_word' id='word_1_471' title='bbox 1653 2332 1739 2375; x_wconf 82' lang='lat' dir='ltr'>Wg.</span> <span class='ocrx_word' id='word_1_472' title='bbox 1769 2336 1869 2364; x_wconf 87' lang='lat' dir='ltr'>intel-</span> 
     </span>
     <span class='ocr_line' id='line_1_85' title="bbox 1068 2381 1869 2419; baseline 0 -9"><span class='ocrx_word' id='word_1_473' title='bbox 1068 2383 1138 2417; x_wconf 79' lang='lat' dir='ltr'>ligit</span> <span class='ocrx_word' id='word_1_474' title='bbox 1168 2386 1290 2419; x_wconf 78' lang='lat' dir='ltr'>„caput</span> <span class='ocrx_word' id='word_1_475' title='bbox 1315 2381 1406 2417; x_wconf 80' lang='lat' dir='ltr'>eius,</span> <span class='ocrx_word' id='word_1_476' title='bbox 1447 2385 1480 2409; x_wconf 93' lang='lat' dir='ltr'>ut</span> <span class='ocrx_word' id='word_1_477' title='bbox 1508 2381 1671 2416; x_wconf 86' lang='lat' dir='ltr'>Gorgonis</span> <span class='ocrx_word' id='word_1_478' title='bbox 1696 2382 1869 2417; x_wconf 78' lang='lat' dir='ltr'>Medusae,</span> 
     </span>
     <span class='ocr_line' id='line_1_86' title="bbox 1069 2425 1869 2462; baseline 0 -6"><span class='ocrx_word' id='word_1_479' title='bbox 1069 2427 1280 2462; x_wconf 80' lang='lat' dir='ltr'>serpentibus</span> <span class='ocrx_word' id='word_1_480' title='bbox 1308 2434 1438 2455; x_wconf 85' lang='lat' dir='ltr'>veneno</span> <span class='ocrx_word' id='word_1_481' title='bbox 1462 2426 1593 2456; x_wconf 87' lang='lat' dir='ltr'>infectis</span> <span class='ocrx_word' id='word_1_482' title='bbox 1619 2427 1761 2456; x_wconf 83' lang='lat' dir='ltr'>cinctum</span> <span class='ocrx_word' id='word_1_483' title='bbox 1776 2425 1869 2456; x_wconf 80' lang='lat' dir='ltr'>erat“</span> 
     </span>
     <span class='ocr_line' id='line_1_87' title="bbox 1069 2473 1868 2507; baseline 0 -5"><span class='ocrx_word' id='word_1_484' title='bbox 1069 2475 1160 2502; x_wconf 82' lang='lat' dir='ltr'>Haec</span> <span class='ocrx_word' id='word_1_485' title='bbox 1188 2473 1365 2507; x_wconf 84' lang='lat' dir='ltr'>explicatio</span> <span class='ocrx_word' id='word_1_486' title='bbox 1391 2473 1432 2501; x_wconf 87' lang='lat' dir='ltr'>ad</span> <span class='ocrx_word' id='word_1_487' title='bbox 1458 2480 1527 2501; x_wconf 86' lang='lat' dir='ltr'>rem</span> <span class='ocrx_word' id='word_1_488' title='bbox 1549 2480 1632 2502; x_wconf 82' lang='lat' dir='ltr'>vera</span> <span class='ocrx_word' id='word_1_489' title='bbox 1659 2473 1771 2501; x_wconf 84' lang='lat' dir='ltr'>nititur</span> <span class='ocrx_word' id='word_1_490' title='bbox 1795 2479 1868 2502; x_wconf 84' lang='lat' dir='ltr'>ma-</span> 
     </span>
     <span class='ocr_line' id='line_1_88' title="bbox 1068 2516 1866 2556; baseline 0 -9"><span class='ocrx_word' id='word_1_491' title='bbox 1068 2520 1118 2554; x_wconf 84' lang='lat' dir='ltr'>gis</span> <span class='ocrx_word' id='word_1_492' title='bbox 1144 2526 1244 2546; x_wconf 82' lang='lat' dir='ltr'>versu</span> <span class='ocrx_word' id='word_1_493' title='bbox 1267 2516 1333 2546; x_wconf 74' lang='lat'>346</span> <span class='ocrx_word' id='word_1_494' title='bbox 1351 2525 1447 2553; x_wconf 84' lang='lat' dir='ltr'>quam</span> <span class='ocrx_word' id='word_1_495' title='bbox 1464 2520 1538 2556; x_wconf 73' lang='lat' dir='ltr'>hoc⁷</span> <span class='ocrx_word' id='word_1_496' title='bbox 1564 2522 1594 2547; x_wconf 86' lang='lat' dir='ltr'>et</span> <span class='ocrx_word' id='word_1_497' title='bbox 1612 2519 1700 2547; x_wconf 83' lang='lat' dir='ltr'>inest</span> <span class='ocrx_word' id='word_1_498' title='bbox 1718 2522 1866 2547; x_wconf 82' lang='lat' dir='ltr'>nostrae.</span> 
     </span>
    </p>

    <p class='ocr_par' dir='ltr' id='par_1_32' title="bbox 1067 2560 1869 2828">
     <span class='ocr_line' id='line_1_89' title="bbox 1117 2560 1869 2601; baseline 0.001 -9"><span class='ocrx_word' id='word_1_499' title='bbox 1117 2562 1193 2592; x_wconf 75' lang='lat'>343.</span> <span class='ocrx_word' id='word_1_500' title='bbox 1226 2560 1367 2593; x_wconf 80' lang='lat' dir='ltr'>Obsedit</span> <span class='ocrx_word' id='word_1_501' title='bbox 1393 2566 1516 2601; x_wconf 80' lang='lat' dir='ltr'>„bene‚</span> <span class='ocrx_word' id='word_1_502' title='bbox 1560 2564 1656 2599; x_wconf 83' lang='lat' dir='ltr'>quasi</span> <span class='ocrx_word' id='word_1_503' title='bbox 1681 2571 1765 2599; x_wconf 79' lang='lat' dir='ltr'>quae</span> <span class='ocrx_word' id='word_1_504' title='bbox 1785 2564 1869 2593; x_wconf 82' lang='lat' dir='ltr'>insi-</span> 
     </span>
     <span class='ocr_line' id='line_1_90' title="bbox 1069 2610 1866 2645; baseline -0.003 -6"><span class='ocrx_word' id='word_1_505' title='bbox 1069 2611 1250 2639; x_wconf 60' lang='lat' dir='ltr'>diabatuff*</span> <span class='ocrx_word' id='word_1_506' title='bbox 1278 2612 1310 2638; x_wconf 89' lang='lat' dir='ltr'>S.</span> <span class='ocrx_word' id='word_1_507' title='bbox 1337 2618 1377 2638; x_wconf 89' lang='lat' dir='ltr'>ne</span> <span class='ocrx_word' id='word_1_508' title='bbox 1399 2610 1472 2644; x_wconf 81' lang='lat' dir='ltr'>quis</span> <span class='ocrx_word' id='word_1_509' title='bbox 1494 2610 1581 2640; x_wconf 86' lang='lat' dir='ltr'>alius</span> <span class='ocrx_word' id='word_1_510' title='bbox 1601 2614 1717 2645; x_wconf 86' lang='lat' dir='ltr'>posset</span> <span class='ocrx_word' id='word_1_511' title='bbox 1733 2610 1866 2638; x_wconf 85' lang='lat' dir='ltr'>intrare.</span> 
     </span>
     <span class='ocr_line' id='line_1_91' title="bbox 1070 2652 1865 2693; baseline -0.004 -8"><span class='ocrx_word' id='word_1_512' title='bbox 1070 2656 1110 2685; x_wconf 87' lang='lat' dir='ltr'>cf.</span> <span class='ocrx_word' id='word_1_513' title='bbox 1137 2655 1167 2693; x_wconf 78' lang='grc'>1,</span> <span class='ocrx_word' id='word_1_514' title='bbox 1193 2654 1270 2684; x_wconf 80' lang='grc'><strong>673.</strong></span> <span class='ocrx_word' id='word_1_515' title='bbox 1304 2670 1349 2674; x_wconf 83' lang='grc'><strong>-</strong></span> <span class='ocrx_word' id='word_1_516' title='bbox 1386 2652 1546 2684; x_wconf 81' lang='lat' dir='ltr'>&#39;I&#39;acitum</span> <span class='ocrx_word' id='word_1_517' title='bbox 1580 2652 1686 2684; x_wconf 82' lang='lat' dir='ltr'>limen</span> <span class='ocrx_word' id='word_1_518' title='bbox 1708 2655 1808 2689; x_wconf 84' lang='lat' dir='ltr'>iunge</span> <span class='ocrx_word' id='word_1_519' title='bbox 1835 2658 1865 2682; x_wconf 81' lang='lat' dir='ltr'>et</span> 
     </span>
     <span class='ocr_line' id='line_1_92' title="bbox 1068 2698 1867 2738; baseline -0.003 -8"><span class='ocrx_word' id='word_1_520' title='bbox 1068 2702 1202 2737; x_wconf 86' lang='lat' dir='ltr'>explica</span> <span class='ocrx_word' id='word_1_521' title='bbox 1223 2700 1356 2730; x_wconf 83' lang='lat' dir='ltr'>tacitam</span> <span class='ocrx_word' id='word_1_522' title='bbox 1381 2701 1522 2738; x_wconf 73' lang='lat' dir='ltr'>domum,</span> <span class='ocrx_word' id='word_1_523' title='bbox 1550 2704 1583 2730; x_wconf 85' lang='lat' dir='ltr'>ut</span> <span class='ocrx_word' id='word_1_524' title='bbox 1605 2702 1690 2730; x_wconf 80' lang='lat' dir='ltr'>solet</span> <span class='ocrx_word' id='word_1_525' title='bbox 1715 2707 1794 2729; x_wconf 80' lang='lat' dir='ltr'>esse</span> <span class='ocrx_word' id='word_1_526' title='bbox 1818 2698 1867 2728; x_wconf 78' lang='lat' dir='ltr'>fe-</span> 
     </span>
     <span class='ocr_line' id='line_1_93' title="bbox 1067 2745 1864 2783; baseline -0.003 -7"><span class='ocrx_word' id='word_1_527' title='bbox 1067 2748 1226 2776; x_wconf 87' lang='lat' dir='ltr'>minarum</span> <span class='ocrx_word' id='word_1_528' title='bbox 1253 2746 1398 2783; x_wconf 82' lang='lat' dir='ltr'>mansi03</span> <span class='ocrx_word' id='word_1_529' title='bbox 1429 2747 1604 2782; x_wconf 85' lang='lat' dir='ltr'>opponitur</span> <span class='ocrx_word' id='word_1_530' title='bbox 1628 2745 1731 2775; x_wconf 82' lang='lat' dir='ltr'>turbis</span> <span class='ocrx_word' id='word_1_531' title='bbox 1755 2745 1864 2774; x_wconf 79' lang='lat' dir='ltr'>statim</span> 
     </span>
     <span class='ocr_line' id='line_1_94' title="bbox 1068 2792 1327 2828; baseline -0.008 -6"><span class='ocrx_word' id='word_1_532' title='bbox 1068 2798 1142 2828; x_wconf 87' lang='lat' dir='ltr'>post</span> <span class='ocrx_word' id='word_1_533' title='bbox 1167 2792 1211 2821; x_wconf 84' lang='lat' dir='ltr'>ibi</span> <span class='ocrx_word' id='word_1_534' title='bbox 1237 2792 1327 2821; x_wconf 87' lang='lat' dir='ltr'>ortis.</span> 
     </span>
    </p>

    <p class='ocr_par' dir='ltr' id='par_1_33' title="bbox 1066 2835 1867 3058">
     <span class='ocr_line' id='line_1_95' title="bbox 1113 2835 1866 2877; baseline -0.004 -11"><span class='ocrx_word' id='word_1_535' title='bbox 1113 2837 1189 2866; x_wconf 72' lang='lat'>345.</span> <span class='ocrx_word' id='word_1_536' title='bbox 1221 2835 1435 2877; x_wconf 70' lang='lat' dir='ltr'>Coquebant,</span> <span class='ocrx_word' id='word_1_537' title='bbox 1458 2838 1679 2866; x_wconf 77' lang='lat' dir='ltr'>macerabant.</span> <span class='ocrx_word' id='word_1_538' title='bbox 1727 2837 1777 2864; x_wconf 80' lang='lat' dir='ltr'>Ita</span> <span class='ocrx_word' id='word_1_539' title='bbox 1799 2837 1866 2864; x_wconf 79' lang='lat' dir='ltr'>En—</span> 
     </span>
     <span class='ocr_line' id='line_1_96' title="bbox 1066 2882 1867 2920; baseline -0.004 -7"><span class='ocrx_word' id='word_1_540' title='bbox 1066 2885 1142 2913; x_wconf 90' lang='lat' dir='ltr'>nius</span> <span class='ocrx_word' id='word_1_541' title='bbox 1169 2891 1220 2919; x_wconf 85' lang='lat' dir='ltr'>ap.</span> <span class='ocrx_word' id='word_1_542' title='bbox 1250 2884 1315 2912; x_wconf 88' lang='lat' dir='ltr'>Cic.</span> <span class='ocrx_word' id='word_1_543' title='bbox 1345 2884 1413 2913; x_wconf 82' lang='lat' dir='ltr'>CM.</span> <span class='ocrx_word' id='word_1_544' title='bbox 1448 2882 1474 2912; x_wconf 92' lang='grc'>1.</span> <span class='ocrx_word' id='word_1_545' title='bbox 1501 2889 1633 2918; x_wconf 85' lang='lat' dir='ltr'>curam,</span> <span class='ocrx_word' id='word_1_546' title='bbox 1659 2889 1749 2920; x_wconf 82' lang='lat' dir='ltr'>quae</span> <span class='ocrx_word' id='word_1_547' title='bbox 1774 2889 1867 2911; x_wconf 81' lang='lat' dir='ltr'>nunc</span> 
     </span>
     <span class='ocr_line' id='line_1_97' title="bbox 1066 2924 1865 2969; baseline -0.003 -10"><span class='ocrx_word' id='word_1_548' title='bbox 1066 2932 1100 2960; x_wconf 81' lang='lat' dir='ltr'>te</span> <span class='ocrx_word' id='word_1_549' title='bbox 1119 2926 1234 2969; x_wconf 79' lang='lat' dir='ltr'>coquit</span> <span class='ocrx_word' id='word_1_550' title='bbox 1253 2931 1283 2958; x_wconf 78' lang='lat' dir='ltr'>ct</span> <span class='ocrx_word' id='word_1_551' title='bbox 1310 2930 1424 2958; x_wconf 81' lang='lat' dir='ltr'>versat</span> <span class='ocrx_word' id='word_1_552' title='bbox 1449 2925 1510 2957; x_wconf 79' lang='lat' dir='ltr'>sub</span> <span class='ocrx_word' id='word_1_553' title='bbox 1521 2924 1760 2967; x_wconf 75' lang='lat' dir='ltr'>pectorefixa.</span> <span class='ocrx_word' id='word_1_554' title='bbox 1808 2927 1865 2958; x_wconf 87' lang='lat' dir='ltr'>Sil.</span> 
     </span>
     <span class='ocr_line' id='line_1_98' title="bbox 1069 2969 1867 3013; baseline 0 -10"><span class='ocrx_word' id='word_1_555' title='bbox 1069 2974 1126 3011; x_wconf 76' lang='lat'>14,</span> <span class='ocrx_word' id='word_1_556' title='bbox 1158 2973 1223 3003; x_wconf 78' lang='lat'>104</span> <span class='ocrx_word' id='word_1_557' title='bbox 1256 2982 1341 3013; x_wconf 80' lang='lat' dir='ltr'>quos</span> <span class='ocrx_word' id='word_1_558' title='bbox 1371 2971 1426 3003; x_wconf 85' lang='lat' dir='ltr'>ira</span> <span class='ocrx_word' id='word_1_559' title='bbox 1462 2974 1640 3011; x_wconf 77' lang='lat' dir='ltr'>metusque</span> <span class='ocrx_word' id='word_1_560' title='bbox 1662 2969 1867 3011; x_wconf 78' lang='lat' dir='ltr'>coquebant.</span> 
     </span>
     <span class='ocr_line' id='line_1_99' title="bbox 1068 3017 1865 3058; baseline -0.005 -8"><span class='ocrx_word' id='word_1_561' title='bbox 1068 3021 1144 3051; x_wconf 83' lang='lat' dir='ltr'>Alia</span> <span class='ocrx_word' id='word_1_562' title='bbox 1174 3025 1224 3049; x_wconf 83' lang='lat' dir='ltr'>est</span> <span class='ocrx_word' id='word_1_563' title='bbox 1257 3020 1352 3049; x_wconf 85' lang='lat' dir='ltr'>dictio</span> <span class='ocrx_word' id='word_1_564' title='bbox 1384 3017 1474 3049; x_wconf 84' lang='lat' dir='ltr'>iram</span> <span class='ocrx_word' id='word_1_565' title='bbox 1501 3024 1645 3057; x_wconf 82' lang='lat' dir='ltr'>coquere</span> <span class='ocrx_word' id='word_1_566' title='bbox 1677 3022 1708 3046; x_wconf 86' lang='lat' dir='ltr'>ut</span> <span class='ocrx_word' id='word_1_567' title='bbox 1739 3018 1797 3047; x_wconf 88' lang='lat' dir='ltr'>Sil.</span> <span class='ocrx_word' id='word_1_568' title='bbox 1831 3017 1865 3058; x_wconf 82' lang='lat'>2,</span> 
     </span>
    </p>
   </div>
   <div class='ocr_carea' id='block_1_22' title="bbox 1974 0 2023 3350">
    <p class='ocr_par' dir='ltr' id='par_1_34' title="bbox 1974 0 2023 3350">
     <span class='ocr_line' id='line_1_100' title="bbox 1974 0 2023 3350; baseline 0 0"><span class='ocrx_word' id='word_1_569' title='bbox 1974 0 2023 3350; x_wconf 95' lang='lat' dir='ltr'> </span> 
     </span>
    </p>
   </div>
  </div>
 </body>
</html>
