<?xml version="1.0" encoding="UTF-8"?>
<!DOCTYPE html PUBLIC "-//W3C//DTD XHTML 1.0 Transitional//EN"
    "http://www.w3.org/TR/xhtml1/DTD/xhtml1-transitional.dtd">
<html xmlns="http://www.w3.org/1999/xhtml" xml:lang="en" lang="en">
 <head>
  <title>
</title>
<meta http-equiv="Content-Type" content="text/html;charset=utf-8" />
  <meta name='ocr-system' content='tesseract 3.04.00' />
  <meta name='ocr-capabilities' content='ocr_page ocr_carea ocr_par ocr_line ocrx_word'/>
</head>
<body>
  <div class='ocr_page' id='page_1' title='image "aeneisvi00virguoft_0034.png"; bbox 0 0 2044 3329; ppageno 0'>
   <div class='ocr_carea' id='block_1_1' title="bbox 324 110 1368 151">
    <p class='ocr_par' dir='ltr' id='par_1_1' title="bbox 324 110 1368 151">
     <span class='ocr_line' id='line_1_1' title="bbox 324 110 1368 151; baseline 0.005 -12"><span class='ocrx_word' id='word_1_1' title='bbox 324 116 349 151; x_wconf 57' lang='grc'>8</span> <span class='ocrx_word' id='word_1_2' title='bbox 879 112 915 142; x_wconf 84' lang='lat' dir='ltr'>P.</span> <span class='ocrx_word' id='word_1_3' title='bbox 944 110 1135 143; x_wconf 70' lang='lat' dir='ltr'>vinoun</span> <span class='ocrx_word' id='word_1_4' title='bbox 1160 110 1368 145; x_wconf 67' lang='lat' dir='ltr'>MARoms</span> 
     </span>
    </p>
   </div>
   <div class='ocr_carea' id='block_1_2' title="bbox 325 220 1471 275">
    <p class='ocr_par' dir='ltr' id='par_1_2' title="bbox 325 220 1471 275">
     <span class='ocr_line' id='line_1_2' title="bbox 325 220 1471 275; baseline 0 -11"><span class='ocrx_word' id='word_1_5' title='bbox 325 223 572 271; x_wconf 79' lang='lat' dir='ltr'>Praeterea,</span> <span class='ocrx_word' id='word_1_6' title='bbox 601 226 675 264; x_wconf 82' lang='lat' dir='ltr'>ant</span> <span class='ocrx_word' id='word_1_7' title='bbox 703 221 881 275; x_wconf 82' lang='lat' dir='ltr'>supplex</span> <span class='ocrx_word' id='word_1_8' title='bbox 909 220 994 262; x_wconf 80' lang='lat' dir='ltr'>aris</span> <span class='ocrx_word' id='word_1_9' title='bbox 1024 221 1212 275; x_wconf 83' lang='lat' dir='ltr'>imponet</span> <span class='ocrx_word' id='word_1_10' title='bbox 1239 223 1471 264; x_wconf 76' lang='lat' dir='ltr'>honorem?</span> 
     </span>
    </p>
   </div>
   <div class='ocr_carea' id='block_1_3' title="bbox 324 277 1583 435">
    <p class='ocr_par' dir='ltr' id='par_1_3' title="bbox 324 277 1583 435">
     <span class='ocr_line' id='line_1_3' title="bbox 437 277 1445 321; baseline 0.001 -1"><span class='ocrx_word' id='word_1_11' title='bbox 437 279 557 321; x_wconf 82' lang='lat' dir='ltr'>Talia</span> <span class='ocrx_word' id='word_1_12' title='bbox 581 279 795 321; x_wconf 70' lang='lat' dir='ltr'>flammato</span> <span class='ocrx_word' id='word_1_13' title='bbox 820 291 960 318; x_wconf 89' lang='lat' dir='ltr'>secum</span> <span class='ocrx_word' id='word_1_14' title='bbox 990 277 1070 318; x_wconf 80' lang='lat' dir='ltr'>dea</span> <span class='ocrx_word' id='word_1_15' title='bbox 1097 278 1227 321; x_wconf 84' lang='lat' dir='ltr'>corde</span> <span class='ocrx_word' id='word_1_16' title='bbox 1250 281 1445 321; x_wconf 82' lang='lat' dir='ltr'>volutans</span> 
     </span>
     <span class='ocr_line' id='line_1_4' title="bbox 324 334 1583 390; baseline 0.001 -13"><span class='ocrx_word' id='word_1_17' title='bbox 324 336 573 377; x_wconf 81' lang='lat' dir='ltr'>Nimborum</span> <span class='ocrx_word' id='word_1_18' title='bbox 602 337 644 377; x_wconf 90' lang='lat' dir='ltr'>in</span> <span class='ocrx_word' id='word_1_19' title='bbox 668 336 871 390; x_wconf 78' lang='lat' dir='ltr'>patriam,</span> <span class='ocrx_word' id='word_1_20' title='bbox 897 334 993 375; x_wconf 80' lang='lat' dir='ltr'>loca</span> <span class='ocrx_word' id='word_1_21' title='bbox 1022 334 1112 376; x_wconf 80' lang='lat' dir='ltr'>feta</span> <span class='ocrx_word' id='word_1_22' title='bbox 1146 335 1384 378; x_wconf 85' lang='lat' dir='ltr'>furentibus</span> <span class='ocrx_word' id='word_1_23' title='bbox 1415 337 1583 388; x_wconf 78' lang='lat' dir='ltr'>austris,</span> 
     </span>
     <span class='ocr_line' id='line_1_5' title="bbox 722 392 1380 435; baseline 0.005 -3"><span class='ocrx_word' id='word_1_24' title='bbox 722 392 801 432; x_wconf 86' lang='lat' dir='ltr'>llic</span> <span class='ocrx_word' id='word_1_25' title='bbox 828 395 948 432; x_wconf 79' lang='lat' dir='ltr'>vasto</span> <span class='ocrx_word' id='word_1_26' title='bbox 975 404 1048 432; x_wconf 84' lang='lat' dir='ltr'>rex</span> <span class='ocrx_word' id='word_1_27' title='bbox 1073 392 1226 433; x_wconf 84' lang='lat' dir='ltr'>Aeolus</span> <span class='ocrx_word' id='word_1_28' title='bbox 1256 397 1380 435; x_wconf 82' lang='lat' dir='ltr'>antro</span> 
     </span>
    </p>
   </div>
   <div class='ocr_carea' id='block_1_4' title="bbox 324 393 662 434">
    <p class='ocr_par' dir='ltr' id='par_1_4' title="bbox 324 393 662 434">
     <span class='ocr_line' id='line_1_6' title="bbox 324 393 662 434; baseline -0.006 0"><span class='ocrx_word' id='word_1_29' title='bbox 324 393 516 434; x_wconf 78' lang='lat' dir='ltr'>Aeoliam</span> <span class='ocrx_word' id='word_1_30' title='bbox 539 393 662 434; x_wconf 77' lang='lat' dir='ltr'>venit.</span> 
     </span>
    </p>
   </div>
   <div class='ocr_carea' id='block_1_5' title="bbox 1888 282 1940 321">
    <p class='ocr_par' dir='ltr' id='par_1_5' title="bbox 1888 282 1940 321">
     <span class='ocr_line' id='line_1_7' title="bbox 1888 282 1940 321; baseline 0.019 -1"><span class='ocrx_word' id='word_1_31' title='bbox 1888 282 1940 321; x_wconf 88' lang='grc'>50</span> 
     </span>
    </p>
   </div>
   <div class='ocr_carea' id='block_1_6' title="bbox 325 451 1365 560">
    <p class='ocr_par' dir='ltr' id='par_1_6' title="bbox 325 451 1365 560">
     <span class='ocr_line' id='line_1_8' title="bbox 327 451 1320 501; baseline 0.002 -11"><span class='ocrx_word' id='word_1_32' title='bbox 327 451 557 491; x_wconf 85' lang='lat' dir='ltr'>Lnetantes</span> <span class='ocrx_word' id='word_1_33' title='bbox 583 452 728 490; x_wconf 80' lang='lat' dir='ltr'>ventos</span> <span class='ocrx_word' id='word_1_34' title='bbox 755 451 1115 501; x_wconf 79' lang='lat' dir='ltr'>tempestatesque</span> <span class='ocrx_word' id='word_1_35' title='bbox 1143 463 1320 492; x_wconf 85' lang='lat' dir='ltr'>sonoras</span> 
     </span>
     <span class='ocr_line' id='line_1_9' title="bbox 325 504 1365 560; baseline 0.002 -14"><span class='ocrx_word' id='word_1_36' title='bbox 325 507 508 560; x_wconf 88' lang='lat' dir='ltr'>Imperio</span> <span class='ocrx_word' id='word_1_37' title='bbox 534 506 689 559; x_wconf 84' lang='lat' dir='ltr'>premit</span> <span class='ocrx_word' id='word_1_38' title='bbox 711 519 761 546; x_wconf 87' lang='lat' dir='ltr'>ac</span> <span class='ocrx_word' id='word_1_39' title='bbox 784 504 932 545; x_wconf 82' lang='lat' dir='ltr'>vinclis</span> <span class='ocrx_word' id='word_1_40' title='bbox 956 508 998 545; x_wconf 79' lang='lat' dir='ltr'>et</span> <span class='ocrx_word' id='word_1_41' title='bbox 1023 519 1190 547; x_wconf 81' lang='lat' dir='ltr'>earcere</span> <span class='ocrx_word' id='word_1_42' title='bbox 1216 506 1365 548; x_wconf 82' lang='lat' dir='ltr'>frenat.</span> 
     </span>
    </p>
   </div>
   <div class='ocr_carea' id='block_1_7' title="bbox 325 563 1412 616">
    <p class='ocr_par' dir='ltr' id='par_1_7' title="bbox 325 563 1412 616">
     <span class='ocr_line' id='line_1_10' title="bbox 325 563 1412 616; baseline -0.001 -12"><span class='ocrx_word' id='word_1_43' title='bbox 325 564 393 604; x_wconf 87' lang='lat' dir='ltr'>Illi</span> <span class='ocrx_word' id='word_1_44' title='bbox 418 563 687 616; x_wconf 73' lang='lat' dir='ltr'>indignantes</span> <span class='ocrx_word' id='word_1_45' title='bbox 714 575 867 614; x_wconf 82' lang='lat' dir='ltr'>magno</span> <span class='ocrx_word' id='word_1_46' title='bbox 897 575 991 602; x_wconf 86' lang='lat' dir='ltr'>cum</span> <span class='ocrx_word' id='word_1_47' title='bbox 1016 575 1229 604; x_wconf 85' lang='lat' dir='ltr'>murmure</span> <span class='ocrx_word' id='word_1_48' title='bbox 1258 563 1412 605; x_wconf 88' lang='lat' dir='ltr'>montis</span> 
     </span>
    </p>
   </div>
   <div class='ocr_carea' id='block_1_8' title="bbox 1889 565 1940 603">
    <p class='ocr_par' dir='ltr' id='par_1_8' title="bbox 1889 565 1940 603">
     <span class='ocr_line' id='line_1_11' title="bbox 1889 565 1940 603; baseline 0 0"><span class='ocrx_word' id='word_1_49' title='bbox 1889 565 1940 603; x_wconf 84' lang='lat'>55</span> 
     </span>
    </p>
   </div>
   <div class='ocr_carea' id='block_1_9' title="bbox 324 618 1573 844">
    <p class='ocr_par' dir='ltr' id='par_1_9' title="bbox 324 618 1573 844">
     <span class='ocr_line' id='line_1_12' title="bbox 327 618 1541 670; baseline -0.001 -9"><span class='ocrx_word' id='word_1_50' title='bbox 327 621 495 661; x_wconf 82' lang='lat' dir='ltr'>Circum</span> <span class='ocrx_word' id='word_1_51' title='bbox 522 619 709 660; x_wconf 82' lang='lat' dir='ltr'>claustra</span> <span class='ocrx_word' id='word_1_52' title='bbox 736 618 939 670; x_wconf 85' lang='lat' dir='ltr'>fremunt;</span> <span class='ocrx_word' id='word_1_53' title='bbox 968 619 1082 660; x_wconf 86' lang='lat' dir='ltr'>celsa</span> <span class='ocrx_word' id='word_1_54' title='bbox 1111 620 1228 661; x_wconf 85' lang='lat' dir='ltr'>sedet</span> <span class='ocrx_word' id='word_1_55' title='bbox 1257 620 1414 662; x_wconf 83' lang='lat' dir='ltr'>Aeolus</span> <span class='ocrx_word' id='word_1_56' title='bbox 1443 632 1541 660; x_wconf 83' lang='lat' dir='ltr'>arce</span> 
     </span>
     <span class='ocr_line' id='line_1_13' title="bbox 326 675 1573 730; baseline 0.001 -13"><span class='ocrx_word' id='word_1_57' title='bbox 326 676 504 730; x_wconf 77' lang='lat' dir='ltr'>Sceptra</span> <span class='ocrx_word' id='word_1_58' title='bbox 533 680 680 717; x_wconf 87' lang='lat' dir='ltr'>tenens</span> <span class='ocrx_word' id='word_1_59' title='bbox 708 675 929 729; x_wconf 83' lang='lat' dir='ltr'>mollitque</span> <span class='ocrx_word' id='word_1_60' title='bbox 957 676 1120 717; x_wconf 83' lang='lat' dir='ltr'>animos</span> <span class='ocrx_word' id='word_1_61' title='bbox 1149 680 1191 717; x_wconf 84' lang='lat' dir='ltr'>et</span> <span class='ocrx_word' id='word_1_62' title='bbox 1217 680 1426 730; x_wconf 82' lang='lat' dir='ltr'>temperat</span> <span class='ocrx_word' id='word_1_63' title='bbox 1452 677 1573 728; x_wconf 82' lang='lat' dir='ltr'>i1·as;‚</span> 
     </span>
     <span class='ocr_line' id='line_1_14' title="bbox 324 732 1537 787; baseline 0 -13"><span class='ocrx_word' id='word_1_64' title='bbox 324 733 377 774; x_wconf 78' lang='lat' dir='ltr'>Ni</span> <span class='ocrx_word' id='word_1_65' title='bbox 408 732 560 783; x_wconf 85' lang='lat' dir='ltr'>faciat,</span> <span class='ocrx_word' id='word_1_66' title='bbox 589 733 725 774; x_wconf 83' lang='lat' dir='ltr'>maria</span> <span class='ocrx_word' id='word_1_67' title='bbox 756 745 806 774; x_wconf 86' lang='lat' dir='ltr'>ac</span> <span class='ocrx_word' id='word_1_68' title='bbox 839 736 977 774; x_wconf 80' lang='lat' dir='ltr'>terras</span> <span class='ocrx_word' id='word_1_69' title='bbox 1006 733 1253 786; x_wconf 83' lang='lat' dir='ltr'>caelumque</span> <span class='ocrx_word' id='word_1_70' title='bbox 1282 732 1537 787; x_wconf 82' lang='lat' dir='ltr'>profundum</span> 
     </span>
     <span class='ocr_line' id='line_1_15' title="bbox 325 788 1523 844; baseline 0.002 -15"><span class='ocrx_word' id='word_1_71' title='bbox 325 789 489 843; x_wconf 84' lang='lat' dir='ltr'>Quippe</span> <span class='ocrx_word' id='word_1_72' title='bbox 514 788 653 831; x_wconf 79' lang='lat' dir='ltr'>ferant</span> <span class='ocrx_word' id='word_1_73' title='bbox 676 789 816 844; x_wconf 83' lang='lat' dir='ltr'>rapidi</span> <span class='ocrx_word' id='word_1_74' title='bbox 840 803 980 831; x_wconf 89' lang='lat' dir='ltr'>seeum</span> <span class='ocrx_word' id='word_1_75' title='bbox 1004 793 1257 843; x_wconf 79' lang='lat' dir='ltr'>verrantque</span> <span class='ocrx_word' id='word_1_76' title='bbox 1283 804 1358 844; x_wconf 84' lang='lat' dir='ltr'>per</span> <span class='ocrx_word' id='word_1_77' title='bbox 1384 803 1523 831; x_wconf 82' lang='lat' dir='ltr'>auras.</span> 
     </span>
    </p>
   </div>
   <div class='ocr_carea' id='block_1_10' title="bbox 327 846 1420 901">
    <p class='ocr_par' dir='ltr' id='par_1_10' title="bbox 327 846 1420 901">
     <span class='ocr_line' id='line_1_16' title="bbox 327 846 1420 901; baseline 0.002 -15"><span class='ocrx_word' id='word_1_78' title='bbox 327 846 410 887; x_wconf 84' lang='lat' dir='ltr'>Sed</span> <span class='ocrx_word' id='word_1_79' title='bbox 438 850 562 900; x_wconf 85' lang='lat' dir='ltr'>pater</span> <span class='ocrx_word' id='word_1_80' title='bbox 588 848 851 901; x_wconf 86' lang='lat' dir='ltr'>omnipotens</span> <span class='ocrx_word' id='word_1_81' title='bbox 876 847 1086 901; x_wconf 83' lang='lat' dir='ltr'>speluncis</span> <span class='ocrx_word' id='word_1_82' title='bbox 1112 847 1278 888; x_wconf 79' lang='lat' dir='ltr'>abdidit</span> <span class='ocrx_word' id='word_1_83' title='bbox 1304 847 1420 896; x_wconf 76' lang='lat' dir='ltr'>atris,</span> 
     </span>
    </p>
   </div>
   <div class='ocr_carea' id='block_1_11' title="bbox 1891 847 1944 887">
    <p class='ocr_par' dir='ltr' id='par_1_11' title="bbox 1891 847 1944 887">
     <span class='ocr_line' id='line_1_17' title="bbox 1891 847 1944 887; baseline 0.019 -1"><span class='ocrx_word' id='word_1_84' title='bbox 1891 847 1944 887; x_wconf 89' lang='grc'>60</span> 
     </span>
    </p>
   </div>
   <div class='ocr_carea' id='block_1_12' title="bbox 325 903 1491 959">
    <p class='ocr_par' dir='ltr' id='par_1_12' title="bbox 325 903 1491 959">
     <span class='ocr_line' id='line_1_18' title="bbox 325 903 1491 959; baseline -0.001 -15"><span class='ocrx_word' id='word_1_85' title='bbox 325 903 417 945; x_wconf 83' lang='grc' dir='ltr'>Ηοο</span> <span class='ocrx_word' id='word_1_86' title='bbox 438 907 643 956; x_wconf 84' lang='lat' dir='ltr'>metuens,</span> <span class='ocrx_word' id='word_1_87' title='bbox 670 904 906 959; x_wconf 89' lang='lat' dir='ltr'>molemque</span> <span class='ocrx_word' id='word_1_88' title='bbox 931 908 972 946; x_wconf 80' lang='lat' dir='ltr'>et</span> <span class='ocrx_word' id='word_1_89' title='bbox 994 908 1158 946; x_wconf 83' lang='lat' dir='ltr'>montes</span> <span class='ocrx_word' id='word_1_90' title='bbox 1181 905 1353 959; x_wconf 84' lang='lat' dir='ltr'>insuper</span> <span class='ocrx_word' id='word_1_91' title='bbox 1381 904 1491 945; x_wconf 81' lang='lat' dir='ltr'>altos</span> 
     </span>
    </p>
   </div>
   <div class='ocr_carea' id='block_1_13' title="bbox 319 1017 1117 1604">
    <p class='ocr_par' dir='ltr' id='par_1_13' title="bbox 325 1017 1113 1107">
     <span class='ocr_line' id='line_1_19' title="bbox 325 1017 1113 1060; baseline 0.003 -12"><span class='ocrx_word' id='word_1_92' title='bbox 325 1017 420 1058; x_wconf 74' lang='lat' dir='ltr'>leges</span> <span class='ocrx_word' id='word_1_93' title='bbox 445 1017 574 1050; x_wconf 78' lang='lat' dir='ltr'>audet</span> <span class='ocrx_word' id='word_1_94' title='bbox 599 1018 660 1050; x_wconf 82' lang='lat' dir='ltr'>libi</span> <span class='ocrx_word' id='word_1_95' title='bbox 683 1017 795 1050; x_wconf 82' lang='lat' dir='ltr'>dicere</span> <span class='ocrx_word' id='word_1_96' title='bbox 810 1018 935 1060; x_wconf 82' lang='lat' dir='ltr'>flendi,</span> <span class='ocrx_word' id='word_1_97' title='bbox 963 1023 993 1051; x_wconf 82' lang='lat' dir='ltr'>et</span> <span class='ocrx_word' id='word_1_98' title='bbox 1019 1019 1113 1060; x_wconf 85' lang='lat' dir='ltr'>quis-</span> 
     </span>
     <span class='ocr_line' id='line_1_20' title="bbox 326 1062 1036 1107; baseline 0.003 -14"><span class='ocrx_word' id='word_1_99' title='bbox 326 1073 426 1104; x_wconf 82' lang='lat' dir='ltr'>quam</span> <span class='ocrx_word' id='word_1_100' title='bbox 455 1062 617 1095; x_wconf 76' lang='lat' dir='ltr'>lacrimas</span> <span class='ocrx_word' id='word_1_101' title='bbox 639 1068 840 1107; x_wconf 81' lang='lat' dir='ltr'>temperet</span> <span class='ocrx_word' id='word_1_102' title='bbox 866 1074 923 1096; x_wconf 87' lang='lat' dir='ltr'>ore</span> <span class='ocrx_word' id='word_1_103' title='bbox 947 1069 1036 1096; x_wconf 76' lang='lat' dir='ltr'>tuas.</span> 
     </span>
    </p>

    <p class='ocr_par' dir='ltr' id='par_1_14' title="bbox 319 1107 1117 1604">
     <span class='ocr_line' id='line_1_21' title="bbox 370 1107 1114 1150; baseline 0.003 -12"><span class='ocrx_word' id='word_1_104' title='bbox 370 1109 422 1138; x_wconf 79' lang='lat'>49.</span> <span class='ocrx_word' id='word_1_105' title='bbox 455 1107 637 1140; x_wconf 80' lang='lat' dir='ltr'>Praeterea</span> <span class='ocrx_word' id='word_1_106' title='bbox 671 1116 702 1140; x_wconf 88' lang='lat' dir='ltr'>ut</span> <span class='ocrx_word' id='word_1_107' title='bbox 736 1118 883 1141; x_wconf 86' lang='lat' dir='ltr'>nostrum</span> <span class='ocrx_word' id='word_1_108' title='bbox 919 1109 1114 1150; x_wconf 84' lang='lat' dir='ltr'>ausserdem</span> 
     </span>
     <span class='ocr_line' id='line_1_22' title="bbox 326 1154 1115 1196; baseline 0.004 -13"><span class='ocrx_word' id='word_1_109' title='bbox 326 1156 364 1183; x_wconf 87' lang='lat' dir='ltr'>de</span> <span class='ocrx_word' id='word_1_110' title='bbox 401 1161 545 1190; x_wconf 87' lang='lat' dir='ltr'>tempore</span> <span class='ocrx_word' id='word_1_111' title='bbox 590 1161 780 1191; x_wconf 84' lang='lat' dir='ltr'>usurpatum</span> <span class='ocrx_word' id='word_1_112' title='bbox 826 1154 969 1196; x_wconf 79' lang='lat' dir='ltr'>posthac</span> <span class='ocrx_word' id='word_1_113' title='bbox 1014 1158 1115 1192; x_wconf 86' lang='lat' dir='ltr'>signi-</span> 
     </span>
     <span class='ocr_line' id='line_1_23' title="bbox 326 1199 1048 1242; baseline 0.003 -14"><span class='ocrx_word' id='word_1_114' title='bbox 326 1200 416 1235; x_wconf 80' lang='lat' dir='ltr'>ficat3</span> <span class='ocrx_word' id='word_1_115' title='bbox 449 1201 496 1229; x_wconf 88' lang='lat' dir='ltr'>sic</span> <span class='ocrx_word' id='word_1_116' title='bbox 522 1204 558 1230; x_wconf 85' lang='lat' dir='ltr'>G.</span> <span class='ocrx_word' id='word_1_117' title='bbox 586 1200 624 1237; x_wconf 72' lang='lat'>4,</span> <span class='ocrx_word' id='word_1_118' title='bbox 655 1201 792 1230; x_wconf 79' lang='lat'>500-2.</span> <span class='ocrx_word' id='word_1_119' title='bbox 820 1211 928 1242; x_wconf 80' lang='lat' dir='ltr'>neque</span> <span class='ocrx_word' id='word_1_120' title='bbox 953 1199 1048 1230; x_wconf 84' lang='lat' dir='ltr'>illum</span> 
     </span>
     <span class='ocr_line' id='line_1_24' title="bbox 323 1244 1114 1284; baseline 0.005 -12"><span class='ocrx_word' id='word_1_121' title='bbox 323 1248 505 1284; x_wconf 71' lang='lat' dir='ltr'>praeterea</span> <span class='ocrx_word' id='word_1_122' title='bbox 532 1244 629 1276; x_wconf 79' lang='lat' dir='ltr'>vidit.</span> <span class='ocrx_word' id='word_1_123' title='bbox 655 1262 699 1267; x_wconf 93' lang='lat'>-—-</span> <span class='ocrx_word' id='word_1_124' title='bbox 725 1244 844 1276; x_wconf 87' lang='lat' dir='ltr'>Honor</span> <span class='ocrx_word' id='word_1_125' title='bbox 869 1248 982 1276; x_wconf 87' lang='lat' dir='ltr'>dicitur</span> <span class='ocrx_word' id='word_1_126' title='bbox 1008 1250 1114 1283; x_wconf 87' lang='lat' dir='ltr'>poetis</span> 
     </span>
     <span class='ocr_line' id='line_1_25' title="bbox 326 1291 1114 1327; baseline 0.004 -9"><span class='ocrx_word' id='word_1_127' title='bbox 326 1291 529 1327; x_wconf 83' lang='lat' dir='ltr'>sacrificium,</span> <span class='ocrx_word' id='word_1_128' title='bbox 555 1297 587 1320; x_wconf 85' lang='lat' dir='ltr'>ut</span> <span class='ocrx_word' id='word_1_129' title='bbox 609 1292 744 1321; x_wconf 81' lang='lat' dir='ltr'>honoris</span> <span class='ocrx_word' id='word_1_130' title='bbox 768 1300 862 1327; x_wconf 83' lang='lat' dir='ltr'>quem</span> <span class='ocrx_word' id='word_1_131' title='bbox 883 1293 944 1321; x_wconf 89' lang='lat' dir='ltr'>diis</span> <span class='ocrx_word' id='word_1_132' title='bbox 967 1294 1114 1322; x_wconf 79' lang='lat' dir='ltr'>homines</span> 
     </span>
     <span class='ocr_line' id='line_1_26' title="bbox 326 1337 1113 1374; baseline 0.004 -11"><span class='ocrx_word' id='word_1_133' title='bbox 326 1338 467 1364; x_wconf 83' lang='lat' dir='ltr'>habeant</span> <span class='ocrx_word' id='word_1_134' title='bbox 497 1337 625 1371; x_wconf 84' lang='lat' dir='ltr'>signum</span> <span class='ocrx_word' id='word_1_135' title='bbox 667 1338 707 1366; x_wconf 82' lang='lat' dir='ltr'>cf.</span> <span class='ocrx_word' id='word_1_136' title='bbox 742 1337 779 1374; x_wconf 88' lang='lat'>3,</span> <span class='ocrx_word' id='word_1_137' title='bbox 814 1337 888 1366; x_wconf 81' lang='lat'>118.</span> <span class='ocrx_word' id='word_1_138' title='bbox 928 1338 998 1367; x_wconf 83' lang='grc'>178.</span> <span class='ocrx_word' id='word_1_139' title='bbox 1037 1337 1113 1366; x_wconf 74' lang='lat'>264.</span> 
     </span>
     <span class='ocr_line' id='line_1_27' title="bbox 327 1380 1116 1420; baseline 0.004 -11"><span class='ocrx_word' id='word_1_140' title='bbox 327 1382 383 1409; x_wconf 80' lang='lat' dir='ltr'>sil.</span> <span class='ocrx_word' id='word_1_141' title='bbox 405 1382 436 1416; x_wconf 74' lang='grc'>1-1,</span> <span class='ocrx_word' id='word_1_142' title='bbox 461 1380 536 1410; x_wconf 71' lang='lat'>243.</span> <span class='ocrx_word' id='word_1_143' title='bbox 585 1384 634 1411; x_wconf 91' lang='lat' dir='ltr'>Ita</span> <span class='ocrx_word' id='word_1_144' title='bbox 656 1380 812 1412; x_wconf 83' lang='lat' dir='ltr'>honorem</span> <span class='ocrx_word' id='word_1_145' title='bbox 834 1382 928 1420; x_wconf 86' lang='lat' dir='ltr'>ferre</span> <span class='ocrx_word' id='word_1_146' title='bbox 944 1390 994 1412; x_wconf 85' lang='lat' dir='ltr'>est</span> <span class='ocrx_word' id='word_1_147' title='bbox 1016 1392 1116 1412; x_wconf 74' lang='lat' dir='ltr'>sacra</span> 
     </span>
     <span class='ocr_line' id='line_1_28' title="bbox 319 1424 1115 1464; baseline 0.003 -10"><span class='ocrx_word' id='word_1_148' title='bbox 319 1424 418 1464; x_wconf 81' lang='lat' dir='ltr'>serre</span> <span class='ocrx_word' id='word_1_149' title='bbox 441 1426 472 1462; x_wconf 73' lang='lat'>8,</span> <span class='ocrx_word' id='word_1_150' title='bbox 502 1426 562 1455; x_wconf 80' lang='lat'>102</span> <span class='ocrx_word' id='word_1_151' title='bbox 589 1428 629 1456; x_wconf 86' lang='lat' dir='ltr'>cf.</span> <span class='ocrx_word' id='word_1_152' title='bbox 655 1425 795 1457; x_wconf 77' lang='lat' dir='ltr'>adolere</span> <span class='ocrx_word' id='word_1_153' title='bbox 818 1425 961 1457; x_wconf 84' lang='lat' dir='ltr'>honores</span> <span class='ocrx_word' id='word_1_154' title='bbox 984 1427 1016 1464; x_wconf 82' lang='lat'>3,</span> <span class='ocrx_word' id='word_1_155' title='bbox 1040 1427 1115 1457; x_wconf 75' lang='lat'>547.</span> 
     </span>
     <span class='ocr_line' id='line_1_29' title="bbox 327 1474 1116 1509; baseline 0.001 -9"><span class='ocrx_word' id='word_1_156' title='bbox 327 1488 370 1492; x_wconf 87' lang='lat'><strong>—</strong></span> <span class='ocrx_word' id='word_1_157' title='bbox 400 1474 480 1501; x_wconf 88' lang='lat' dir='ltr'>Iuno</span> <span class='ocrx_word' id='word_1_158' title='bbox 507 1476 648 1508; x_wconf 84' lang='lat' dir='ltr'>superba</span> <span class='ocrx_word' id='word_1_159' title='bbox 672 1474 781 1502; x_wconf 75' lang='lat' dir='ltr'>verbis</span> <span class='ocrx_word' id='word_1_160' title='bbox 809 1474 905 1502; x_wconf 85' lang='lat' dir='ltr'>utitur</span> <span class='ocrx_word' id='word_1_161' title='bbox 931 1474 982 1502; x_wconf 88' lang='lat' dir='ltr'>ius</span> <span class='ocrx_word' id='word_1_162' title='bbox 1009 1481 1116 1509; x_wconf 87' lang='lat' dir='ltr'>suum,</span> 
     </span>
     <span class='ocr_line' id='line_1_30' title="bbox 327 1518 1115 1555; baseline 0.003 -10"><span class='ocrx_word' id='word_1_163' title='bbox 327 1518 412 1552; x_wconf 84' lang='grc'>(111011</span> <span class='ocrx_word' id='word_1_164' title='bbox 438 1519 469 1546; x_wconf 89' lang='grc'>111</span> <span class='ocrx_word' id='word_1_165' title='bbox 492 1519 640 1548; x_wconf 83' lang='lat' dir='ltr'>homines</span> <span class='ocrx_word' id='word_1_166' title='bbox 665 1525 815 1555; x_wconf 84' lang='lat' dir='ltr'>exercet,</span> <span class='ocrx_word' id='word_1_167' title='bbox 842 1519 1115 1554; x_wconf 69' lang='lat' dir='ltr'>significantibus:</span> 
     </span>
     <span class='ocr_line' id='line_1_31' title="bbox 328 1561 1117 1604; baseline 0.003 -14"><span class='ocrx_word' id='word_1_168' title='bbox 328 1561 496 1600; x_wconf 71' lang='lat' dir='ltr'>adorare,</span> <span class='ocrx_word' id='word_1_169' title='bbox 527 1562 689 1604; x_wconf 70' lang='lat' dir='ltr'>supplex,</span> <span class='ocrx_word' id='word_1_170' title='bbox 726 1561 842 1593; x_wconf 84' lang='lat' dir='ltr'>honor.</span> <span class='ocrx_word' id='word_1_171' title='bbox 893 1565 1018 1593; x_wconf 85' lang='lat' dir='ltr'>Simile:</span> <span class='ocrx_word' id='word_1_172' title='bbox 1072 1562 1117 1593; x_wconf 73' lang='lat' dir='ltr'>Et</span> 
     </span>
    </p>
   </div>
   <div class='ocr_carea' id='block_1_14' title="bbox 327 1605 1117 1691">
    <p class='ocr_par' dir='ltr' id='par_1_15' title="bbox 327 1605 1117 1691">
     <span class='ocr_line' id='line_1_32' title="bbox 327 1605 1117 1650; baseline 0.004 -15"><span class='ocrx_word' id='word_1_173' title='bbox 327 1606 510 1647; x_wconf 78' lang='lat' dir='ltr'>quisquam</span> <span class='ocrx_word' id='word_1_174' title='bbox 523 1607 585 1647; x_wconf 76' lang='lat' dir='ltr'>pia</span> <span class='ocrx_word' id='word_1_175' title='bbox 604 1612 683 1639; x_wconf 82' lang='lat' dir='ltr'>tura</span> <span class='ocrx_word' id='word_1_176' title='bbox 697 1607 790 1647; x_wconf 88' lang='lat' dir='ltr'>focis</span> <span class='ocrx_word' id='word_1_177' title='bbox 809 1607 982 1650; x_wconf 78' lang='lat' dir='ltr'>imponere</span> <span class='ocrx_word' id='word_1_178' title='bbox 998 1605 1117 1639; x_wconf 76' lang='lat' dir='ltr'>curel?</span> 
     </span>
     <span class='ocr_line' id='line_1_33' title="bbox 329 1653 695 1691; baseline 0.003 -9"><span class='ocrx_word' id='word_1_179' title='bbox 329 1655 387 1682; x_wconf 77' lang='lat' dir='ltr'>Ov.</span> <span class='ocrx_word' id='word_1_180' title='bbox 415 1655 486 1683; x_wconf 77' lang='lat' dir='ltr'>Am.</span> <span class='ocrx_word' id='word_1_181' title='bbox 512 1654 548 1690; x_wconf 87' lang='lat'>3,</span> <span class='ocrx_word' id='word_1_182' title='bbox 577 1653 615 1691; x_wconf 83' lang='lat'>3,</span> <span class='ocrx_word' id='word_1_183' title='bbox 642 1653 695 1684; x_wconf 85' lang='lat'>33.</span> 
     </span>
    </p>
   </div>
   <div class='ocr_carea' id='block_1_15' title="bbox 501 1729 946 1772">
    <p class='ocr_par' dir='ltr' id='par_1_16' title="bbox 501 1729 946 1772">
     <span class='ocr_line' id='line_1_34' title="bbox 501 1729 946 1772; baseline 0 -11"><span class='ocrx_word' id='word_1_184' title='bbox 501 1731 543 1761; x_wconf 83' lang='lat'>50</span> <span class='ocrx_word' id='word_1_185' title='bbox 554 1749 597 1754; x_wconf 92' lang='lat'><strong>—</strong></span> <span class='ocrx_word' id='word_1_186' title='bbox 608 1730 659 1762; x_wconf 75' lang='lat'>64.</span> <span class='ocrx_word' id='word_1_187' title='bbox 708 1731 813 1772; x_wconf 81' lang='lat' dir='ltr'>Regia</span> <span class='ocrx_word' id='word_1_188' title='bbox 836 1729 946 1762; x_wconf 80' lang='lat' dir='ltr'>Aeoli.</span> 
     </span>
    </p>
   </div>
   <div class='ocr_carea' id='block_1_16' title="bbox 327 1788 1120 3044">
    <p class='ocr_par' dir='ltr' id='par_1_17' title="bbox 327 1788 1118 1915">
     <span class='ocr_line' id='line_1_35' title="bbox 373 1788 1118 1825; baseline 0 -10"><span class='ocrx_word' id='word_1_189' title='bbox 373 1788 485 1816; x_wconf 84' lang='lat' dir='ltr'>Statim</span> <span class='ocrx_word' id='word_1_190' title='bbox 510 1789 678 1818; x_wconf 87' lang='lat' dir='ltr'>subiicitur</span> <span class='ocrx_word' id='word_1_191' title='bbox 701 1789 773 1824; x_wconf 83' lang='lat' dir='ltr'>quid</span> <span class='ocrx_word' id='word_1_192' title='bbox 798 1789 909 1818; x_wconf 81' lang='lat' dir='ltr'>fecerit</span> <span class='ocrx_word' id='word_1_193' title='bbox 936 1790 1029 1825; x_wconf 91' lang='lat' dir='ltr'>Iuno,</span> <span class='ocrx_word' id='word_1_194' title='bbox 1057 1795 1118 1816; x_wconf 89' lang='lat' dir='ltr'>nec</span> 
     </span>
     <span class='ocr_line' id='line_1_36' title="bbox 327 1834 1117 1869; baseline 0 -8"><span class='ocrx_word' id='word_1_195' title='bbox 327 1834 437 1862; x_wconf 86' lang='lat' dir='ltr'>multis</span> <span class='ocrx_word' id='word_1_196' title='bbox 473 1836 582 1864; x_wconf 82' lang='lat' dir='ltr'>verbis</span> <span class='ocrx_word' id='word_1_197' title='bbox 611 1841 684 1863; x_wconf 84' lang='lat' dir='ltr'>ante</span> <span class='ocrx_word' id='word_1_198' title='bbox 715 1835 786 1863; x_wconf 89' lang='lat' dir='ltr'>eius</span> <span class='ocrx_word' id='word_1_199' title='bbox 813 1835 986 1863; x_wconf 84' lang='lat' dir='ltr'>consilium</span> <span class='ocrx_word' id='word_1_200' title='bbox 1013 1841 1117 1869; x_wconf 85' lang='lat' dir='ltr'>expo-</span> 
     </span>
     <span class='ocr_line' id='line_1_37' title="bbox 328 1879 684 1915; baseline 0.006 -9"><span class='ocrx_word' id='word_1_201' title='bbox 328 1879 420 1907; x_wconf 87' lang='lat' dir='ltr'>nitur.</span> <span class='ocrx_word' id='word_1_202' title='bbox 470 1879 523 1908; x_wconf 89' lang='lat' dir='ltr'>Sic</span> <span class='ocrx_word' id='word_1_203' title='bbox 547 1879 583 1915; x_wconf 79' lang='lat'>4,</span> <span class='ocrx_word' id='word_1_204' title='bbox 607 1879 684 1908; x_wconf 79' lang='lat'>288.</span> 
     </span>
    </p>

    <p class='ocr_par' dir='ltr' id='par_1_18' title="bbox 329 1921 1119 2185">
     <span class='ocr_line' id='line_1_38' title="bbox 371 1921 1118 1962; baseline -0.001 -10"><span class='ocrx_word' id='word_1_205' title='bbox 371 1924 425 1952; x_wconf 81' lang='lat'>50.</span> <span class='ocrx_word' id='word_1_206' title='bbox 458 1921 674 1954; x_wconf 79' lang='lat' dir='ltr'>Flammacus</span> <span class='ocrx_word' id='word_1_207' title='bbox 693 1925 764 1953; x_wconf 86' lang='lat' dir='ltr'>dicit</span> <span class='ocrx_word' id='word_1_208' title='bbox 780 1926 852 1959; x_wconf 72' lang='lat' dir='ltr'>Vgl.</span> <span class='ocrx_word' id='word_1_209' title='bbox 876 1926 905 1953; x_wconf 88' lang='grc'>11.</span> <span class='ocrx_word' id='word_1_210' title='bbox 926 1925 947 1952; x_wconf 91' lang='lat' dir='ltr'>l.</span> <span class='ocrx_word' id='word_1_211' title='bbox 969 1921 1118 1962; x_wconf 88' lang='lat' dir='ltr'>etflam—</span> 
     </span>
     <span class='ocr_line' id='line_1_39' title="bbox 329 1967 1116 2007; baseline -0.001 -11"><span class='ocrx_word' id='word_1_212' title='bbox 329 1967 463 1997; x_wconf 77' lang='lat' dir='ltr'>moncia</span> <span class='ocrx_word' id='word_1_213' title='bbox 482 1967 615 1998; x_wconf 83' lang='lat' dir='ltr'>lumina</span> <span class='ocrx_word' id='word_1_214' title='bbox 634 1972 670 1998; x_wconf 88' lang='lat' dir='ltr'>G.</span> <span class='ocrx_word' id='word_1_215' title='bbox 689 1968 720 2005; x_wconf 83' lang='lat'>3,</span> <span class='ocrx_word' id='word_1_216' title='bbox 747 1968 824 2005; x_wconf 80' lang='lat'>433,</span> <span class='ocrx_word' id='word_1_217' title='bbox 849 1975 877 1998; x_wconf 86' lang='lat' dir='ltr'>et</span> <span class='ocrx_word' id='word_1_218' title='bbox 900 1967 1116 2007; x_wconf 86' lang='lat' dir='ltr'>verboflam-</span> 
     </span>
     <span class='ocr_line' id='line_1_40' title="bbox 330 2013 1117 2051; baseline 0.001 -11"><span class='ocrx_word' id='word_1_219' title='bbox 330 2022 424 2042; x_wconf 81' lang='lat' dir='ltr'>more</span> <span class='ocrx_word' id='word_1_220' title='bbox 444 2015 565 2049; x_wconf 88' lang='lat' dir='ltr'>primus</span> <span class='ocrx_word' id='word_1_221' title='bbox 588 2023 668 2043; x_wconf 86' lang='lat' dir='ltr'>usus</span> <span class='ocrx_word' id='word_1_222' title='bbox 687 2020 748 2051; x_wconf 87' lang='lat' dir='ltr'>est,</span> <span class='ocrx_word' id='word_1_223' title='bbox 765 2017 849 2049; x_wconf 83' lang='lat' dir='ltr'>quod</span> <span class='ocrx_word' id='word_1_224' title='bbox 868 2016 1002 2051; x_wconf 85' lang='lat' dir='ltr'>scimus,</span> <span class='ocrx_word' id='word_1_225' title='bbox 1021 2013 1117 2042; x_wconf 86' lang='lat' dir='ltr'>Taci-</span> 
     </span>
     <span class='ocr_line' id='line_1_41' title="bbox 330 2057 1119 2099; baseline 0.001 -12"><span class='ocrx_word' id='word_1_226' title='bbox 330 2064 380 2088; x_wconf 87' lang='lat' dir='ltr'>tus</span> <span class='ocrx_word' id='word_1_227' title='bbox 395 2061 433 2088; x_wconf 85' lang='lat' dir='ltr'>H.</span> <span class='ocrx_word' id='word_1_228' title='bbox 449 2060 479 2095; x_wconf 79' lang='lat'>2,</span> <span class='ocrx_word' id='word_1_229' title='bbox 498 2059 536 2088; x_wconf 74' lang='lat'>74</span> <span class='ocrx_word' id='word_1_230' title='bbox 558 2057 681 2089; x_wconf 79' lang='lat' dir='ltr'>Omnes</span> <span class='ocrx_word' id='word_1_231' title='bbox 696 2058 1119 2099; x_wconf 70' lang='lat' dir='ltr'>exercitusflammaverat</span> 
     </span>
     <span class='ocr_line' id='line_1_42' title="bbox 329 2102 1116 2143; baseline 0 -11"><span class='ocrx_word' id='word_1_232' title='bbox 329 2102 539 2143; x_wconf 74' lang='lat' dir='ltr'>arrogantia</span> <span class='ocrx_word' id='word_1_233' title='bbox 566 2103 775 2134; x_wconf 70' lang='lat' dir='ltr'>venientium</span> <span class='ocrx_word' id='word_1_234' title='bbox 802 2114 823 2134; x_wconf 86' lang='lat' dir='ltr'>a</span> <span class='ocrx_word' id='word_1_235' title='bbox 858 2102 997 2135; x_wconf 77' lang='lat' dir='ltr'>l‘itellio</span> <span class='ocrx_word' id='word_1_236' title='bbox 1023 2102 1116 2133; x_wconf 76' lang='lat' dir='ltr'>mili-</span> 
     </span>
     <span class='ocr_line' id='line_1_43' title="bbox 330 2147 1117 2185; baseline 0 -8"><span class='ocrx_word' id='word_1_237' title='bbox 330 2152 411 2181; x_wconf 76' lang='lat' dir='ltr'>tum,</span> <span class='ocrx_word' id='word_1_238' title='bbox 437 2165 480 2170; x_wconf 77' lang='lat'>—</span> <span class='ocrx_word' id='word_1_239' title='bbox 505 2158 612 2178; x_wconf 69' lang='lat' dir='ltr'>secum</span> <span class='ocrx_word' id='word_1_240' title='bbox 633 2148 733 2179; x_wconf 84' lang='lat' dir='ltr'>corde</span> <span class='ocrx_word' id='word_1_241' title='bbox 757 2147 893 2180; x_wconf 78' lang='lat' dir='ltr'>volutat</span> <span class='ocrx_word' id='word_1_242' title='bbox 919 2150 957 2179; x_wconf 85' lang='lat' dir='ltr'>cf.</span> <span class='ocrx_word' id='word_1_243' title='bbox 984 2149 1015 2185; x_wconf 88' lang='grc'>6,</span> <span class='ocrx_word' id='word_1_244' title='bbox 1044 2149 1117 2178; x_wconf 78' lang='grc'>185.</span> 
     </span>
    </p>

    <p class='ocr_par' dir='ltr' id='par_1_19' title="bbox 330 2193 1120 2594">
     <span class='ocr_line' id='line_1_44' title="bbox 374 2193 1116 2231; baseline -0.001 -8"><span class='ocrx_word' id='word_1_245' title='bbox 374 2194 427 2223; x_wconf 76' lang='lat'>51.</span> <span class='ocrx_word' id='word_1_246' title='bbox 454 2195 608 2230; x_wconf 79' lang='lat' dir='ltr'>„Proprie</span> <span class='ocrx_word' id='word_1_247' title='bbox 628 2193 733 2224; x_wconf 86' lang='lat' dir='ltr'>nimbi</span> <span class='ocrx_word' id='word_1_248' title='bbox 754 2202 912 2224; x_wconf 70' lang='lat' dir='ltr'>vocantur</span> <span class='ocrx_word' id='word_1_249' title='bbox 928 2195 1116 2231; x_wconf 69' lang='lat' dir='ltr'>repentinae</span> 
     </span>
     <span class='ocr_line' id='line_1_45' title="bbox 330 2240 1118 2278; baseline 0 -10"><span class='ocrx_word' id='word_1_250' title='bbox 330 2246 359 2268; x_wconf 92' lang='lat' dir='ltr'>et</span> <span class='ocrx_word' id='word_1_251' title='bbox 388 2240 582 2276; x_wconf 84' lang='lat' dir='ltr'>praecipites</span> <span class='ocrx_word' id='word_1_252' title='bbox 609 2241 774 2278; x_wconf 81' lang='lat' dir='ltr'>pluviae“,</span> <span class='ocrx_word' id='word_1_253' title='bbox 807 2245 839 2270; x_wconf 93' lang='lat' dir='ltr'>S.</span> <span class='ocrx_word' id='word_1_254' title='bbox 873 2249 974 2276; x_wconf 85' lang='lat' dir='ltr'>saepe</span> <span class='ocrx_word' id='word_1_255' title='bbox 1005 2249 1118 2276; x_wconf 82' lang='lat' dir='ltr'>„com-</span> 
     </span>
     <span class='ocr_line' id='line_1_46' title="bbox 330 2285 1117 2323; baseline 0 -9"><span class='ocrx_word' id='word_1_256' title='bbox 330 2286 431 2314; x_wconf 83' lang='lat' dir='ltr'>mixta</span> <span class='ocrx_word' id='word_1_257' title='bbox 454 2286 641 2322; x_wconf 45' lang='lat' dir='ltr'>grandine&amp;</span> <span class='ocrx_word' id='word_1_258' title='bbox 669 2292 699 2315; x_wconf 90' lang='lat' dir='ltr'>ut</span> <span class='ocrx_word' id='word_1_259' title='bbox 731 2285 769 2323; x_wconf 76' lang='lat'>4,</span> <span class='ocrx_word' id='word_1_260' title='bbox 807 2285 877 2315; x_wconf 78' lang='lat'>120.</span> <span class='ocrx_word' id='word_1_261' title='bbox 912 2286 984 2315; x_wconf 91' lang='grc'>161.</span> <span class='ocrx_word' id='word_1_262' title='bbox 1018 2286 1058 2314; x_wconf 83' lang='lat' dir='ltr'>cf.</span> <span class='ocrx_word' id='word_1_263' title='bbox 1086 2285 1117 2321; x_wconf 79' lang='lat'>5,</span> 
     </span>
     <span class='ocr_line' id='line_1_47' title="bbox 335 2328 1117 2369; baseline 0 -11"><span class='ocrx_word' id='word_1_264' title='bbox 335 2331 383 2359; x_wconf 72' lang='lat'>113.</span> <span class='ocrx_word' id='word_1_265' title='bbox 442 2328 561 2364; x_wconf 74' lang='lat' dir='ltr'>..Loca</span> <span class='ocrx_word' id='word_1_266' title='bbox 596 2331 674 2369; x_wconf 81' lang='lat' dir='ltr'>seta</span> <span class='ocrx_word' id='word_1_267' title='bbox 709 2340 794 2360; x_wconf 90' lang='lat' dir='ltr'>nunc</span> <span class='ocrx_word' id='word_1_268' title='bbox 833 2333 947 2367; x_wconf 87' lang='lat' dir='ltr'>plena,</span> <span class='ocrx_word' id='word_1_269' title='bbox 990 2336 1020 2359; x_wconf 85' lang='lat' dir='ltr'>ut</span> <span class='ocrx_word' id='word_1_270' title='bbox 1054 2331 1117 2359; x_wconf 86' lang='lat' dir='ltr'>alio</span> 
     </span>
     <span class='ocr_line' id='line_1_48' title="bbox 330 2373 1120 2414; baseline -0.001 -9"><span class='ocrx_word' id='word_1_271' title='bbox 330 2378 402 2405; x_wconf 91' lang='lat' dir='ltr'>loco</span> <span class='ocrx_word' id='word_1_272' title='bbox 426 2376 483 2411; x_wconf 75' lang='lat'>(2,</span> <span class='ocrx_word' id='word_1_273' title='bbox 511 2376 595 2412; x_wconf 80' lang='lat'><strong>238]</strong></span> <span class='ocrx_word' id='word_1_274' title='bbox 619 2376 694 2414; x_wconf 76' lang='lat' dir='ltr'>feta</span> <span class='ocrx_word' id='word_1_275' title='bbox 720 2375 851 2406; x_wconf 80' lang='lat' dir='ltr'>armis··</span> <span class='ocrx_word' id='word_1_276' title='bbox 878 2380 911 2405; x_wconf 88' lang='lat' dir='ltr'>S.</span> <span class='ocrx_word' id='word_1_277' title='bbox 937 2373 1120 2411; x_wconf 75' lang='lat' dir='ltr'>machina,-</span> 
     </span>
     <span class='ocr_line' id='line_1_49' title="bbox 332 2418 1116 2460; baseline -0.001 -10"><span class='ocrx_word' id='word_1_278' title='bbox 332 2424 367 2450; x_wconf 83' lang='lat' dir='ltr'>G.</span> <span class='ocrx_word' id='word_1_279' title='bbox 392 2420 430 2457; x_wconf 95' lang='lat'>4,</span> <span class='ocrx_word' id='word_1_280' title='bbox 463 2421 524 2450; x_wconf 83' lang='lat'>139</span> <span class='ocrx_word' id='word_1_281' title='bbox 542 2421 642 2459; x_wconf 70' lang='lat' dir='ltr'>fetae</span> <span class='ocrx_word' id='word_1_282' title='bbox 666 2430 768 2460; x_wconf 79' lang='lat' dir='ltr'>apes3</span> <span class='ocrx_word' id='word_1_283' title='bbox 801 2423 845 2450; x_wconf 91' lang='lat' dir='ltr'>ita</span> <span class='ocrx_word' id='word_1_284' title='bbox 872 2423 967 2450; x_wconf 89' lang='lat' dir='ltr'>etiam</span> <span class='ocrx_word' id='word_1_285' title='bbox 993 2418 1116 2459; x_wconf 69' lang='lat' dir='ltr'>gravi-</span> 
     </span>
     <span class='ocr_line' id='line_1_50' title="bbox 332 2464 1117 2503; baseline 0 -9"><span class='ocrx_word' id='word_1_286' title='bbox 332 2464 395 2494; x_wconf 61' lang='lat' dir='ltr'>dus</span> <span class='ocrx_word' id='word_1_287' title='bbox 421 2468 611 2502; x_wconf 75' lang='lat' dir='ltr'>usurpatum</span> <span class='ocrx_word' id='word_1_288' title='bbox 640 2468 756 2502; x_wconf 75' lang='lat' dir='ltr'>legitur</span> <span class='ocrx_word' id='word_1_289' title='bbox 785 2466 821 2503; x_wconf 88' lang='lat'>4,</span> <span class='ocrx_word' id='word_1_290' title='bbox 853 2466 929 2495; x_wconf 78' lang='lat'>229.</span> <span class='ocrx_word' id='word_1_291' title='bbox 975 2468 1050 2494; x_wconf 85' lang='lat' dir='ltr'>Hor.</span> <span class='ocrx_word' id='word_1_292' title='bbox 1083 2468 1117 2495; x_wconf 91' lang='lat' dir='ltr'>C.</span> 
     </span>
     <span class='ocr_line' id='line_1_51' title="bbox 339 2509 1119 2553; baseline 0 -14"><span class='ocrx_word' id='word_1_293' title='bbox 339 2511 371 2546; x_wconf 93' lang='grc'>1,</span> <span class='ocrx_word' id='word_1_294' title='bbox 397 2512 457 2547; x_wconf 77' lang='grc'>22,</span> <span class='ocrx_word' id='word_1_295' title='bbox 487 2512 523 2548; x_wconf 87' lang='lat'>4,</span> <span class='ocrx_word' id='word_1_296' title='bbox 554 2518 584 2541; x_wconf 81' lang='lat' dir='ltr'>el</span> <span class='ocrx_word' id='word_1_297' title='bbox 609 2510 732 2553; x_wconf 74' lang='lat' dir='ltr'>gravis</span> <span class='ocrx_word' id='word_1_298' title='bbox 757 2512 795 2548; x_wconf 78' lang='lat'>6,</span> <span class='ocrx_word' id='word_1_299' title='bbox 822 2512 896 2540; x_wconf 71' lang='lat'>515.</span> <span class='ocrx_word' id='word_1_300' title='bbox 948 2509 1119 2549; x_wconf 85' lang='lat' dir='ltr'>[Exempla</span> 
     </span>
     <span class='ocr_line' id='line_1_52' title="bbox 333 2554 1008 2594; baseline -0.001 -9"><span class='ocrx_word' id='word_1_301' title='bbox 333 2558 397 2585; x_wconf 84' lang='lat' dir='ltr'>alia</span> <span class='ocrx_word' id='word_1_302' title='bbox 422 2566 472 2592; x_wconf 87' lang='lat' dir='ltr'>ap.</span> <span class='ocrx_word' id='word_1_303' title='bbox 501 2559 646 2587; x_wconf 81' lang='lat' dir='ltr'>Freinsh.</span> <span class='ocrx_word' id='word_1_304' title='bbox 673 2559 713 2586; x_wconf 87' lang='lat' dir='ltr'>ad</span> <span class='ocrx_word' id='word_1_305' title='bbox 737 2559 783 2586; x_wconf 74' lang='lat' dir='ltr'>Fi.</span> <span class='ocrx_word' id='word_1_306' title='bbox 808 2558 846 2593; x_wconf 87' lang='lat'>3,</span> <span class='ocrx_word' id='word_1_307' title='bbox 878 2557 917 2593; x_wconf 83' lang='lat'>5,</span> <span class='ocrx_word' id='word_1_308' title='bbox 948 2554 1008 2594; x_wconf 61' lang='lat'>18]</span> 
     </span>
    </p>

    <p class='ocr_par' dir='ltr' id='par_1_20' title="bbox 334 2601 1119 3044">
     <span class='ocr_line' id='line_1_53' title="bbox 381 2601 1119 2637; baseline 0.001 -9"><span class='ocrx_word' id='word_1_309' title='bbox 381 2601 433 2630; x_wconf 72' lang='lat'>52.</span> <span class='ocrx_word' id='word_1_310' title='bbox 460 2601 615 2631; x_wconf 82' lang='lat' dir='ltr'>Aeoliam</span> <span class='ocrx_word' id='word_1_311' title='bbox 654 2603 804 2632; x_wconf 77' lang='lat' dir='ltr'>describit</span> <span class='ocrx_word' id='word_1_312' title='bbox 842 2604 933 2631; x_wconf 83' lang='lat' dir='ltr'>Hom.</span> <span class='ocrx_word' id='word_1_313' title='bbox 976 2602 1032 2630; x_wconf 90' lang='grc'>011.</span> <span class='ocrx_word' id='word_1_314' title='bbox 1068 2601 1119 2637; x_wconf 88' lang='grc'>10,</span> 
     </span>
     <span class='ocr_line' id='line_1_54' title="bbox 334 2647 1117 2681; baseline 0 -7"><span class='ocrx_word' id='word_1_315' title='bbox 334 2647 399 2675; x_wconf 90' lang='lat' dir='ltr'>init.</span> <span class='ocrx_word' id='word_1_316' title='bbox 431 2655 522 2681; x_wconf 82' lang='lat' dir='ltr'>quem</span> <span class='ocrx_word' id='word_1_317' title='bbox 557 2650 664 2677; x_wconf 87' lang='lat' dir='ltr'>locum</span> <span class='ocrx_word' id='word_1_318' title='bbox 699 2656 771 2676; x_wconf 91' lang='lat' dir='ltr'>cum</span> <span class='ocrx_word' id='word_1_319' title='bbox 807 2651 868 2676; x_wconf 82' lang='lat' dir='ltr'>lioc</span> <span class='ocrx_word' id='word_1_320' title='bbox 900 2647 1052 2675; x_wconf 79' lang='lat' dir='ltr'>conferas</span> <span class='ocrx_word' id='word_1_321' title='bbox 1088 2651 1117 2674; x_wconf 86' lang='lat' dir='ltr'>et</span> 
     </span>
     <span class='ocr_line' id='line_1_55' title="bbox 335 2694 1117 2728; baseline -0.001 -8"><span class='ocrx_word' id='word_1_322' title='bbox 335 2700 397 2726; x_wconf 79' lang='lat' dir='ltr'>quo</span> <span class='ocrx_word' id='word_1_323' title='bbox 416 2694 551 2721; x_wconf 88' lang='lat' dir='ltr'>consilio</span> <span class='ocrx_word' id='word_1_324' title='bbox 571 2695 640 2725; x_wconf 67' lang='lat' dir='ltr'>Vgl.</span> <span class='ocrx_word' id='word_1_325' title='bbox 659 2696 697 2722; x_wconf 86' lang='lat' dir='ltr'>ab</span> <span class='ocrx_word' id='word_1_326' title='bbox 719 2695 857 2722; x_wconf 88' lang='lat' dir='ltr'>Homero</span> <span class='ocrx_word' id='word_1_327' title='bbox 875 2694 1015 2728; x_wconf 75' lang='lat' dir='ltr'>recedat,</span> <span class='ocrx_word' id='word_1_328' title='bbox 1044 2700 1117 2727; x_wconf 87' lang='lat' dir='ltr'>per-</span> 
     </span>
     <span class='ocr_line' id='line_1_56' title="bbox 335 2738 1116 2773; baseline 0 -8"><span class='ocrx_word' id='word_1_329' title='bbox 335 2738 471 2772; x_wconf 86' lang='lat' dir='ltr'>pendas.</span> <span class='ocrx_word' id='word_1_330' title='bbox 538 2739 616 2766; x_wconf 88' lang='lat' dir='ltr'>Post</span> <span class='ocrx_word' id='word_1_331' title='bbox 670 2739 799 2773; x_wconf 75' lang='lat' dir='ltr'>vgtium</span> <span class='ocrx_word' id='word_1_332' title='bbox 858 2738 950 2767; x_wconf 81' lang='lat' dir='ltr'>Aeoli</span> <span class='ocrx_word' id='word_1_333' title='bbox 997 2738 1116 2772; x_wconf 77' lang='lat' dir='ltr'>regiam</span> 
     </span>
     <span class='ocr_line' id='line_1_57' title="bbox 335 2781 1117 2819; baseline -0.001 -8"><span class='ocrx_word' id='word_1_334' title='bbox 335 2783 506 2817; x_wconf 79' lang='lat' dir='ltr'>descripsit</span> <span class='ocrx_word' id='word_1_335' title='bbox 534 2784 604 2811; x_wconf 64' lang='lat' dir='ltr'>val.</span> <span class='ocrx_word' id='word_1_336' title='bbox 632 2785 738 2812; x_wconf 81' lang='lat' dir='ltr'>Flacc.</span> <span class='ocrx_word' id='word_1_337' title='bbox 773 2783 796 2819; x_wconf 93' lang='grc' dir='ltr'>Ι,</span> <span class='ocrx_word' id='word_1_338' title='bbox 820 2781 1019 2812; x_wconf 76' lang='lat'>574—596.</span> <span class='ocrx_word' id='word_1_339' title='bbox 1068 2785 1117 2810; x_wconf 81' lang='lat' dir='ltr'>Ex</span> 
     </span>
     <span class='ocr_line' id='line_1_58' title="bbox 335 2828 1117 2865; baseline -0.001 -9"><span class='ocrx_word' id='word_1_340' title='bbox 335 2836 452 2856; x_wconf 75' lang='lat' dir='ltr'>novem</span> <span class='ocrx_word' id='word_1_341' title='bbox 476 2828 540 2856; x_wconf 86' lang='lat' dir='ltr'>illis</span> <span class='ocrx_word' id='word_1_342' title='bbox 565 2829 695 2865; x_wconf 81' lang='lat' dir='ltr'>insulis,</span> <span class='ocrx_word' id='word_1_343' title='bbox 724 2837 805 2863; x_wconf 85' lang='lat' dir='ltr'>quae</span> <span class='ocrx_word' id='word_1_344' title='bbox 831 2829 966 2857; x_wconf 82' lang='lat' dir='ltr'>Aeoliae</span> <span class='ocrx_word' id='word_1_345' title='bbox 994 2835 1117 2855; x_wconf 75' lang='lat' dir='ltr'>vocan-</span> 
     </span>
     <span class='ocr_line' id='line_1_59' title="bbox 336 2873 1118 2909; baseline -0.001 -8"><span class='ocrx_word' id='word_1_346' title='bbox 336 2878 402 2909; x_wconf 90' lang='lat' dir='ltr'>tur,</span> <span class='ocrx_word' id='word_1_347' title='bbox 444 2881 537 2907; x_wconf 82' lang='lat' dir='ltr'>quam</span> <span class='ocrx_word' id='word_1_348' title='bbox 573 2873 635 2901; x_wconf 83' lang='lat' dir='ltr'>sibi</span> <span class='ocrx_word' id='word_1_349' title='bbox 671 2876 781 2902; x_wconf 81' lang='lat' dir='ltr'>sedem</span> <span class='ocrx_word' id='word_1_350' title='bbox 816 2874 948 2906; x_wconf 67' lang='lat' dir='ltr'>elegerit</span> <span class='ocrx_word' id='word_1_351' title='bbox 982 2874 1118 2907; x_wconf 76' lang='lat' dir='ltr'>Aeolus,</span> 
     </span>
     <span class='ocr_line' id='line_1_60' title="bbox 336 2919 1117 2953; baseline -0.004 -6"><span class='ocrx_word' id='word_1_352' title='bbox 336 2919 455 2953; x_wconf 81' lang='lat' dir='ltr'>antiqui</span> <span class='ocrx_word' id='word_1_353' title='bbox 471 2919 669 2953; x_wconf 84' lang='lat' dir='ltr'>discrepant.</span> <span class='ocrx_word' id='word_1_354' title='bbox 718 2920 865 2947; x_wconf 78' lang='lat' dir='ltr'>Aeoliam</span> <span class='ocrx_word' id='word_1_355' title='bbox 885 2923 1027 2947; x_wconf 84' lang='lat' dir='ltr'>nemorat</span> <span class='ocrx_word' id='word_1_356' title='bbox 1047 2919 1117 2949; x_wconf 68' lang='lat' dir='ltr'>Vgl.</span> 
     </span>
     <span class='ocr_line' id='line_1_61' title="bbox 336 2962 1119 3001; baseline 0 -10"><span class='ocrx_word' id='word_1_357' title='bbox 336 2964 389 2999; x_wconf 83' lang='grc'>10,</span> <span class='ocrx_word' id='word_1_358' title='bbox 415 2963 457 2991; x_wconf 78' lang='grc'>38</span> <span class='ocrx_word' id='word_1_359' title='bbox 482 2968 512 2991; x_wconf 85' lang='lat' dir='ltr'>et.</span> <span class='ocrx_word' id='word_1_360' title='bbox 542 2963 574 3001; x_wconf 82' lang='lat'>8,</span> <span class='ocrx_word' id='word_1_361' title='bbox 598 2962 674 2999; x_wconf 86' lang='lat'>416,</span> <span class='ocrx_word' id='word_1_362' title='bbox 707 2965 757 2992; x_wconf 87' lang='lat' dir='ltr'>ubi</span> <span class='ocrx_word' id='word_1_363' title='bbox 782 2965 920 2999; x_wconf 80' lang='lat' dir='ltr'>Liparen</span> <span class='ocrx_word' id='word_1_364' title='bbox 946 2972 1024 2992; x_wconf 81' lang='lat' dir='ltr'>esse</span> <span class='ocrx_word' id='word_1_365' title='bbox 1048 2970 1119 2991; x_wconf 89' lang='lat' dir='ltr'>eam</span> 
     </span>
     <span class='ocr_line' id='line_1_62' title="bbox 334 3009 1119 3044; baseline -0.003 -6"><span class='ocrx_word' id='word_1_366' title='bbox 334 3010 461 3039; x_wconf 84' lang='lat' dir='ltr'>videtur</span> <span class='ocrx_word' id='word_1_367' title='bbox 475 3009 652 3044; x_wconf 83' lang='lat' dir='ltr'>indicasse,</span> <span class='ocrx_word' id='word_1_368' title='bbox 676 3009 867 3044; x_wconf 81' lang='lat' dir='ltr'>Hieramque</span> <span class='ocrx_word' id='word_1_369' title='bbox 888 3010 1025 3038; x_wconf 85' lang='lat' dir='ltr'>tribuere</span> <span class='ocrx_word' id='word_1_370' title='bbox 1042 3009 1119 3038; x_wconf 71' lang='lat' dir='ltr'>Vul-</span> 
     </span>
    </p>
   </div>
   <div class='ocr_carea' id='block_1_17' title="bbox 1160 1018 1950 3045">
    <p class='ocr_par' dir='ltr' id='par_1_21' title="bbox 1160 1018 1946 1327">
     <span class='ocr_line' id='line_1_63' title="bbox 1161 1018 1945 1057; baseline -0.005 -7"><span class='ocrx_word' id='word_1_371' title='bbox 1161 1029 1260 1057; x_wconf 82' lang='lat' dir='ltr'>cano3</span> <span class='ocrx_word' id='word_1_372' title='bbox 1285 1026 1397 1050; x_wconf 82' lang='lat' dir='ltr'>contra</span> <span class='ocrx_word' id='word_1_373' title='bbox 1419 1021 1546 1049; x_wconf 82' lang='lat' dir='ltr'>Hieram</span> <span class='ocrx_word' id='word_1_374' title='bbox 1571 1019 1720 1047; x_wconf 86' lang='lat' dir='ltr'>Aeoliam</span> <span class='ocrx_word' id='word_1_375' title='bbox 1746 1026 1823 1047; x_wconf 85' lang='lat' dir='ltr'>esse</span> <span class='ocrx_word' id='word_1_376' title='bbox 1849 1018 1945 1048; x_wconf 87' lang='lat' dir='ltr'>sumit</span> 
     </span>
     <span class='ocr_line' id='line_1_64' title="bbox 1161 1064 1946 1102; baseline -0.004 -7"><span class='ocrx_word' id='word_1_377' title='bbox 1161 1069 1286 1102; x_wconf 85' lang='lat' dir='ltr'>Strabo,</span> <span class='ocrx_word' id='word_1_378' title='bbox 1310 1067 1395 1095; x_wconf 83' lang='lat' dir='ltr'>addit</span> <span class='ocrx_word' id='word_1_379' title='bbox 1416 1071 1521 1094; x_wconf 88' lang='lat' dir='ltr'>tamen</span> <span class='ocrx_word' id='word_1_380' title='bbox 1539 1066 1638 1099; x_wconf 74' lang='lat' dir='ltr'>vulgo</span> <span class='ocrx_word' id='word_1_381' title='bbox 1657 1064 1831 1098; x_wconf 78' lang='lat' dir='ltr'>significari</span> <span class='ocrx_word' id='word_1_382' title='bbox 1849 1064 1946 1092; x_wconf 77' lang='lat' dir='ltr'>Aeoli</span> 
     </span>
     <span class='ocr_line' id='line_1_65' title="bbox 1161 1108 1946 1146; baseline -0.004 -5"><span class='ocrx_word' id='word_1_383' title='bbox 1161 1114 1272 1141; x_wconf 88' lang='lat' dir='ltr'>sedem</span> <span class='ocrx_word' id='word_1_384' title='bbox 1309 1113 1501 1146; x_wconf 78' lang='lat' dir='ltr'>Strongylen</span> <span class='ocrx_word' id='word_1_385' title='bbox 1545 1108 1774 1145; x_wconf 78' lang='lat' dir='ltr'>(Stromboli);</span> <span class='ocrx_word' id='word_1_386' title='bbox 1821 1109 1946 1138; x_wconf 82' lang='lat' dir='ltr'>Plinius</span> 
     </span>
     <span class='ocr_line' id='line_1_66' title="bbox 1160 1156 1945 1186; baseline -0.005 0"><span class='ocrx_word' id='word_1_387' title='bbox 1160 1166 1225 1186; x_wconf 90' lang='lat' dir='ltr'>non</span> <span class='ocrx_word' id='word_1_388' title='bbox 1263 1157 1432 1186; x_wconf 82' lang='lat' dir='ltr'>haesitans</span> <span class='ocrx_word' id='word_1_389' title='bbox 1479 1163 1519 1184; x_wconf 87' lang='lat' dir='ltr'>ea</span> <span class='ocrx_word' id='word_1_390' title='bbox 1558 1156 1589 1184; x_wconf 90' lang='lat' dir='ltr'>in</span> <span class='ocrx_word' id='word_1_391' title='bbox 1628 1163 1662 1183; x_wconf 89' lang='lat' dir='ltr'>re</span> <span class='ocrx_word' id='word_1_392' title='bbox 1706 1157 1788 1183; x_wconf 76' lang='lat' dir='ltr'>llaec</span> <span class='ocrx_word' id='word_1_393' title='bbox 1831 1157 1945 1183; x_wconf 83' lang='lat' dir='ltr'>babet:</span> 
     </span>
     <span class='ocr_line' id='line_1_67' title="bbox 1160 1199 1946 1238; baseline -0.005 -7"><span class='ocrx_word' id='word_1_394' title='bbox 1160 1204 1374 1238; x_wconf 52' lang='lat' dir='ltr'>„simum-le,</span> <span class='ocrx_word' id='word_1_395' title='bbox 1420 1202 1452 1230; x_wconf 89' lang='lat' dir='ltr'>in</span> <span class='ocrx_word' id='word_1_396' title='bbox 1494 1208 1558 1235; x_wconf 84' lang='lat' dir='ltr'>qua</span> <span class='ocrx_word' id='word_1_397' title='bbox 1600 1200 1744 1235; x_wconf 76' lang='lat' dir='ltr'>regnavit</span> <span class='ocrx_word' id='word_1_398' title='bbox 1784 1199 1946 1228; x_wconf 82' lang='lat' dir='ltr'>Aeolus“.</span> 
     </span>
     <span class='ocr_line' id='line_1_68' title="bbox 1162 1244 1944 1281; baseline -0.004 -5"><span class='ocrx_word' id='word_1_399' title='bbox 1162 1250 1336 1276; x_wconf 70' lang='lat' dir='ltr'>Ventorum</span> <span class='ocrx_word' id='word_1_400' title='bbox 1367 1254 1476 1281; x_wconf 84' lang='lat' dir='ltr'>regem</span> <span class='ocrx_word' id='word_1_401' title='bbox 1514 1246 1556 1274; x_wconf 89' lang='lat' dir='ltr'>ibi</span> <span class='ocrx_word' id='word_1_402' title='bbox 1590 1246 1734 1274; x_wconf 83' lang='lat' dir='ltr'>habitare</span> <span class='ocrx_word' id='word_1_403' title='bbox 1766 1244 1944 1274; x_wconf 85' lang='lat' dir='ltr'>insularum</span> 
     </span>
     <span class='ocr_line' id='line_1_69' title="bbox 1161 1293 1477 1327; baseline -0.009 -5"><span class='ocrx_word' id='word_1_404' title='bbox 1161 1299 1275 1322; x_wconf 89' lang='lat' dir='ltr'>natura</span> <span class='ocrx_word' id='word_1_405' title='bbox 1304 1293 1477 1327; x_wconf 83' lang='lat' dir='ltr'>persuasit.</span> 
     </span>
    </p>

    <p class='ocr_par' dir='ltr' id='par_1_22' title="bbox 1162 1333 1948 1548">
     <span class='ocr_line' id='line_1_70' title="bbox 1207 1333 1948 1371; baseline -0.001 -5"><span class='ocrx_word' id='word_1_406' title='bbox 1207 1338 1260 1366; x_wconf 77' lang='lat'>53.</span> <span class='ocrx_word' id='word_1_407' title='bbox 1292 1335 1493 1371; x_wconf 74' lang='lat' dir='ltr'>Luctantur,</span> <span class='ocrx_word' id='word_1_408' title='bbox 1512 1342 1542 1363; x_wconf 88' lang='lat' dir='ltr'>ut</span> <span class='ocrx_word' id='word_1_409' title='bbox 1557 1339 1735 1371; x_wconf 82' lang='lat' dir='ltr'>erumpant,</span> <span class='ocrx_word' id='word_1_410' title='bbox 1754 1336 1789 1364; x_wconf 84' lang='lat' dir='ltr'>ut</span> <span class='ocrx_word' id='word_1_411' title='bbox 1802 1333 1948 1365; x_wconf 79' lang='lat' dir='ltr'>eluctari</span> 
     </span>
     <span class='ocr_line' id='line_1_71' title="bbox 1162 1377 1947 1420; baseline -0.004 -8"><span class='ocrx_word' id='word_1_412' title='bbox 1162 1385 1247 1418; x_wconf 84' lang='lat' dir='ltr'>apud</span> <span class='ocrx_word' id='word_1_413' title='bbox 1278 1386 1353 1411; x_wconf 90' lang='lat' dir='ltr'>Sen.</span> <span class='ocrx_word' id='word_1_414' title='bbox 1383 1385 1419 1412; x_wconf 78' lang='lat' dir='ltr'>N.</span> <span class='ocrx_word' id='word_1_415' title='bbox 1454 1384 1490 1416; x_wconf 87' lang='lat' dir='ltr'>Q.</span> <span class='ocrx_word' id='word_1_416' title='bbox 1526 1379 1564 1416; x_wconf 79' lang='lat'>4,</span> <span class='ocrx_word' id='word_1_417' title='bbox 1592 1380 1614 1408; x_wconf 81' lang='lat'><strong>2</strong></span> <span class='ocrx_word' id='word_1_418' title='bbox 1650 1377 1752 1409; x_wconf 77' lang='lat' dir='ltr'>Nilus</span> <span class='ocrx_word' id='word_1_419' title='bbox 1785 1389 1848 1420; x_wconf 81' lang='lat' dir='ltr'>per</span> <span class='ocrx_word' id='word_1_420' title='bbox 1883 1390 1947 1409; x_wconf 84' lang='lat' dir='ltr'>au-</span> 
     </span>
     <span class='ocr_line' id='line_1_72' title="bbox 1163 1425 1947 1467; baseline -0.003 -11"><span class='ocrx_word' id='word_1_421' title='bbox 1163 1431 1271 1467; x_wconf 70' lang='lat' dir='ltr'>gusta</span> <span class='ocrx_word' id='word_1_422' title='bbox 1296 1425 1469 1456; x_wconf 78' lang='lat' dir='ltr'>eluctatus</span> <span class='ocrx_word' id='word_1_423' title='bbox 1491 1442 1533 1446; x_wconf 96' lang='lat'><strong>—</strong></span> <span class='ocrx_word' id='word_1_424' title='bbox 1559 1426 1612 1454; x_wconf 87' lang='lat' dir='ltr'>Sic</span> <span class='ocrx_word' id='word_1_425' title='bbox 1634 1433 1685 1460; x_wconf 82' lang='lat' dir='ltr'>ap.</span> <span class='ocrx_word' id='word_1_426' title='bbox 1706 1427 1802 1455; x_wconf 85' lang='lat' dir='ltr'>Lucr.</span> <span class='ocrx_word' id='word_1_427' title='bbox 1825 1426 1856 1463; x_wconf 88' lang='grc'>6,</span> <span class='ocrx_word' id='word_1_428' title='bbox 1886 1425 1947 1455; x_wconf 79' lang='grc'>196</span> 
     </span>
     <span class='ocr_line' id='line_1_73' title="bbox 1163 1471 1946 1507; baseline -0.001 -5"><span class='ocrx_word' id='word_1_429' title='bbox 1163 1474 1257 1503; x_wconf 68' lang='lat' dir='ltr'>Venti</span> <span class='ocrx_word' id='word_1_430' title='bbox 1273 1481 1448 1507; x_wconf 81' lang='lat' dir='ltr'>eorumque</span> <span class='ocrx_word' id='word_1_431' title='bbox 1464 1472 1619 1501; x_wconf 81' lang='lat' dir='ltr'>habitatio</span> <span class='ocrx_word' id='word_1_432' title='bbox 1643 1471 1711 1500; x_wconf 81' lang='lat' dir='ltr'>fere</span> <span class='ocrx_word' id='word_1_433' title='bbox 1735 1476 1767 1500; x_wconf 85' lang='lat' dir='ltr'>ut</span> <span class='ocrx_word' id='word_1_434' title='bbox 1789 1474 1820 1500; x_wconf 88' lang='grc'>11.</span> <span class='ocrx_word' id='word_1_435' title='bbox 1842 1474 1862 1500; x_wconf 92' lang='lat' dir='ltr'>l.</span> <span class='ocrx_word' id='word_1_436' title='bbox 1888 1473 1946 1501; x_wconf 90' lang='lat' dir='ltr'>sed</span> 
     </span>
     <span class='ocr_line' id='line_1_74' title="bbox 1162 1518 1628 1548; baseline -0.009 0"><span class='ocrx_word' id='word_1_437' title='bbox 1162 1520 1273 1548; x_wconf 86' lang='lat' dir='ltr'>multis</span> <span class='ocrx_word' id='word_1_438' title='bbox 1295 1519 1402 1547; x_wconf 75' lang='lat' dir='ltr'>verbis</span> <span class='ocrx_word' id='word_1_439' title='bbox 1427 1518 1628 1546; x_wconf 84' lang='lat' dir='ltr'>describitur.</span> 
     </span>
    </p>

    <p class='ocr_par' dir='ltr' id='par_1_23' title="bbox 1161 1561 1949 2007">
     <span class='ocr_line' id='line_1_75' title="bbox 1208 1561 1947 1599; baseline -0.003 -7"><span class='ocrx_word' id='word_1_440' title='bbox 1208 1564 1260 1592; x_wconf 85' lang='lat'>54.</span> <span class='ocrx_word' id='word_1_441' title='bbox 1287 1565 1323 1592; x_wconf 90' lang='lat' dir='ltr'>In</span> <span class='ocrx_word' id='word_1_442' title='bbox 1362 1563 1549 1592; x_wconf 85' lang='lat' dir='ltr'>carceribus</span> <span class='ocrx_word' id='word_1_443' title='bbox 1581 1561 1702 1596; x_wconf 85' lang='lat' dir='ltr'>singuli</span> <span class='ocrx_word' id='word_1_444' title='bbox 1739 1565 1815 1591; x_wconf 81' lang='lat' dir='ltr'>sunt</span> <span class='ocrx_word' id='word_1_445' title='bbox 1847 1562 1947 1599; x_wconf 83' lang='lat' dir='ltr'>venti,</span> 
     </span>
     <span class='ocr_line' id='line_1_76' title="bbox 1163 1607 1948 1639; baseline -0.003 -1"><span class='ocrx_word' id='word_1_446' title='bbox 1163 1610 1329 1639; x_wconf 84' lang='lat' dir='ltr'>constricti</span> <span class='ocrx_word' id='word_1_447' title='bbox 1352 1610 1449 1638; x_wconf 87' lang='lat' dir='ltr'>simul</span> <span class='ocrx_word' id='word_1_448' title='bbox 1470 1607 1622 1636; x_wconf 82' lang='lat' dir='ltr'>vinculis.</span> <span class='ocrx_word' id='word_1_449' title='bbox 1666 1607 1718 1635; x_wconf 91' lang='lat' dir='ltr'>Illi</span> <span class='ocrx_word' id='word_1_450' title='bbox 1740 1614 1891 1636; x_wconf 86' lang='lat' dir='ltr'>carceres</span> <span class='ocrx_word' id='word_1_451' title='bbox 1914 1607 1948 1636; x_wconf 87' lang='lat' dir='ltr'>in</span> 
     </span>
     <span class='ocr_line' id='line_1_77' title="bbox 1162 1652 1948 1690; baseline -0.005 -6"><span class='ocrx_word' id='word_1_452' title='bbox 1162 1660 1269 1684; x_wconf 83' lang='lat' dir='ltr'>monte</span> <span class='ocrx_word' id='word_1_453' title='bbox 1295 1660 1381 1690; x_wconf 87' lang='lat' dir='ltr'>sunt,</span> <span class='ocrx_word' id='word_1_454' title='bbox 1406 1661 1505 1688; x_wconf 83' lang='lat' dir='ltr'>quare</span> <span class='ocrx_word' id='word_1_455' title='bbox 1529 1654 1557 1682; x_wconf 85' lang='lat' dir='ltr'>is</span> <span class='ocrx_word' id='word_1_456' title='bbox 1583 1652 1682 1680; x_wconf 88' lang='lat' dir='ltr'>tremit</span> <span class='ocrx_word' id='word_1_457' title='bbox 1709 1660 1748 1681; x_wconf 87' lang='lat' dir='ltr'>ac</span> <span class='ocrx_word' id='word_1_458' title='bbox 1772 1657 1948 1681; x_wconf 81' lang='lat' dir='ltr'>murmurat</span> 
     </span>
     <span class='ocr_line' id='line_1_78' title="bbox 1161 1699 1949 1735; baseline -0.005 -6"><span class='ocrx_word' id='word_1_459' title='bbox 1161 1701 1295 1735; x_wconf 81' lang='lat' dir='ltr'>strepitu</span> <span class='ocrx_word' id='word_1_460' title='bbox 1328 1705 1505 1728; x_wconf 84' lang='lat' dir='ltr'>ventorum.</span> <span class='ocrx_word' id='word_1_461' title='bbox 1560 1699 1697 1726; x_wconf 87' lang='lat' dir='ltr'>Attende</span> <span class='ocrx_word' id='word_1_462' title='bbox 1730 1703 1835 1726; x_wconf 86' lang='lat' dir='ltr'>autem</span> <span class='ocrx_word' id='word_1_463' title='bbox 1873 1705 1949 1726; x_wconf 90' lang='lat' dir='ltr'>ver-</span> 
     </span>
     <span class='ocr_line' id='line_1_79' title="bbox 1163 1742 1948 1781; baseline -0.005 -6"><span class='ocrx_word' id='word_1_464' title='bbox 1163 1753 1258 1775; x_wconf 89' lang='lat' dir='ltr'>suum</span> <span class='ocrx_word' id='word_1_465' title='bbox 1273 1745 1557 1780; x_wconf 85' lang='lat' dir='ltr'>compositionem:</span> <span class='ocrx_word' id='word_1_466' title='bbox 1573 1745 1691 1777; x_wconf 86' lang='lat' dir='ltr'>longae</span> <span class='ocrx_word' id='word_1_467' title='bbox 1704 1750 1816 1781; x_wconf 82' lang='lat' dir='ltr'>voces,</span> <span class='ocrx_word' id='word_1_468' title='bbox 1832 1742 1948 1771; x_wconf 83' lang='lat' dir='ltr'>fuscae</span> 
     </span>
     <span class='ocr_line' id='line_1_80' title="bbox 1162 1788 1948 1825; baseline -0.003 -6"><span class='ocrx_word' id='word_1_469' title='bbox 1162 1792 1311 1825; x_wconf 82' lang='lat' dir='ltr'>vocales,</span> <span class='ocrx_word' id='word_1_470' title='bbox 1337 1790 1388 1818; x_wconf 92' lang='lat' dir='ltr'>ubi</span> <span class='ocrx_word' id='word_1_471' title='bbox 1410 1797 1552 1818; x_wconf 89' lang='lat' dir='ltr'>murmur</span> <span class='ocrx_word' id='word_1_472' title='bbox 1569 1788 1760 1817; x_wconf 79' lang='lat' dir='ltr'>describitur</span> <span class='ocrx_word' id='word_1_473' title='bbox 1778 1793 1948 1817; x_wconf 86' lang='lat' dir='ltr'>ventorum</span> 
     </span>
     <span class='ocr_line' id='line_1_81' title="bbox 1164 1834 1948 1870; baseline -0.001 -6"><span class='ocrx_word' id='word_1_474' title='bbox 1164 1843 1331 1870; x_wconf 80' lang='lat' dir='ltr'>erumpere</span> <span class='ocrx_word' id='word_1_475' title='bbox 1346 1835 1465 1863; x_wconf 82' lang='lat' dir='ltr'>frustra</span> <span class='ocrx_word' id='word_1_476' title='bbox 1477 1834 1683 1869; x_wconf 80' lang='lat' dir='ltr'>tentantium3</span> <span class='ocrx_word' id='word_1_477' title='bbox 1703 1835 1819 1862; x_wconf 89' lang='lat' dir='ltr'>breves</span> <span class='ocrx_word' id='word_1_478' title='bbox 1833 1841 1948 1870; x_wconf 80' lang='lat' dir='ltr'>voceS,</span> 
     </span>
     <span class='ocr_line' id='line_1_82' title="bbox 1164 1879 1947 1914; baseline -0.003 -5"><span class='ocrx_word' id='word_1_479' title='bbox 1164 1883 1273 1910; x_wconf 87' lang='lat' dir='ltr'>clarae</span> <span class='ocrx_word' id='word_1_480' title='bbox 1305 1885 1335 1909; x_wconf 89' lang='lat' dir='ltr'>et</span> <span class='ocrx_word' id='word_1_481' title='bbox 1367 1881 1524 1908; x_wconf 85' lang='lat' dir='ltr'>candidae</span> <span class='ocrx_word' id='word_1_482' title='bbox 1556 1880 1708 1914; x_wconf 79' lang='lat' dir='ltr'>vocales,</span> <span class='ocrx_word' id='word_1_483' title='bbox 1743 1879 1795 1907; x_wconf 91' lang='lat' dir='ltr'>ubi</span> <span class='ocrx_word' id='word_1_484' title='bbox 1821 1880 1947 1908; x_wconf 87' lang='lat' dir='ltr'>Aeolus</span> 
     </span>
     <span class='ocr_line' id='line_1_83' title="bbox 1161 1921 1948 1959; baseline -0.004 -4"><span class='ocrx_word' id='word_1_485' title='bbox 1161 1929 1236 1955; x_wconf 85' lang='lat' dir='ltr'>luce</span> <span class='ocrx_word' id='word_1_486' title='bbox 1261 1928 1367 1954; x_wconf 85' lang='lat' dir='ltr'>laetus</span> <span class='ocrx_word' id='word_1_487' title='bbox 1390 1927 1491 1954; x_wconf 90' lang='lat' dir='ltr'>sedet.</span> <span class='ocrx_word' id='word_1_488' title='bbox 1540 1921 1620 1952; x_wconf 81' lang='lat' dir='ltr'>Wd.</span> <span class='ocrx_word' id='word_1_489' title='bbox 1645 1924 1745 1959; x_wconf 83' lang='lat' dir='ltr'>iungit</span> <span class='ocrx_word' id='word_1_490' title='bbox 1765 1925 1826 1953; x_wconf 82' lang='lat' dir='ltr'>ita:</span> <span class='ocrx_word' id='word_1_491' title='bbox 1853 1932 1897 1953; x_wconf 91' lang='lat' dir='ltr'>m.</span> <span class='ocrx_word' id='word_1_492' title='bbox 1920 1934 1948 1953; x_wconf 84' lang='lat' dir='ltr'>c.</span> 
     </span>
     <span class='ocr_line' id='line_1_84' title="bbox 1162 1968 1855 2007; baseline -0.004 -7"><span class='ocrx_word' id='word_1_493' title='bbox 1162 1979 1353 2005; x_wconf 76' lang='lat' dir='ltr'>murmure,</span> <span class='ocrx_word' id='word_1_494' title='bbox 1384 1979 1426 1999; x_wconf 87' lang='lat' dir='ltr'>m.</span> <span class='ocrx_word' id='word_1_495' title='bbox 1454 1980 1480 1998; x_wconf 83' lang='lat' dir='ltr'>c.</span> <span class='ocrx_word' id='word_1_496' title='bbox 1507 1977 1534 1998; x_wconf 85' lang='lat' dir='ltr'>c.</span> <span class='ocrx_word' id='word_1_497' title='bbox 1555 1968 1606 2007; x_wconf 85' lang='lat' dir='ltr'>fr.</span> <span class='ocrx_word' id='word_1_498' title='bbox 1852 2004 1855 2006; x_wconf 15' lang='grc' dir='ltr'><em>Ὗ</em></span> 
     </span>
    </p>

    <p class='ocr_par' dir='ltr' id='par_1_24' title="bbox 1163 2013 1948 2236">
     <span class='ocr_line' id='line_1_85' title="bbox 1207 2013 1947 2051; baseline -0.001 -6"><span class='ocrx_word' id='word_1_499' title='bbox 1207 2016 1259 2045; x_wconf 80' lang='grc'>57.</span> <span class='ocrx_word' id='word_1_500' title='bbox 1292 2013 1423 2051; x_wconf 77' lang='lat' dir='ltr'>Mollil,</span> <span class='ocrx_word' id='word_1_501' title='bbox 1465 2023 1538 2044; x_wconf 87' lang='lat' dir='ltr'>nam</span> <span class='ocrx_word' id='word_1_502' title='bbox 1574 2014 1700 2043; x_wconf 84' lang='lat' dir='ltr'>etiamsi</span> <span class='ocrx_word' id='word_1_503' title='bbox 1731 2022 1849 2044; x_wconf 83' lang='lat' dir='ltr'>revera</span> <span class='ocrx_word' id='word_1_504' title='bbox 1883 2023 1947 2044; x_wconf 91' lang='lat' dir='ltr'>non</span> 
     </span>
     <span class='ocr_line' id='line_1_86' title="bbox 1163 2061 1948 2095; baseline -0.003 -5"><span class='ocrx_word' id='word_1_505' title='bbox 1163 2063 1337 2090; x_wconf 90' lang='lat' dir='ltr'>redduntur</span> <span class='ocrx_word' id='word_1_506' title='bbox 1368 2061 1553 2095; x_wconf 84' lang='lat' dir='ltr'>molliores,</span> <span class='ocrx_word' id='word_1_507' title='bbox 1587 2065 1692 2089; x_wconf 83' lang='lat' dir='ltr'>tamen</span> <span class='ocrx_word' id='word_1_508' title='bbox 1727 2068 1823 2094; x_wconf 86' lang='lat' dir='ltr'>quum</span> <span class='ocrx_word' id='word_1_509' title='bbox 1854 2068 1948 2089; x_wconf 88' lang='lat' dir='ltr'>coer-</span> 
     </span>
     <span class='ocr_line' id='line_1_87' title="bbox 1164 2106 1947 2140; baseline -0.003 -4"><span class='ocrx_word' id='word_1_510' title='bbox 1164 2112 1298 2136; x_wconf 82' lang='lat' dir='ltr'>ceantur</span> <span class='ocrx_word' id='word_1_511' title='bbox 1330 2111 1358 2134; x_wconf 84' lang='lat' dir='ltr'>et</span> <span class='ocrx_word' id='word_1_512' title='bbox 1387 2107 1559 2140; x_wconf 80' lang='lat' dir='ltr'>quominus</span> <span class='ocrx_word' id='word_1_513' title='bbox 1593 2106 1820 2134; x_wconf 80' lang='lat' dir='ltr'>immanitatem</span> <span class='ocrx_word' id='word_1_514' title='bbox 1854 2113 1947 2135; x_wconf 86' lang='lat' dir='ltr'>suam</span> 
     </span>
     <span class='ocr_line' id='line_1_88' title="bbox 1163 2151 1948 2188; baseline -0.001 -7"><span class='ocrx_word' id='word_1_515' title='bbox 1163 2154 1299 2188; x_wconf 82' lang='lat' dir='ltr'>prodant</span> <span class='ocrx_word' id='word_1_516' title='bbox 1330 2152 1573 2187; x_wconf 82' lang='lat' dir='ltr'>prohibeantur,</span> <span class='ocrx_word' id='word_1_517' title='bbox 1607 2151 1773 2179; x_wconf 85' lang='lat' dir='ltr'>molliores</span> <span class='ocrx_word' id='word_1_518' title='bbox 1801 2151 1948 2180; x_wconf 82' lang='lat' dir='ltr'>videntur</span> 
     </span>
     <span class='ocr_line' id='line_1_89' title="bbox 1163 2195 1753 2236; baseline -0.005 -9"><span class='ocrx_word' id='word_1_519' title='bbox 1163 2198 1238 2227; x_wconf 82' lang='lat' dir='ltr'>facti</span> <span class='ocrx_word' id='word_1_520' title='bbox 1263 2206 1351 2227; x_wconf 86' lang='lat' dir='ltr'>esse.</span> <span class='ocrx_word' id='word_1_521' title='bbox 1405 2196 1549 2236; x_wconf 75' lang='lat' dir='ltr'>Sceptra</span> <span class='ocrx_word' id='word_1_522' title='bbox 1572 2196 1613 2224; x_wconf 86' lang='lat' dir='ltr'>cf.</span> <span class='ocrx_word' id='word_1_523' title='bbox 1637 2196 1671 2232; x_wconf 83' lang='lat'>7,</span> <span class='ocrx_word' id='word_1_524' title='bbox 1699 2195 1753 2224; x_wconf 84' lang='lat'>98.</span> 
     </span>
    </p>

    <p class='ocr_par' dir='ltr' id='par_1_25' title="bbox 1163 2238 1950 2956">
     <span class='ocr_line' id='line_1_90' title="bbox 1210 2238 1948 2282; baseline -0.003 -11"><span class='ocrx_word' id='word_1_525' title='bbox 1210 2243 1262 2272; x_wconf 78' lang='lat'>59.</span> <span class='ocrx_word' id='word_1_526' title='bbox 1290 2240 1415 2282; x_wconf 77' lang='lat' dir='ltr'>quippe</span> <span class='ocrx_word' id='word_1_527' title='bbox 1433 2241 1567 2279; x_wconf 82' lang='lat' dir='ltr'>ferant,</span> <span class='ocrx_word' id='word_1_528' title='bbox 1591 2239 1628 2270; x_wconf 82' lang='lat' dir='ltr'>ni</span> <span class='ocrx_word' id='word_1_529' title='bbox 1644 2238 1773 2279; x_wconf 80' lang='lat' dir='ltr'>saciat.</span> <span class='ocrx_word' id='word_1_530' title='bbox 1824 2238 1871 2269; x_wconf 66' lang='lat' dir='ltr'>Ni</span> <span class='ocrx_word' id='word_1_531' title='bbox 1887 2240 1948 2279; x_wconf 86' lang='lat' dir='ltr'>fa-</span> 
     </span>
     <span class='ocr_line' id='line_1_91' title="bbox 1165 2287 1947 2324; baseline -0.005 -6"><span class='ocrx_word' id='word_1_532' title='bbox 1165 2287 1252 2324; x_wconf 72' lang='grc' dir='ltr'>οἶαί,</span> <span class='ocrx_word' id='word_1_533' title='bbox 1283 2289 1368 2322; x_wconf 83' lang='grc'>(1111111</span> <span class='ocrx_word' id='word_1_534' title='bbox 1394 2289 1511 2323; x_wconf 75' lang='lat' dir='ltr'>pendet</span> <span class='ocrx_word' id='word_1_535' title='bbox 1535 2295 1577 2315; x_wconf 85' lang='lat' dir='ltr'>ex</span> <span class='ocrx_word' id='word_1_536' title='bbox 1602 2287 1674 2315; x_wconf 84' lang='lat' dir='ltr'>eius</span> <span class='ocrx_word' id='word_1_537' title='bbox 1699 2288 1882 2323; x_wconf 84' lang='lat' dir='ltr'>voluntate,</span> <span class='ocrx_word' id='word_1_538' title='bbox 1917 2291 1947 2315; x_wconf 92' lang='lat' dir='ltr'>ut</span> 
     </span>
     <span class='ocr_line' id='line_1_92' title="bbox 1165 2330 1948 2368; baseline -0.004 -6"><span class='ocrx_word' id='word_1_539' title='bbox 1165 2335 1217 2368; x_wconf 88' lang='grc'>(1111</span> <span class='ocrx_word' id='word_1_540' title='bbox 1244 2334 1382 2367; x_wconf 83' lang='grc'>10111111111·</span> <span class='ocrx_word' id='word_1_541' title='bbox 1408 2338 1514 2361; x_wconf 87' lang='lat' dir='ltr'>certus</span> <span class='ocrx_word' id='word_1_542' title='bbox 1540 2340 1604 2360; x_wconf 89' lang='lat' dir='ltr'>non</span> <span class='ocrx_word' id='word_1_543' title='bbox 1629 2332 1669 2360; x_wconf 88' lang='lat' dir='ltr'>sit</span> <span class='ocrx_word' id='word_1_544' title='bbox 1694 2331 1769 2365; x_wconf 90' lang='lat' dir='ltr'>quid</span> <span class='ocrx_word' id='word_1_545' title='bbox 1792 2331 1862 2367; x_wconf 81' lang='lat' dir='ltr'>fiat;</span> <span class='ocrx_word' id='word_1_546' title='bbox 1895 2330 1948 2366; x_wconf 79' lang='lat' dir='ltr'>fe-</span> 
     </span>
     <span class='ocr_line' id='line_1_93' title="bbox 1165 2376 1948 2414; baseline -0.003 -6"><span class='ocrx_word' id='word_1_547' title='bbox 1165 2381 1245 2408; x_wconf 83' lang='lat' dir='ltr'>rant</span> <span class='ocrx_word' id='word_1_548' title='bbox 1277 2380 1296 2407; x_wconf 88' lang='lat' dir='ltr'>i.</span> <span class='ocrx_word' id='word_1_549' title='bbox 1331 2387 1359 2407; x_wconf 93' lang='lat' dir='ltr'>e.</span> <span class='ocrx_word' id='word_1_550' title='bbox 1395 2378 1507 2414; x_wconf 87' lang='lat' dir='ltr'>poterit</span> <span class='ocrx_word' id='word_1_551' title='bbox 1546 2385 1623 2406; x_wconf 85' lang='lat' dir='ltr'>esse</span> <span class='ocrx_word' id='word_1_552' title='bbox 1660 2380 1691 2404; x_wconf 87' lang='lat' dir='ltr'>ut</span> <span class='ocrx_word' id='word_1_553' title='bbox 1729 2376 1844 2405; x_wconf 83' lang='lat' dir='ltr'>serant.</span> <span class='ocrx_word' id='word_1_554' title='bbox 1899 2378 1948 2406; x_wconf 84' lang='lat' dir='ltr'>Ita</span> 
     </span>
     <span class='ocr_line' id='line_1_94' title="bbox 1164 2419 1948 2457; baseline -0.001 -5"><span class='ocrx_word' id='word_1_555' title='bbox 1164 2424 1392 2454; x_wconf 84' lang='lat' dir='ltr'>coniunctivus</span> <span class='ocrx_word' id='word_1_556' title='bbox 1413 2422 1595 2457; x_wconf 87' lang='lat' dir='ltr'>praesentis</span> <span class='ocrx_word' id='word_1_557' title='bbox 1614 2430 1686 2450; x_wconf 91' lang='lat' dir='ltr'>cum</span> <span class='ocrx_word' id='word_1_558' title='bbox 1705 2419 1773 2451; x_wconf 81' lang='lat' dir='ltr'>nisi</span> <span class='ocrx_word' id='word_1_559' title='bbox 1791 2422 1948 2456; x_wconf 84' lang='lat' dir='ltr'>particula</span> 
     </span>
     <span class='ocr_line' id='line_1_95' title="bbox 1163 2466 1946 2504; baseline -0.001 -6"><span class='ocrx_word' id='word_1_560' title='bbox 1163 2470 1293 2498; x_wconf 79' lang='lat' dir='ltr'>iunctus</span> <span class='ocrx_word' id='word_1_561' title='bbox 1321 2469 1358 2504; x_wconf 75' lang='lat'>2,</span> <span class='ocrx_word' id='word_1_562' title='bbox 1384 2468 1459 2496; x_wconf 78' lang='lat'>598.</span> <span class='ocrx_word' id='word_1_563' title='bbox 1500 2467 1537 2502; x_wconf 79' lang='lat'>4,</span> <span class='ocrx_word' id='word_1_564' title='bbox 1570 2466 1646 2496; x_wconf 76' lang='lat'>292.</span> <span class='ocrx_word' id='word_1_565' title='bbox 1683 2466 1740 2503; x_wconf 88' lang='lat' dir='ltr'>ll,</span> <span class='ocrx_word' id='word_1_566' title='bbox 1762 2466 1837 2495; x_wconf 79' lang='lat'>912.</span> <span class='ocrx_word' id='word_1_567' title='bbox 1887 2469 1946 2497; x_wconf 83' lang='lat' dir='ltr'>Ov.</span> 
     </span>
     <span class='ocr_line' id='line_1_96' title="bbox 1165 2509 1950 2552; baseline -0.004 -8"><span class='ocrx_word' id='word_1_568' title='bbox 1165 2514 1313 2549; x_wconf 74' lang='lat' dir='ltr'>&#39;l&#39;ris1.;&#39;),</span> <span class='ocrx_word' id='word_1_569' title='bbox 1337 2513 1385 2550; x_wconf 77' lang='grc'>12,</span> <span class='ocrx_word' id='word_1_570' title='bbox 1412 2513 1464 2541; x_wconf 84' lang='grc'>15;</span> <span class='ocrx_word' id='word_1_571' title='bbox 1505 2509 1666 2541; x_wconf 81' lang='lat' dir='ltr'>Pluribus</span> <span class='ocrx_word' id='word_1_572' title='bbox 1682 2520 1847 2548; x_wconf 78' lang='lat' dir='ltr'>accusem,</span> <span class='ocrx_word' id='word_1_573' title='bbox 1863 2510 1950 2552; x_wconf 83' lang='lat' dir='ltr'>fieri</span> 
     </span>
     <span class='ocr_line' id='line_1_97' title="bbox 1164 2555 1947 2599; baseline -0.001 -11"><span class='ocrx_word' id='word_1_574' title='bbox 1164 2558 1232 2588; x_wconf 79' lang='lat' dir='ltr'>nisi</span> <span class='ocrx_word' id='word_1_575' title='bbox 1247 2557 1367 2599; x_wconf 77' lang='lat' dir='ltr'>possit,</span> <span class='ocrx_word' id='word_1_576' title='bbox 1391 2561 1425 2587; x_wconf 83' lang='grc' dir='ltr'>ιιι</span> <span class='ocrx_word' id='word_1_577' title='bbox 1443 2555 1489 2586; x_wconf 82' lang='lat' dir='ltr'>acl</span> <span class='ocrx_word' id='word_1_578' title='bbox 1512 2566 1561 2586; x_wconf 88' lang='lat' dir='ltr'>me</span> <span class='ocrx_word' id='word_1_579' title='bbox 1582 2555 1711 2587; x_wconf 73' lang='lat' dir='ltr'>Littera</span> <span class='ocrx_word' id='word_1_580' title='bbox 1732 2566 1800 2586; x_wconf 83' lang='lat' dir='ltr'>non</span> <span class='ocrx_word' id='word_1_581' title='bbox 1818 2555 1947 2595; x_wconf 79' lang='lat' dir='ltr'>veniat,</span> 
     </span>
     <span class='ocr_line' id='line_1_98' title="bbox 1164 2600 1946 2643; baseline -0.004 -10"><span class='ocrx_word' id='word_1_582' title='bbox 1164 2603 1292 2643; x_wconf 80' lang='lat' dir='ltr'>scripta</span> <span class='ocrx_word' id='word_1_583' title='bbox 1318 2602 1359 2633; x_wconf 75' lang='lat' dir='ltr'>sit</span> <span class='ocrx_word' id='word_1_584' title='bbox 1384 2601 1446 2632; x_wconf 85' lang='lat' dir='ltr'>illa</span> <span class='ocrx_word' id='word_1_585' title='bbox 1471 2606 1594 2632; x_wconf 81' lang='lat' dir='ltr'>lamen.</span> <span class='ocrx_word' id='word_1_586' title='bbox 1642 2603 1683 2631; x_wconf 83' lang='lat' dir='ltr'>cf.</span> <span class='ocrx_word' id='word_1_587' title='bbox 1705 2605 1758 2632; x_wconf 87' lang='lat' dir='ltr'>Gr.</span> <span class='ocrx_word' id='word_1_588' title='bbox 1780 2602 1801 2638; x_wconf 80' lang='lat' dir='ltr'>S</span> <span class='ocrx_word' id='word_1_589' title='bbox 1821 2600 1896 2638; x_wconf 84' lang='lat'>410,</span> <span class='ocrx_word' id='word_1_590' title='bbox 1914 2602 1946 2633; x_wconf 80' lang='lat'>2.</span> 
     </span>
     <span class='ocr_line' id='line_1_99' title="bbox 1163 2645 1946 2688; baseline -0.001 -10"><span class='ocrx_word' id='word_1_591' title='bbox 1163 2666 1206 2669; x_wconf 97' lang='lat'><strong>—</strong></span> <span class='ocrx_word' id='word_1_592' title='bbox 1237 2647 1367 2678; x_wconf 85' lang='lat' dir='ltr'>caelum</span> <span class='ocrx_word' id='word_1_593' title='bbox 1398 2646 1632 2688; x_wconf 77' lang='lat' dir='ltr'>profundum,</span> <span class='ocrx_word' id='word_1_594' title='bbox 1664 2648 1709 2676; x_wconf 88' lang='lat' dir='ltr'>ita</span> <span class='ocrx_word' id='word_1_595' title='bbox 1735 2651 1770 2678; x_wconf 86' lang='lat' dir='ltr'>G.</span> <span class='ocrx_word' id='word_1_596' title='bbox 1801 2645 1838 2683; x_wconf 84' lang='lat'>4,</span> <span class='ocrx_word' id='word_1_597' title='bbox 1870 2646 1946 2677; x_wconf 77' lang='lat'>222.</span> 
     </span>
     <span class='ocr_line' id='line_1_100' title="bbox 1164 2689 1947 2733; baseline -0.003 -10"><span class='ocrx_word' id='word_1_598' title='bbox 1164 2711 1207 2715; x_wconf 79' lang='lat'>-—</span> <span class='ocrx_word' id='word_1_599' title='bbox 1229 2695 1278 2723; x_wconf 78' lang='lat' dir='ltr'>Ad</span> <span class='ocrx_word' id='word_1_600' title='bbox 1302 2702 1368 2722; x_wconf 88' lang='lat' dir='ltr'>rem</span> <span class='ocrx_word' id='word_1_601' title='bbox 1393 2694 1432 2722; x_wconf 86' lang='lat' dir='ltr'>cf.</span> <span class='ocrx_word' id='word_1_602' title='bbox 1459 2695 1552 2722; x_wconf 85' lang='lat' dir='ltr'>Lucr.</span> <span class='ocrx_word' id='word_1_603' title='bbox 1577 2693 1606 2731; x_wconf 87' lang='grc'>1,</span> <span class='ocrx_word' id='word_1_604' title='bbox 1630 2692 1714 2721; x_wconf 74' lang='grc' dir='ltr'>2ῖ9ε</span> <span class='ocrx_word' id='word_1_605' title='bbox 1764 2690 1853 2722; x_wconf 81' lang='lat' dir='ltr'>Sunt</span> <span class='ocrx_word' id='word_1_606' title='bbox 1875 2689 1947 2733; x_wconf 79' lang='lat' dir='ltr'>igi-</span> 
     </span>
     <span class='ocr_line' id='line_1_101' title="bbox 1163 2735 1949 2777; baseline 0 -9"><span class='ocrx_word' id='word_1_607' title='bbox 1163 2742 1219 2769; x_wconf 87' lang='lat' dir='ltr'>tur</span> <span class='ocrx_word' id='word_1_608' title='bbox 1244 2737 1337 2768; x_wconf 76' lang='lat' dir='ltr'>venti</span> <span class='ocrx_word' id='word_1_609' title='bbox 1360 2737 1522 2768; x_wconf 71' lang='lat' dir='ltr'>nimirum</span> <span class='ocrx_word' id='word_1_610' title='bbox 1544 2746 1687 2777; x_wconf 81' lang='lat' dir='ltr'>corpora</span> <span class='ocrx_word' id='word_1_611' title='bbox 1709 2745 1824 2775; x_wconf 87' lang='lat' dir='ltr'>caeca,</span> <span class='ocrx_word' id='word_1_612' title='bbox 1852 2735 1949 2776; x_wconf 80' lang='lat' dir='ltr'>Quae</span> 
     </span>
     <span class='ocr_line' id='line_1_102' title="bbox 1163 2780 1949 2823; baseline -0.001 -10"><span class='ocrx_word' id='word_1_613' title='bbox 1163 2792 1269 2819; x_wconf 79' lang='lat' dir='ltr'>marc,</span> <span class='ocrx_word' id='word_1_614' title='bbox 1297 2793 1384 2823; x_wconf 83' lang='lat' dir='ltr'>quae</span> <span class='ocrx_word' id='word_1_615' title='bbox 1408 2787 1528 2819; x_wconf 76' lang='lat' dir='ltr'>terras,</span> <span class='ocrx_word' id='word_1_616' title='bbox 1553 2791 1641 2823; x_wconf 84' lang='lat' dir='ltr'>quae</span> <span class='ocrx_word' id='word_1_617' title='bbox 1664 2780 1808 2822; x_wconf 80' lang='lat' dir='ltr'>denique</span> <span class='ocrx_word' id='word_1_618' title='bbox 1828 2780 1949 2812; x_wconf 84' lang='lat' dir='ltr'>nubila</span> 
     </span>
     <span class='ocr_line' id='line_1_103' title="bbox 1165 2825 1949 2858; baseline 0.001 -2"><span class='ocrx_word' id='word_1_619' title='bbox 1165 2827 1253 2858; x_wconf 73' lang='lat' dir='ltr'>caeli</span> <span class='ocrx_word' id='word_1_620' title='bbox 1274 2827 1420 2858; x_wconf 79' lang='lat' dir='ltr'>Verrunt</span> <span class='ocrx_word' id='word_1_621' title='bbox 1439 2838 1479 2858; x_wconf 87' lang='lat' dir='ltr'>ac</span> <span class='ocrx_word' id='word_1_622' title='bbox 1500 2826 1608 2858; x_wconf 80' lang='lat' dir='ltr'>subito</span> <span class='ocrx_word' id='word_1_623' title='bbox 1631 2826 1796 2857; x_wconf 71' lang='lat' dir='ltr'>vexantia</span> <span class='ocrx_word' id='word_1_624' title='bbox 1815 2825 1949 2858; x_wconf 76' lang='lat' dir='ltr'>turbiue</span> 
     </span>
     <span class='ocr_line' id='line_1_104' title="bbox 1166 2870 1949 2913; baseline 0.001 -11"><span class='ocrx_word' id='word_1_625' title='bbox 1166 2877 1321 2913; x_wconf 73' lang='lat' dir='ltr'>raptant,</span> <span class='ocrx_word' id='word_1_626' title='bbox 1347 2879 1377 2902; x_wconf 89' lang='lat' dir='ltr'>et</span> <span class='ocrx_word' id='word_1_627' title='bbox 1401 2876 1460 2903; x_wconf 86' lang='lat' dir='ltr'>Ov.</span> <span class='ocrx_word' id='word_1_628' title='bbox 1477 2877 1518 2903; x_wconf 88' lang='grc' dir='ltr'>Μ.</span> <span class='ocrx_word' id='word_1_629' title='bbox 1541 2873 1569 2910; x_wconf 91' lang='grc'>1,</span> <span class='ocrx_word' id='word_1_630' title='bbox 1593 2872 1652 2902; x_wconf 83' lang='grc'>58;</span> <span class='ocrx_word' id='word_1_631' title='bbox 1691 2870 1755 2902; x_wconf 65' lang='lat'>1⁷51</span> <span class='ocrx_word' id='word_1_632' title='bbox 1772 2871 1949 2903; x_wconf 76' lang='lat' dir='ltr'>obsistitur</span> 
     </span>
     <span class='ocr_line' id='line_1_105' title="bbox 1165 2917 1732 2956; baseline 0 -9"><span class='ocrx_word' id='word_1_633' title='bbox 1165 2917 1255 2953; x_wconf 62' lang='lat' dir='ltr'>illic,</span> <span class='ocrx_word' id='word_1_634' title='bbox 1286 2917 1376 2956; x_wconf 71' lang='lat' dir='ltr'>Quin</span> <span class='ocrx_word' id='word_1_635' title='bbox 1401 2917 1532 2948; x_wconf 75' lang='lat' dir='ltr'>lanient</span> <span class='ocrx_word' id='word_1_636' title='bbox 1556 2917 1732 2947; x_wconf 85' lang='lat' dir='ltr'>muudum.</span> 
     </span>
    </p>

    <p class='ocr_par' dir='ltr' id='par_1_26' title="bbox 1210 2962 1857 3000">
     <span class='ocr_line' id='line_1_106' title="bbox 1210 2962 1857 3000; baseline -0.002 -7"><span class='ocrx_word' id='word_1_637' title='bbox 1210 2964 1262 2993; x_wconf 84' lang='lat'>60.</span> <span class='ocrx_word' id='word_1_638' title='bbox 1289 2965 1454 2994; x_wconf 84' lang='lat' dir='ltr'>Obiectum</span> <span class='ocrx_word' id='word_1_639' title='bbox 1475 2965 1629 2994; x_wconf 88' lang='lat' dir='ltr'>omissum</span> <span class='ocrx_word' id='word_1_640' title='bbox 1656 2963 1696 2992; x_wconf 83' lang='lat' dir='ltr'>cf.</span> <span class='ocrx_word' id='word_1_641' title='bbox 1719 2963 1758 3000; x_wconf 83' lang='lat'>2,</span> <span class='ocrx_word' id='word_1_642' title='bbox 1782 2962 1857 2992; x_wconf 78' lang='lat'>492.</span> 
     </span>
    </p>

    <p class='ocr_par' dir='ltr' id='par_1_27' title="bbox 1208 3006 1949 3045">
     <span class='ocr_line' id='line_1_107' title="bbox 1208 3006 1949 3045; baseline 0 -7"><span class='ocrx_word' id='word_1_643' title='bbox 1208 3009 1260 3038; x_wconf 86' lang='grc'>61.</span> <span class='ocrx_word' id='word_1_644' title='bbox 1294 3007 1337 3039; x_wconf 74' lang='lat' dir='ltr'>El</span> <span class='ocrx_word' id='word_1_645' title='bbox 1370 3013 1498 3039; x_wconf 76' lang='lat' dir='ltr'>montes</span> <span class='ocrx_word' id='word_1_646' title='bbox 1524 3006 1613 3040; x_wconf 78' lang='lat' dir='ltr'>altos</span> <span class='ocrx_word' id='word_1_647' title='bbox 1645 3014 1694 3038; x_wconf 87' lang='lat' dir='ltr'>est</span> <span class='ocrx_word' id='word_1_648' title='bbox 1720 3006 1818 3038; x_wconf 86' lang='lat' dir='ltr'>molis</span> <span class='ocrx_word' id='word_1_649' title='bbox 1842 3009 1949 3045; x_wconf 83' lang='lat' dir='ltr'>expli-</span> 
     </span>
    </p>
   </div>
   <div class='ocr_carea' id='block_1_18' title="bbox 2009 0 2044 1169">
    <p class='ocr_par' dir='ltr' id='par_1_28' title="bbox 2009 0 2044 1169">
     <span class='ocr_line' id='line_1_108' title="bbox 2009 0 2044 1169; baseline 0 0"><span class='ocrx_word' id='word_1_650' title='bbox 2009 0 2044 1169; x_wconf 95' lang='lat' dir='ltr'> </span> 
     </span>
    </p>
   </div>
  </div>
 </body>
</html>
