2023 3350
11 2245 13 2256 ι

9 2269 25 2290 41,

11 2319 25 2341 Ιζ

11 2413 13 2421 1

12 2446 13 2463 l

24 2468 25 2476 l

11 2500 14 2511 1

12 2516 13 2526 1

735 111 974 145 AENEIDOS
1007 114 1093 147 LIB.
1120 114 1161 146 V.

128 228 276 271 Circus
311 230 422 279 erat,

1690 113 1771 152 233

471 239 557 280 quo
593 240 638 268 se
674 226 822 268 multis
859 240 954 268 cum
990 228 1164 270 milibus
1200 227 1328 270 heros

127 287 341 329 Concessu
376 284 563 326 medium
595 284 696 325 tulit
734 288 1040 340 exstructoque
1077 285 1247 328 resedit.

1690 286 1772 324 290

126 344 208 385 Hic
249 343 322 397 qui
359 341 471 383 forte
513 341 645 383 velint
683 342 838 396 rapido
880 343 1139 385 contendere
1172 358 1311 397 cursu,

125 401 287 443 Invitat
315 400 473 459 :pretiis
511 399 677 441 animos
717 404 760 442 et
797 402 991 454 praemia
1029 402 1163 455 ponit.

125 458 326 512 Undique
366 457 623 499 conveniunt
661 457 813 500 Teucri
845 459 1054 514 mixtique
1089 459 1250 511 Sicani,

125 516 256 558 Nisus
295 519 338 557 et
369 515 584 569 Euryalus
625 515 766 569 primi,

125 573 340 628 Euryalus
379 572 519 614 forma
551 573 732 626 insignis
763 573 977 626 viridique
1014 573 1198 623 iuventa,

1691 579 1714 617 10

1720 579 1742 617 <2

1750 578 1772 616 01

125 632 254 673 Nisus
289 644 436 673 amore
474 631 545 685 pio
579 631 720 684 pueri3
763 645 872 684 quos
912 630 1064 672 deinde
1100 635 1272 673 secutus

126 689 283 743 Regius
327 689 499 743 egregia
534 688 694 730 Priami
739 689 789 730 de
830 689 962 742 stirpe
1004 688 1173 740 Diores3

126 746 253 788 Hunc
293 746 433 789 Salius
469 746 595 787 simul
633 750 674 788 et
714 747 897 798 Patron,

948 760 1132 800 quorum
1168 747 1280 788 alter
1315 747 1527 799 Acarnan,

128 805 253 846 Alter
286 804 341 845 ab
378 804 564 846 Arcadio
601 804 820 857 Tegeaeae
858 804 1066 857 sanguine
1103 805 1262 857 gentis;

127 862 233 904 Tum
269 861 353 903 duo
391 861 601 903 Trinacrii
640 862 834 913 iuvenes,

126 919 307 961 Adsueti
342 919 477 971 silvis,

876 862 1082 916 Helymus
1121 862 1416 917 Panopesque,

523 919 702 961 comites
740 920 920 962 senioris
959 920 1163 971 Acestae,

1691 865 1774 903 300

126 977 254 1019 Multi
291 981 536 1031 praeterea,
584 991 691 1030 quos
729 977 846 1019 fama
885 977 1072 1018 obscura
1105 976 1313 1017 recondit.

127 1036 294 1077 Aeneas
335 1034 490 1089 quibus
525 1035 570 1076 in
601 1035 754 1076 mediis
794 1035 855 1076 sic
894 1034 1048 1075 deinde
1083 1033 1271 1075 locutus:

127 1093 322 1147 Accipite
356 1093 463 1134 haec
500 1093 654 1134 animis
691 1093 915 1145 laetasque
951 1091 1165 1132 advertite
1202 1094 1379 1132 mentes.

128 1151 264 1192 Nemo
298 1164 350 1192 ex
384 1150 468 1191 1100
503 1163 680 1191 numero
720 1150 825 1190 mihi
862 1163 948 1190 non
990 1148 1174 1189 donatus
1212 1148 1363 1190 abibit.

1694 1153 1776 1190 305

129 1208 290 1249 Gnosia
326 1207 429 1249 bina
463 1206 577 1249 dabo
616 1207 758 1248 levato
798 1206 942 1248 lucida
978 1205 1096 1247 ferio

129 1266 186 1320 Sp
190 1265 305 1307 icula
337 1265 633 1319 caelatamque
666 1268 848 1318 argento
888 1264 1001 1306 ferre
1036 1263 1278 1328 bipennem.

129 1323 337 1365 Omnibus
376 1322 446 1364 hic
488 1323 570 1364 erit
607 1336 716 1364 unus
756 1322 912 1364 honos:

963 1325 1051 1363 ties
1090 1321 1285 1375 praemia
1324 1319 1454 1375 primi

133 1381 376 1435 Accipient,
420 1380 618 1434 flavaque
654 1384 785 1434 caput
821 1383 1047 1421 nectentur
1084 1379 1209 1420 oliva

127 1439 296 1480 Ρ11111118
337 1452 494 1492 equum
532 1437 724 1492 phaleris
763 1438 975 1491 insignem
1013 1437 1151 1478 victor
1188 1435 1369 1487 habeto,

1696 1439 1778 1477 310

129 1497 253 1539 Alter
284 1496 562 1538 Amazoniam
596 1472 874 1551 pharetroam
881 1495 1139 1550 plenamque
1180 1493 1352 1548 sagittis

130 1626 228 1656 facile
259 1627 419 1656 videmus.
468 1626 539 1655 Alii
574 1629 734 1655 habebant
772 1633 933 1655 consessu

130 1674 275 1702 dativum
301 1673 340 1702 cf.
369 1671 398 1710 3,
427 1670 504 1709 5⁴1,
534 1673 627 1701 finem
660 1677 765 1701 motus
796 1673 932 1706 signan-

130 1724 203 1748 tem.
250 1715 303 1748 Rb
335 1719 390 1753 qui
414 1727 477 1747 non
498 1720 568 1747 vult
593 1721 767 1748 exstructo
791 1719 831 1746 ad
855 1727 933 1746 con-

133 1773 226 1793 svssu
255 1765 442 1801 adiungere,
473 1769 544 1799 post
572 1761 698 1793 resedit
717 1772 850 1793 versum
877 1772 934 1792 su-

132 1811 189 1838 mit
213 1810 387 1845 excidisse,
412 1812 496 1845 quod
524 1810 669 1845 sequitur
695 1807 757 1838 Ld.
807 1810 934 1838 Similis

131 1858 225 1886 locus
251 1856 442 1885 describitur
468 1858 546 1885 Stat.
573 1857 670 1885 Theb.
701 1853 731 1893 6,
754 1854 829 1884 255.

181 1900 256 1930 292.
285 1898 429 1931 Animos
460 1910 505 1931 sc.
533 1910 642 1930 eorum
675 1903 730 1936 qui
755 1902 860 1930 velint
892 1901 931 1930 cf.

135 1945 166 1986 4,
191 1945 266 1976 597.
317 1948 418 1981 Quam
442 1951 638 1976 structuram
670 1955 808 1983 „parum
834 1948 934 1977 casti-

133 1991 263 2030 gatam“
290 1998 323 2022 ut
355 1994 433 2022 vitet
472 1990 521 2021 ΡΙ.
547 1994 626 2021 delet
651 1991 786 2021 animos
806 2008 849 2013 —
872 2001 933 2030 po-

133 2036 206 2075 m‘t,
241 2043 271 2068 et
304 2047 422 2068 versus
447 2038 648 2072 imperfectos
677 2039 822 2072 proxime
845 2038 934 2072 posi-

135 2088 184 2114 tos
211 2093 285 2114 esse
311 2086 424 2123 sumit,
462 2092 528 2113 rem
554 2091 637 2119 quae
662 2091 825 2118 nusquam
849 2083 936 2112 facta

135 2135 193 2160 est.

182 2174 260 2205 293.
289 2173 413 2205 Sicani
439 2176 478 2205 cf.
509 2172 584 2204 108.

182 2220 258 2251 295.
293 2219 425 2251 Viridis
449 2222 566 2251 dicitur
590 2229 641 2250 res
666 2220 788 2256 omnis,
814 2219 847 2248 in
873 2226 938 2254 qua

136 2272 186 2298 est
210 2268 263 2297 vis
294 2272 426 2304 vegeta,
464 2268 557 2297 cuius
591 2267 625 2295 in
659 2266 780 2301 plantis
809 2266 937 2301 signum

138 2318 188 2343 est
217 2314 378 2343 viriditas.
429 2315 499 2342 Non
531 2315 617 2342 color
651 2312 850 2348 significatur
881 2312 938 2339 sed

136 2360 240 2396 vigor.
289 2361 367 2389 Inde
390 2360 544 2388 Charonti
568 2359 718 2387 tribuitur
750 2354 860 2386 cruda
890 2353 939 2385 υἰ-

137 2402 296 2444 ridisque
319 2408 474 2433 senet-tus
504 2403 534 2441 6,
559 2402 635 2441 304,
660 2411 742 2439 quae
769 2405 869 2432 verba
890 2410 940 2431 re-

138 2450 229 2486 petiit
261 2451 337 2480 Tac.
367 2451 446 2487 Agr.
479 2448 532 2479 29.
580 2451 677 2485 Apud
707 2449 861 2478 Ovidium
892 2452 941 2477 est

139 2492 266 2524 viridis
297 2493 460 2525 iuventus
493 2496 535 2524 A.
564 2496 605 2524 A.
640 2494 676 2533 3,
702 2492 778 2523 557.
828 2496 942 2522 Poste-

144 2542 246 2570 riores
271 2546 382 2576 poetae
408 2543 461 2570 vel
486 2542 525 2570 ad
555 2542 703 2569 homines
733 2540 940 2569 transferunt.

141 2588 194 2617 Sic
221 2588 306 2621 apud
332 2587 449 2615 Silium
480 2591 527 2615 est
558 2583 703 2615 0οηςί1ἰο
728 2583 857 2614 viridis
882 2581 942 2613 sed

141 2630 230 2661 bello
253 2640 348 2661 serus
375 2631 404 2669 3,
427 2630 504 2667 255,
530 2639 581 2666 ap.
608 2633 720 2660 Claud.
744 2632 845 2660 Laud.
871 2631 942 2659 Stil.

140 2676 172 2716 1,
198 2675 264 2706 324
290 2675 416 2707 viridis
443 2675 558 2713 miles,
593 2678 668 2706 Val.
695 2678 741 2705 Fl.
773 2675 801 2713 1,
823 2674 864 2704 77
897 2674 944 2705 're

141 2721 288 2753 viridem
316 2721 410 2752 videt
432 2720 686 2762 immunemque
711 2725 886 2757 senectae,
915 2726 943 2750 et

142 2772 222 2800 Stat.
254 2770 337 2798 dixit
370 2765 501 2798 virides
530 2776 645 2808 genos
677 2769 773 2796 Theb.
803 2766 840 2803 6,
869 2765 942 2796 199.

142 2819 172 2845 et
200 2812 343 2844 samin..-
388 2812 488 2843 Wem
518 2811 576 2842 die
610 2810 746 2842 Loclcen
770 2810 857 2842 noch
882 2810 944 2851 ju-

142 2857 311 2901 gendh‘rh
349 2859 501 2901 griinen.
568 2860 668 2888 Nisus
708 2863 737 2888 et
778 2861 944 2895 Euryalus

144 2907 242 2936 amici
266 2910 351 2942 sunt,
373 2914 507 2941 quorum
532 2906 554 2933 l.
579 2902 609 2934 9.
631 2913 716 2933 mors
741 2905 943 2935 describitur.

192 2950 267 2981 297.
293 2952 417 2989 Regius
442 2952 556 2980 Diores
580 2954 643 2987 est,
670 2951 754 2985 quod
778 2954 827 2980 est
851 2959 868 2979 e
894 2959 945 2979 re-

144 2999 199 3035 gia
230 2998 340 3033 stirpe.

147 3041 199 3082 12,
224 3041 301 3072 509.

395 2998 511 3026 Diores
543 3004 563 3026 a
596 2997 703 3026 Turno
737 3000 784 3025 est
815 2996 945 3025 occisus

1028 1623 1103 1654 298.
1135 1621 1292 1660 Salium,
1318 1624 1412 1653 cuius
1438 1632 1524 1652 mors
1551 1630 1700 1653 narratur
1731 1621 1779 1661 10,

981 1669 1066 1707 753,
1103 1680 1144 1700 ex
1176 1672 1283 1705 Tegea
1308 1670 1471 1699 Arcadiae
1502 1673 1579 1699 urbe
1609 1671 1780 1699 oriundum

982 1718 1078 1753 facit,
1118 1717 1178 1746 alii
1206 1718 1328 1745 Solium
1355 1717 1497 1751 aliquem
1523 1717 1657 1746 Aeneae
1681 1717 1781 1745 001111-

982 1767 1044 1792 tem
1071 1772 1112 1791 ex
1137 1763 1305 1791 Mantinea
1330 1763 1487 1791 deducunt
1516 1762 1554 1791 cf.
1579 1764 1619 1791 ad
1645 1761 1675 1798 8,
1703 1760 1778 1790 285.

982 1810 1118 1838 Omnino
1152 1809 1299 1838 Arcades
1325 1809 1435 1836 multis
1459 1808 1579 1837 fabulis
1601 1817 1672 1837 cum
1698 1809 1781 1837 Dar-

981 1856 1076 1883 danis
1100 1855 1199 1884 iuncti
1230 1858 1303 1882 sunt
1333 1854 1371 1883 cf.
1398 1852 1429 1889 S,
1459 1851 1532 1882 165.
1568 1870 1605 1874 —-
1649 1851 1781 1882 Patron

980 1902 1155 1930 secundum
1192 1901 1284 1929 Dion.
1323 1901 1396 1928 Hal.
1442 1896 1475 1934 l,
1512 1896 1552 1927 51
1591 1903 1659 1928 erat
1695 1908 1782 1928 unus

979 1956 1021 1976 ex
1054 1947 1112 1980 iis,
1145 1947 1200 1981 qui
1224 1949 1264 1975 ab
1292 1947 1414 1974 Heleno
1439 1945 1516 1982 dati,
1544 1945 1602 1980 (cf.
1631 1944 1660 1981 3,
1681 1942 1778 1981 470.)

980 1994 1113 2021 Aeneae
1156 1992 1215 2021 iter
1256 1992 1289 2020 in
1334 1992 1466 2020 Italiam
1510 1996 1779 2020 monstraverant.

981 2040 1014 2066 Is
1035 2038 1090 2066 ubi
1115 2039 1156 2066 ad
1182 2038 1314 2067 Italiam
1333 2042 1466 2066 ventum
1488 2041 1546 2072 est,
1565 2046 1662 2072 quum
1685 2037 1782 2066 ceteri

980 2088 1217 2112 reverterentur
1225 2106 1233 2121 ,

983 2129 1113 2157 mansit.

1033 2171 1107 2201 302.
1133 2172 1233 2207 fama
1261 2170 1406 2202 obscura
1432 2170 1588 2201 recondit
1615 2174 1653 2203 cf.
1682 2172 1712 2210 3,
1729 2171 1782 2202 70.

1030 2217 1105 2247 305.
1138 2216 1298 2247 Donatm
1324 2215 1433 2247 abibit
1456 2222 1488 2246 ut
1511 2216 1576 2245 314
1605 2221 1786 2247 contentus

986 2260 1097 2300 abito,
1135 2268 1164 2293 et
1195 2261 1226 2300 2,
1259 2261 1329 2292 169.
1378 2264 1444 2291 Res
1472 2264 1630 2298 primaria
1655 2268 1703 2292 est
1727 2265 1782 2292 do-

985 2311 1084 2343 natio,
1110 2319 1173 2338 non
1195 2309 1310 2338 abitus.

1033 2354 1108 2384 306.
1142 2351 1273 2383 Gnosia
1299 2356 1373 2383 MR.
1418 2350 1546 2382 Cnosia
1572 2355 1607 2382 P.
1630 2363 1691 2383 rec.
1721 2351 1784 2383 Hb.

1033 2400 1109 2430 307.
1136 2398 1323 2430 caelatam.
1356 2403 1438 2429 Nam
1459 2401 1492 2428 in
1514 2400 1602 2435 ligno
1629 2400 1785 2429 formatae

1267 2084 1402 2112 Aeneae
1427 2083 1575 2118 precihus
1600 2088 1706 2112 motus
1732 2092 1784 2112 re-

986 2452 1076 2476 erant
1113 2456 1154 2476 ex
1189 2451 1321 2483 argento
1357 2447 1486 2483 figurae.
1526 2460 1563 2465 —-
1604 2442 1785 2485 bipennem

987 2493 1026 2523 cf.
1058 2491 1108 2529 11,
1136 2490 1212 2521 651.

1035 2537 1110 2567 308.
1136 2539 1235 2571 Haec,
1267 2545 1350 2572 quae
1375 2537 1554 2570 nominavi,
1581 2545 1702 2573 omnes,
1728 2536 1783 2571 qui

989 2589 1150 2614 certamen
1172 2584 1312 2617 inierint,
1337 2584 1511 2617 accipient:
1532 2582 1587 2617 qui
1605 2586 1669 2611 tres
1691 2582 1785 2617 primi

990 2636 1098 2664 erunt.
1129 2631 1226 2659 etiam
1250 2636 1399 2659 eoronam
1429 2629 1629 2664 oleaginam;
1661 2632 1786 2663 praete-

989 2684 1046 2705 rea
1085 2677 1207 2711 primus
1249 2683 1366 2709 equum
1404 2679 1581 2708 armatum,
1624 2675 1786 2703 secundus

990 2725 1173 2757 pharetram
1192 2721 1409 2750 Amazoniam
1434 2724 1546 2749 aurato
1575 2721 1690 2757 balteo,
1724 2724 1787 2748 ter-

989 2769 1055 2797 tius
1083 2769 1211 2803 galeam
1235 2766 1368 2795 auferet.

1038 2811 1114 2841 310.
1140 2815 1250 2847 Equus
1271 2813 1461 2846 phaleratus
1479 2811 1615 2840 donatur
1632 2818 1652 2840 a
1670 2815 1787 2840 senatu

990 2861 1136 2888 Romano
1172 2859 1245 2886 Liv.
1278 2854 1339 2893 43,
1366 2856 1396 2884 5.
1437 2853 1498 2893 44,
1525 2853 1578 2885 14.
1627 2858 1788 2886 phalerae

990 2913 1145 2940 equorum
1176 2906 1348 2939 argenteae
1378 2906 1595 2931 memoruntur
1626 2903 1700 2931 Liv.
1734 2900 1787 2939 22,

993 2948 1035 2978 52
1060 2951 1093 2978 in
1120 2950 1241 2984 praeda
1264 2948 1438 2977 Cannensi.
1487 2949 1535 2978 De
1560 2948 1704 2984 phaleris
1727 2948 1787 2977 mi-

990 2997 1082 3025 litum
1108 2995 1147 3024 cf.
1177 2992 1208 3031 9,
1233 2990 1309 3022 359.

1041 3037 1116 3069 311.
1142 3042 1178 3068 Et
1204 3041 1389 3068 Amazones
1416 3039 1455 3069 cf.
1486 3036 1513 3078 1,
1538 3036 1602 3067 490
1628 3043 1658 3068 et
1685 3040 1788 3068 Thra-
