2023 3350
683 82 920 116 AENEIDOS
949 85 1034 117 LIB.
1063 86 1140 118 vll.

1658 88 1738 127 381

86 196 320 239 Somnifcri
361 200 404 239 et
437 196 594 238 Marsis
634 197 856 250 quaesitae
892 197 1110 240 montibus
1149 197 1321 240 herbae.

83 255 142 296 Te
181 269 329 296 nemus
366 255 614 308 Anguitiae,
658 255 797 298 vitrea
834 259 877 298 te
911 256 1098 298 Fucinus
1136 256 1266 308 unda,

81 310 142 355 Te
176 312 334 366 liquidi
370 312 523 354 flevere
561 313 694 354 lacus.

1660 315 1743 354 760

200 370 300 412 Ibat
337 373 380 412 et
418 370 646 424 Hippolyti
684 370 831 425 proles
869 369 1164 424 pulcherrima
1195 369 1325 423 bello,

85 427 280 481 Virbius,
319 427 531 482 insignem
569 441 695 482 quem
733 431 872 470 mater
902 428 1049 471 Aricia
1082 428 1211 481 misit,

85 604 224 632 vulnera
249 603 359 641 illata,
393 604 476 638 quod
503 608 551 632 est
579 608 691 633 contra
720 613 814 634 usum
842 605 890 633 di-

85 649 192 685 cendi,
233 657 336 684 neque
371 650 458 678 enim
494 647 529 678 in
557 651 664 679 solum
694 651 760 679 iam
794 653 889 679 habet

83 695 155 724 vim
180 695 414 724 adversativae
437 697 494 724 sed
518 697 638 731 accipit
661 704 681 725 a
704 699 802 725 verbo
826 697 891 725 ali-

82 749 145 776 quo
165 742 378 771 adversativo
402 739 519 778 irasci,
548 740 739 771 orationem
763 739 891 771 habere

84 785 121 815 in
144 789 205 816 etc.
257 789 365 822 Neque
391 788 499 816 minus
530 788 674 822 ineptum
710 792 757 817 651
783 789 890 823 expli-

82 839 158 861 care
180 830 227 861 ad
250 830 415 862 sananda
448 831 607 862 vulnera.
639 849 677 854 —-
706 835 828 863 Contra
854 831 889 862 in

84 876 250 914 vulnere3
280 879 301 908 i.
332 888 359 908 e.
387 887 485 914 quum
510 881 703 908 vulneratus
738 884 823 908 esset
849 882 888 908 ab

82 925 199 953 Aenea
217 923 270 959 (ut
290 923 325 954 in
345 928 455 954 morte
478 925 508 962 6,
534 922 598 953 371
616 930 645 954 et
664 933 715 960 ap.
735 926 889 960 optimum

82 971 279 1007 quemque),
316 979 380 999 111111
414 971 529 999 iuvere
567 971 639 1000 eius
678 976 783 1008 artes,
825 980 890 1000 non

84 1017 184 1052 potuit
209 1017 364 1046 medicari
389 1017 535 1052 cuspidis
560 1017 669 1056 ictum,
699 1018 753 1053 qui
776 1021 889 1053 potue-

84 1066 133 1091 rat
157 1063 318 1098 serpentis
343 1071 487 1092 morsum
511 1065 635 1092 levare.

130 1105 208 1137 758.
234 1106 419 1138 montibus.
467 1109 515 1138 Cf.
539 1109 608 1138 Tib.
638 1106 666 1145 1,
689 1108 720 1146 5,
748 1106 789 1136 53
812 1105 889 1137 1161·-

84 1151 216 1194 basque
245 1151 416 1193 sepulcris
448 1157 606 1194 quaerat.
657 1154 692 1182 Si
722 1154 892 1188 praeposi-

82 1201 203 1229 tionem
232 1201 349 1229 addere
382 1201 457 1230 licet
489 1200 671 1236 praeferam
704 1201 821 1229 addere
847 1208 889 1229 ex

83 1254 180 1282 quam
208 1243 254 1275 in.

131 1290 208 1320 759.
236 1293 346 1321 Lucus
375 1292 556 1328 Anguitiae
595 1295 664 1321 erat
705 1293 746 1320 ad
781 1293 889 1320 lacum

84 1338 244 1367 Fucinum
267 1337 323 1372 (L.
352 1338 385 1366 di
401 1338 543 1374 Celano]
570 1338 604 1366 in
623 1338 813 1372 Apenninni
838 1338 889 1365 iu—

83 1384 134 1421 gis
166 1385 275 1413 situm.
318 1399 356 1403 —
398 1381 612 1424 Anguitiam
646 1384 784 1412 Servius
816 1392 889 1412 esse

84 1430 161 1460 dicit
192 1431 351 1459 Medeam.
400 1430 509 1458 Aliter
538 1436 590 1464 ap.
622 1430 723 1458 Solin.
756 1428 792 1465 2,
827 1427 888 1458 281

85 1476 219 1506 Caelius
246 1475 461 1511 [Antipater]
488 1476 612 1504 Aeetae
640 1480 704 1504 tres
728 1476 814 1504 filias
839 1475 889 1503 di-

82 1523 135 1559 cit,
162 1522 343 1559 Angitiam,
368 1522 516 1550 Medeam
538 1526 567 1550 et
588 1521 705 1551 Circen
736 1519 890 1551 Circeios

83 1565 256 1598 insedisse
298 1570 510 1596 montes...
565 1568 736 1603 Angitiam
777 1568 889 1597 vicina

82 1614 209 1643 Fucina
226 1613 453 1651 occupavisse,
475 1614 584 1649 ibique
604 1614 731 1642 salubri
750 1614 890 1643 seientia

82 1662 245 1689 adversus
266 1662 394 1688 morbos
417 1660 632 1697 resistentem,
660 1668 757 1694 quum
781 1660 889 1688 dedis-

83 1710 131 1735 set
158 1706 320 1734 hominem
346 1706 469 1741 vivere,
495 1707 589 1734 deam
606 1704 785 1734 habitam.“
829 1706 887 1733 Sil.

82 1749 121 1789 8,
146 1750 213 1779 500
242 1750 372 1780 Aeetae
396 1749 528 1789 prolem
557 1749 769 1791 Anguitiam
794 1749 890 1779 mala

83 1795 253 1838 gramina
292 1794 444 1835 primam
480 1794 732 1825 monstravisse
764 1795 891 1833 ferunt

86 1844 252 1882 tactuque
267 1839 410 1870 domare
427 1850 568 1870 venena.
604 1839 782 1882 Anguilia
805 1839 890 1881 Wg.

86 1886 240 1929 Angitia
264 1884 327 1915 Hb.
355 1884 418 1916 Ld.
446 1902 482 1906 —
512 1885 625 1916 vitrea
652 1885 759 1923 unda,
786 1889 891 1922 pellu-

83 1935 174 1969 cida;
215 1934 263 1962 ita
296 1934 371 1961 Hor.
405 1933 439 1962 C.
476 1930 513 1969 3,
554 1931 613 1969 13,
650 1929 678 1962 1.
746 1930 774 1961 0
808 1932 890 1969 fons

88 1977 296 2009 Bandusiae
324 1975 544 2018 splendidior
571 1977 670 2008 vitro.
719 1981 770 2008 Ita
793 1979 891 2008 fontis

86 2027 193 2056 vitrea
214 2029 310 2055 antra
334 2029 553 2054 memorantur
576 2032 596 2053 a
620 2026 678 2053 Sil.
705 2023 737 2062 8,
769 2023 833 2054 192
861 2029 891 2054 61

85 2070 124 2109 4,
147 2069 212 2100 347
246 2068 357 2100 vitreo
388 2078 487 2110 quem
515 2067 671 2100 Fucinus
697 2073 800 2101 antro
825 2080 890 2099 uu-

84 2115 222 2148 lrierat.
271 2118 318 2145 De
344 2117 466 2145 Fucino
498 2117 581 2145 mira
612 2118 743 2151 collegit
775 2119 890 2145 Strabo

85 2164 125 2201 5,
157 2162 194 2201 3,
229 2161 270 2191 13
304 2171 334 2198 p.
369 2160 445 2191 240.
504 2164 614 2192 Rebus
644 2163 802 2192 inanimis
834 2163 890 2191 tri-

85 2210 194 2239 buitur
220 2217 340 2239 sensus
370 2212 401 2237 et
434 2212 541 2237 motus
573 2210 755 2238 animorum
786 2209 834 2237 sic
859 2207 891 2246 8,

85 2253 139 2284 91.
191 2257 227 2284 Ε.
263 2253 298 2291 1,
333 2253 385 2283 39.
439 2253 494 2292 10,
530 2252 582 2284 13.
641 2252 746 2284 Illum
784 2253 891 2284 etiam

85 2299 198 2340 lauri,
224 2298 330 2331 etiam
351 2298 476 2338 flevere
501 2298 663 2340 myricae.

190 2378 397 2411 761—782.
446 2377 567 2410 Proles
593 2378 787 2421 Hippolyti.

132 2436 210 2467 761.
237 2435 476 2477 „Hippolytus
527 2446 626 2473 quum
680 2435 889 2474 Phaedram,

86 2492 290 2520 novercam,
320 2485 358 2512 de
386 2488 496 2519 stupro
525 2485 787 2519 interpellantem
813 2492 889 2513 con-

86 2531 282 2567 tempsisset,
310 2530 394 2559 falso
420 2531 548 2558 delatus
573 2531 614 2558 ad
637 2536 761 2565 patrem
785 2530 890 2564 [The-

87 2577 199 2613 seum]
227 2580 293 2610 est,
318 2577 401 2611 quod
425 2576 455 2604 ei
476 2576 546 2604 vim
570 2577 733 2605 voluisset
756 2576 887 2605 inferre.

86 2625 148 2652 Ille
178 2623 326 2659 Aegeum
356 2621 419 2656 (al.
450 2622 653 2658 Neptunum]
688 2626 811 2657 patrem
837 2631 888 2651 ro-

87 2669 190 2706 gavit,
216 2673 251 2698 ut
273 2676 309 2697 se
331 2668 555 2705 ulcisceretur,
581 2668 636 2703 qui
657 2668 796 2704 agitanti
815 2677 889 2697 cur-

88 2723 145 2745 rus
170 2715 347 2750 Hippolyto
372 2714 509 2743 immisit
539 2716 692 2751 phocam,
724 2721 790 2748 qua
813 2714 889 2749 equi

86 2762 190 2791 territi
223 2769 297 2790 eum
327 2763 506 2789 traxerunt.
556 2761 646 2789 'runc
675 2760 784 2789 Diana
817 2761 889 2789 eius

87 2808 237 2838 castitate
261 2811 437 2841 commota,
471 2806 643 2835 revocavit
673 2814 748 2835 eum
774 2809 814 2835 ab
838 2807 888 2835 in-

86 2854 165 2883 feris
196 2854 231 2882 in
268 2853 371 2883 vitam
404 2861 460 2887 per
493 2852 746 2890 Aesculapium,
788 2853 889 2881 filium

88 2900 256 2934 Apollinis
275 2903 306 2929 et
325 2898 496 2929 Coronidis
522 2919 529 2926 .
608 2899 671 2927 Sed
686 2898 795 2927 Diana
808 2899 889 2933 Hip-

88 2947 235 2981 polytum
266 2949 457 2975 revocatum
488 2947 529 2973 ab
561 2944 677 2973 inferis
711 2944 745 2973 in
774 2944 891 2974 Aricia

90 2992 258 3027 Nymphae
291 2991 531 3022 commendavit
560 2990 715 3028 Egeriae,
752 2993 783 3019 et
816 2999 890 3020 eum

938 604 1087 633 Virbitnn
1105 604 1201 639 quasi
1219 600 1270 633 bis
1294 600 1407 632 virum
1420 599 1478 642 (Ι)
1502 604 1598 633 1115511
1615 604 1740 640 vocari,

938 651 1033 679 cuius
1068 659 1154 680 1111116
1191 650 1294 679 filium
1333 651 1555 685 cognominem
1594 651 1671 679 dicit
1707 650 1741 679 in

938 698 1058 725 bellum
1085 696 1215 731 venire3
1252 697 1331 724 adeo
1357 696 1467 724 omnia
1499 697 1563 724 ista
1587 696 1739 725 fabulosa

937 747 1022 771 sunt.
1074 744 1155 770 Nam
1185 750 1284 777 quum
1315 746 1428 770 castus
1454 742 1563 776 utique
1589 743 1741 771 inductus

938 789 979 816 sit
1010 792 1039 817 et
1072 789 1127 823 qui
1152 796 1280 822 semper
1306 789 1400 816 solus
1427 788 1641 825 habitaverit,
1681 790 1741 816 ha-

936 834 1048 862 buisse
1071 838 1179 863 tamen
1201 834 1330 870 fingitur
1350 833 1460 862 tilium.
1511 835 1559 862 Re
1580 841 1660 862 vera
1680 840 1741 862 au-

937 884 999 908 tem
1024 880 1161 909 Virbius
1195 884 1244 908 est
1275 887 1394 908 numen
1427 879 1632 909 coniunctum
1661 880 1742 908 Dia-

937 933 1009 961 nae,
1033 931 1067 954 ut
1083 926 1181 955 Matri
1205 927 1299 954 deum
1316 925 1415 961 AtyS,
1440 925 1610 954 Minervae
1627 926 1741 954 Erich-

937 971 1083 1007 thonius,
1116 971 1237 1000 Veneri
1261 971 1422 999 Adonis.·'·
1451 972 1482 999 S.
1532 972 1644 1000 Prava
1670 971 1741 1006 opi-

936 1018 1032 1046 nione
1065 1018 1150 1046 ducti
1187 1016 1422 1046 confundebant
1459 1017 1583 1050 antiqui
1617 1017 1740 1051 Hippo-

935 1065 1042 1099 lytum
1068 1067 1097 1091 et
1122 1063 1283 1091 Virbium.
1334 1062 1382 1090 Cf.
1399 1063 1458 1090 Ov.
1477 1064 1519 1090 M.
1544 1061 1595 1099 15,
1621 1061 1738 1090 497-

937 1108 1014 1137 5-15.
1064 1109 1151 1136 Fast.
1180 1106 1210 1143 6,
1238 1105 1303 1135 733
1330 1115 1377 1141 sq.
1427 1108 1527 1135 Paus.
1558 1105 1588 1143 2,
1625 1105 1676 1145 27,
1709 1106 1740 1137 4.

940 1170 977 1174 -
1005 1155 1119 1183 Adeas
1146 1155 1184 1182 de
1211 1156 1273 1182 hac
1300 1152 1414 1181 fabula
1439 1153 1557 1181 librum
1580 1154 1742 1187 Hartungi

938 1198 956 1228 2
982 1208 1012 1235 p.
1039 1196 1246 1228 etl—217.
1276 1214 1314 1218 -
1341 1195 1581 1238 pulcherrima
1609 1196 1698 1228 bello
1721 1200 1741 1228 i.

937 1254 963 1275 e.
992 1250 1178 1281 praestans.
1227 1246 1367 1274 Pulcher
1385 1248 1494 1273 autem
1513 1245 1630 1273 dicitur
1648 1253 1742 1280 prae-

937 1294 1047 1321 clarus
1073 1299 1275 1327 quocumque
1301 1291 1334 1319 in
1359 1299 1495 1327 genere,
1521 1298 1585 1325 qua
1608 1291 1683 1325 quis
1709 1300 1743 1320 re

937 1339 1070 1373 pulcher
1094 1338 1152 1375 sit,
1184 1337 1347 1366 indicatur
1378 1337 1486 1365 addito
1510 1337 1674 1365 ablativo:
1710 1335 1741 1375 1,

935 1383 1002 1412 500
1030 1382 1154 1421 forma
1182 1380 1422 1423 pulcherrima
1454 1379 1564 1419 Dido,
1604 1381 1640 1420 9,
1677 1381 1742 1411 684

933 1426 1080 1470 pulcher
1105 1426 1318 1468 Aequiculus
1344 1425 1464 1457 armis.
1514 1429 1549 1456 Si
1574 1428 1658 1457 nihil
1685 1431 1743 1457 ad-

935 1476 1036 1512 ditur,
1067 1475 1263 1511 intelligitur
1287 1475 1431 1509 corporis
1457 1475 1570 1503 forma.
1621 1476 1683 1504 Sed
1711 1476 1742 1504 si

935 1522 1052 1551 dicitur
1083 1530 1116 1550 v.
1154 1519 1220 1549 657
1262 1523 1363 1550 satus
1404 1517 1555 1549 Hercule
1592 1518 1742 1560 pulchro

933 1565 1080 1608 pulcher
1105 1564 1320 1602 Aventinus,
1352 1567 1503 1595 videmus
1532 1567 1565 1595 in
1594 1567 1668 1595 viro
1692 1567 1742 1595 in-

935 1614 1041 1650 telligi
1065 1621 1137 1642 eam
1160 1613 1446 1649 pulchritudinem,
1472 1620 1536 1648 qua
1558 1613 1647 1641 vires
1670 1614 1742 1642 61115

934 1660 1190 1695 conspiciuntur.
1241 1660 1279 1687 Et
1304 1656 1449 1698 pulcher
1476 1666 1495 1688 a
1527 1656 1659 1698 pollere
1686 1661 1743 1688 de-

935 1708 1054 1734 ducunt
1085 1710 1114 1734 et
1147 1702 1264 1744 polcer
1288 1705 1472 1739 antiquitus
1501 1713 1640 1733 sonasse
1665 1713 1743 1733 6011-

935 1752 1070 1780 firmant.
1128 1751 1175 1779 Cf.
1203 1752 1288 1778 Flor.
1323 1748 1359 1787 4,
1394 1748 1432 1787 4,
1467 1750 1485 1778 5
1521 1753 1602 1780 tunc
1633 1748 1740 1779 eliam

933 1794 1080 1836 pulcher
1110 1804 1219 1825 manu
1255 1793 1436 1834 apparuit.
1494 1798 1603 1830 Neque
1635 1801 1742 1825 tamen

934 1845 1095 1871 absonum
1116 1846 1163 1870 651
1182 1842 1316 1877 iungere
1335 1838 1407 1869 ibat
1430 1839 1530 1879 bello,
1557 1843 1613 1870 sed
1629 1843 1741 1870 ordine

936 1891 1107 1917 verborum
1133 1889 1286 1922 probatur
1314 1888 1463 1915 alterum.

981 1932 1059 1962 762.
1092 1931 1177 1973 Wg.
1205 1933 1342 1962 miratur
1366 1934 1448 1967 quod
1474 1934 1585 1961 eodem
1610 1934 1741 1962 nominc

934 1985 1066 2009 utuntur
1089 1984 1180 2014 pater
1206 1984 1236 2008 et
1259 1979 1346 2007 filius
1372 1979 1432 2013 (cf.
1462 1987 1493 2007 v.
1522 1977 1620 2015 777).
1669 1981 1741 2008 Α11-

935 2027 1014 2055 didit
1042 2022 1109 2060 PI.,
1143 2025 1174 2054 id
1200 2025 1297 2054 etiam
1321 2033 1395 2054 esse
1419 2025 1622 2061 mirandum,
1656 2027 1740 2060 quod

936 2077 1029 2107 poeta
1054 2071 1140 2100 nihil
1163 2073 1200 2100 de
1221 2073 1332 2100 eodem
1357 2072 1462 2106 patris
1484 2075 1513 2100 et
1529 2072 1588 2100 filii
1611 2072 1741 2101 nomine

934 2118 1098 2147 adiecerit.
1153 2119 1329 2146 Praeterea
1364 2115 1540 2157 insignem
1576 2118 1622 2146 ita
1655 2119 1741 2147 nude

936 2164 1077 2199 positum
1107 2171 1171 2191 non
1205 2163 1416 2199 satisfacere,
1457 2164 1514 2191 sed
1552 2164 1740 2198 exspectari

935 2218 1013 2246 rem,
1036 2215 1101 2244 qua
1117 2209 1159 2238 sit
1177 2209 1329 2244 insignis.
1378 2209 1498 2236 Attulit
1515 2209 1614 2237 etiam
1632 2211 1740 2238 locum

938 2254 974 2293 9,
1008 2254 1091 2287 580,
1122 2262 1184 2289 quo
1210 2255 1320 2283 herois
1350 2254 1494 2283 alicuius
1519 2259 1610 2288 pater
1635 2256 1739 2292 modo,

939 2310 1001 2331 non
1039 2302 1111 2336 ipse
1149 2300 1344 2329 nominatur.
1405 2300 1608 2334 Quamquam
1645 2301 1741 2329 illum

938 2355 1071 2377 versum
1094 2355 1158 2375 non
1182 2348 1315 2375 debebat
1342 2345 1473 2383 afferre,
1503 2354 1600 2380 quum
1626 2346 1697 2381 ipse
1719 2353 1740 2375 a

936 2394 1076 2430 virgilio
1114 2392 1236 2422 factum
1275 2400 1349 2421 esse
1389 2392 1459 2420 illie
1496 2396 1639 2427 negaret.
1702 2393 1742 2421 Et

936 2441 1072 2470 coniecit
1104 2447 1160 2474 pro
1190 2446 1222 2467 v.
1259 2435 1416 2474 l'irbius,
1450 2434 1618 2473 viribius;
1652 2438 1742 2467 vires

936 2487 1022 2515 enim
1057 2486 1089 2513 111
1120 2486 1275 2513 bellatore
1308 2484 1517 2519 praecipuam
1545 2492 1620 2513 esse
1650 2492 1739 2513 60111-

936 2532 1174 2562 mendationem
1200 2531 1240 2560 cf.
1266 2528 1296 2564 6,
1325 2527 1401 2558 771.
1450 2530 1524 2557 Liv.
1553 2527 1584 2566 8,
1609 2527 1629 2558 8
1658 2527 1740 2558 viri-

936 2577 997 2608 bus
1028 2576 1172 2617 ingens,
1206 2573 1422 2615 bellatorque
1452 2572 1599 2615 primun
1653 2577 1742 2610 Quod

936 2631 1133 2660 quamquam
1155 2630 1270 2651 verum
1295 2626 1354 2655 est,
1383 2628 1504 2650 caussa
1530 2629 1593 2650 non
1619 2626 1679 2656 est,
1706 2626 1740 2651 ut

943 2668 1085 2700 Virbius
1127 2669 1293 2703 eliciatur,
1339 2675 1455 2696 nomen
1499 2675 1564 2696 non
1610 2668 1741 2697 fortuito

935 2721 1057 2745 natum.
1107 2712 1231 2744 Aricia
1258 2714 1370 2742 mater
1395 2717 1429 2741 ut
1452 2710 1504 2750 10,
1531 2709 1595 2741 172
1624 2710 1741 2753 Popu-

936 2760 1034 2791 lonia
1060 2763 1171 2790 mater
1195 2760 1281 2789 dicta
1305 2763 1353 2787 est
1376 2759 1484 2794 patria
1507 2763 1609 2797 terra,
1640 2760 1679 2789 cf.
1710 2758 1740 2797 3,

937 2806 1021 2842 2733
1056 2811 1152 2842 atque
1179 2806 1211 2834 id
1239 2805 1391 2840 probavit
1413 2805 1517 2834 Silius
1542 2804 1578 2840 4,
1613 2803 1678 2833 367
1711 2811 1742 2834 et

937 2854 1088 2890 Servius,
1121 2852 1176 2887 qui
1207 2852 1351 2886 explicat
1384 2851 1526 2888 „civitas
1559 2852 1653 2880 iuxta
1678 2852 1740 2880 Al-

937 2898 1044 2936 ban1²²,
1066 2904 1095 2928 et
1114 2898 1200 2927 addit
1219 2906 1260 2926 ex
1274 2897 1414 2926 Aricina
1434 2902 1536 2926 matre
1551 2898 1740 2933 Augustum

935 2954 1010 2975 esse
1032 2945 1235 2982 progenitum
1256 2943 1295 2972 cf.
1315 2943 1346 2981 5,
1374 2940 1452 2972 568.
1501 2945 1611 2978 Neque
1631 2947 1739 2972 tamen

936 2995 1096 3022 absonum
1115 2994 1164 3020 est
1182 2990 1365 3027 intelligere
1381 2989 1530 3025 aliquam
1543 2991 1739 3026 Nympham.
