2023 3350
208 139 285 179 19ss
772 135 807 166 P.
835 134 1034 167 vinoun

1068 134 1276 167 MARONIS

206 249 398 292 Obnixac
433 247 647 289 frumenta
684 246 894 298 humeris3
929 260 1031 300 pars
1066 247 1240 300 agmina
1278 251 1450 301 cogunt,

207 307 514 359 Castigantque
546 317 713 355 moras3
755 317 885 357 opere
919 304 1056 345 omnis
1092 305 1244 346 semita
1283 304 1429 347 fervet.

206 364 308 413 Quis
348 361 429 403 tibi
464 364 582 412 tunc,
617 359 749 412 Dido,
793 361 984 402 cernenti
1022 360 1130 402 talia
1166 362 1334 403 sensus!

206 421 371 470 Quosve
405 417 541 459 dabas
576 418 778 471 gemitus,
817 431 950 471 quum
984 417 1117 459 litora
1153 417 1318 460 fervere
1356 419 1444 460 late

206 476 478 529 Prospiceres
507 488 607 516 arce
645 488 697 516 ex
735 489 918 527 summa,
959 477 1186 528 totumque
1219 475 1384 517 videres
1765 476 1849 516 410

206 533 378 575 Misceri
409 535 509 574 ante
545 532 690 574 oculos
730 533 864 578 tantis
909 531 1170 574 clamoribus
1208 533 1391 585 aequor!

206 590 407 645 Improbe
446 603 586 641 amor,
632 589 735 644 quid
766 604 850 631 non
889 589 1093 631 mortalia
1127 592 1306 642 pectora
1345 590 1484 643 cogis!

206 648 276 690 Ire
311 648 467 689 iterum
505 647 548 688 in
584 646 807 699 lacrimas,
848 647 1004 689 iterum
1042 650 1211 688 tentare
1245 647 1461 700 precando

209 705 407 759 Cogitur,
447 707 490 746 et
523 705 702 758 supplex
737 705 903 747 animos
942 703 1194 746 submittere
1235 704 1385 755 amori,

206 763 271 805 Ne
309 761 413 815 quid
450 761 719 815 inexpertum
755 762 917 804 frustra
953 762 1167 803 moritura
1203 762 1435 815 relinquat.
1770 764 1854 803 415

321 820 461 871 Anna,
501 819 619 860 vides
652 823 745 861 toto
782 820 1010 874 properari
1047 819 1198 860 litore:
1242 820 1404 860 circum

207 876 406 931 Undique
446 890 704 928 convenere3
745 881 871 919 vocat
906 878 993 918 iam
1028 876 1236 918 carbasus
1274 890 1416 929 auras,

207 934 426 988 Puppibus
464 937 506 976 et
543 934 650 975 laeti
692 938 852 976 nautae
886 935 1128 988 imposuere
1170 947 1364 976 coronas.

209 992 334 1033 Hunc
373 1005 451 1045 ego
487 991 523 1033 si
560 991 682 1045 potui
719 995 889 1034 tantum
924 1005 1099 1046 sperare
1140 991 1347 1043 dolorem,

208 1050 265 1090 Et
307 1049 515 1103 perferre,
557 1063 699 1100 soror,
736 1053 912 1103 potero:
954 1050 1135 1091 miserae
1171 1049 1253 1091 hoc
1288 1053 1433 1090 tamen
1468 1062 1602 1090 unum
1772 1051 1856 1090 420

208 1107 471 1159 Exsequere,
510 1106 651 1158 Anna,
686 1107 814 1159 mihi3
851 1132 909 1138 --
943 1107 1079 1148 solam
1108 1120 1208 1148 nam
1243 1106 1434 1160 perfidus
1475 1106 1551 1147 ille

209 1164 267 1205 Te
307 1163 463 1215 colere,
497 1176 677 1205 arcanos
716 1164 845 1205 etiam
883 1164 967 1206 tibi
1001 1164 1174 1206 credere
1211 1177 1381 1216 sensus,

211 1221 313 1263 Sola
347 1221 428 1263 viri
462 1220 612 1263 molles
649 1220 794 1263 aditus
831 1225 874 1264 et
908 1225 1105 1276 tempora
1141 1235 1270 1264 noras
1314 1246 1370 1252 —-

209 1362 365 1391 formicas
400 1369 515 1392 omnes
556 1364 671 1392 eodem
706 1363 821 1392 itinere
856 1364 1007 1399 progredi

210 1415 315 1442 neque
340 1408 531 1442 exspatiari.
580 1411 681 1445 Nota,
713 1411 876 1444 quomodo
905 1418 1007 1444 spon—

211 1455 345 1482 deorum
369 1454 504 1482 tarditas
533 1454 641 1489 pingat
668 1455 810 1483 vehendi
833 1455 1008 1484 difficulta—

209 1504 284 1527 tem.
309 1513 354 1519 —
379 1496 552 1536 Tradunt,
579 1507 663 1534 quae
682 1505 813 1535 portare
839 1509 903 1529 non
927 1509 1007 1535 pos-

210 1548 303 1580 sunt;
336 1544 522 1573 obnituntur
547 1545 704 1582 humeris,
732 1550 764 1574 ut
790 1546 952 1582 homines,
980 1546 1009 1575 si

209 1596 349 1625 magnas
374 1591 478 1618 moles
504 1592 691 1625 protrudere
719 1593 845 1620 volunt.
896 1593 956 1620 Ov.
974 1594 1008 1620 F.

211 1634 246 1672 l,
277 1634 345 1664 565
378 1632 513 1664 Nititur
540 1633 594 1665 hic
624 1633 776 1666 humeris
806 1638 837 1666 et
870 1638 1007 1667 vastum

209 1682 304 1710 motu
329 1677 578 1718 collabefactat
601 1690 698 1710 onus.

254 1724 333 1755 406.
360 1723 518 1765 Agmina
545 1734 669 1767 cogere
697 1727 848 1756 dicuntur
873 1727 894 1756 ii
925 1727 1009 1756 mili-

209 1774 272 1807 tes,
297 1771 350 1806 qui
374 1775 566 1808 sequuntur,
594 1776 623 1800 ut
648 1778 813 1802 morantes
839 1778 867 1801 et
895 1774 1007 1803 tardos

209 1816 375 1852 impellant
407 1821 436 1844 et
466 1824 573 1852 vagos
605 1824 624 1846 a
661 1819 785 1853 rapinis
813 1823 1006 1855 coerceant3

208 1862 283 1890 inde
307 1862 469 1895 castigant
495 1870 605 1891 moras
630 1864 649 1892 i.
674 1871 704 1892 e.
730 1865 924 1893 tarditatem.

255 1906 331 1936 407.
352 1906 480 1945 feruet.
530 1909 634 1943 Quum
661 1911 788 1938 celeres
810 1915 917 1939 motus
943 1909 1009 1938 fer-

210 1960 322 1981 vorem
349 1955 477 1981 soleant
504 1954 667 1989 excitare,
701 1954 830 1983 fervere
857 1955 1008 1984 dicuntur

209 2000 300 2035 loca,
339 1999 372 2027 in
408 1999 525 2032 quibus
566 2006 685 2033 magna
722 2001 864 2041 agitatur
899 2001 1009 2029 mutti-

208 2044 285 2071 tudo
322 2043 362 2072 cf.
401 2042 479 2072 409.
529 2042 568 2081 8,
609 2044 676 2073 677
720 2042 836 2075 Marte
868 2045 1009 2084 fervere

212 2085 398 2118 Leucaten.
446 2091 539 2118 Mart.
569 2089 610 2128 2,
636 2088 695 2128 64,
721 2090 742 2118 7
772 2089 864 2121 Fora
891 2089 1010 2121 litibus

209 2130 328 2164 omnia
345 2132 500 2172 servent.

254 2178 331 2208 408.
366 2176 414 2208 ΡΙ.
438 2181 492 2208 dat
517 2181 601 2217 tum,
630 2181 797 2216 quaeritur
821 2189 899 2211 num
927 2184 1008 2212 tunc

208 2225 299 2254 libris
326 2225 476 2254 firmetur.

253 2268 331 2298 411.
363 2267 503 2299 Misceri
524 2278 654 2311 aequor
673 2276 723 2301 est
743 2272 835 2301 vario
858 2276 888 2301 et
907 2273 1008 2302 mixto

209 2317 353 2345 clamore
378 2316 522 2352 impleri;
550 2317 596 2346 ita
618 2316 655 2355 2,
681 2316 759 2347 298.
809 2319 864 2355 „Si
889 2318 921 2348 in
945 2319 1007 2348 ali-

209 2369 273 2397 quo
300 2365 390 2390 esset
415 2359 534 2396 laetis,
558 2361 757 2398 arriperem“
786 2361 839 2392 ΡΙ.

254 2406 332 2436 412.
359 2404 444 2446 quid
458 2405 568 2448 cogis.
599 2410 646 2437 De
663 2412 829 2437 structura
848 2408 887 2437 cf.
905 2408 936 2446 3,
955 2408 1007 2438 56.

254 2451 333 2481 413.
360 2450 410 2481 ire
437 2449 473 2481 in
501 2450 676 2482 lacrimas.
731 2454 865 2488 Cogitur
897 2461 1008 2483 amore

209 2498 325 2527 iterum
360 2499 399 2526 ad
430 2498 586 2527 lacrimas
619 2498 798 2534 confugere
832 2503 862 2527 et
890 2507 1007 2534 preces

209 2550 248 2572 ac
274 2543 427 2579 deposita
455 2543 554 2572 animi
582 2544 738 2579 superbia
763 2545 912 2574 omnibus
938 2552 1009 2573 mo-

210 2589 260 2618 dis
284 2589 491 2626 supplicare,
516 2597 556 2617 ne
583 2590 738 2618 moriatur
758 2588 915 2627 frustra,
949 2598 1007 2619 an·

210 2638 338 2668 tequam
372 2642 515 2663 necesse
552 2635 610 2671 sit,
649 2639 679 2663 et
718 2639 857 2670 experta
891 2643 1007 2665 omnes

210 2680 325 2707 modos
363 2680 521 2708 retinendi
552 2681 697 2709 Aeneae.
757 2681 806 2709 Ad
845 2682 929 2709 banc
959 2682 1008 2710 ‹ti-

210 2724 304 2752 cendi
327 2724 497 2754 formulam
522 2725 563 2753 cf.
587 2726 647 2754 Ov.
673 2728 713 2754 Μ.
739 2724 771 2762 5,
794 2725 862 2754 668
883 2723 1008 2756 ibimus

211 2766 244 2798 in
267 2777 415 2808 poenas,
442 2771 625 2805 puniemus.
676 2771 799 2801 Similia
825 2771 861 2808 5,
887 2770 965 2801 782.

209 2843 417 2875 416—436.
465 2844 603 2878 Annam
636 2845 733 2878 iubet
764 2846 854 2879 Dido
891 2851 1007 2889 petere

250 2886 293 2919 ah
319 2887 453 2927 Aenea,
481 2895 520 2921 ut.
542 2891 758 2934 aliquamdiu
785 2897 970 2925 remaneat.

254 2945 330 2975 416.
358 2948 468 2976 Oratio
500 2949 575 2984 ipsa
610 2951 719 2979 statim
747 2951 875 2987 incipit,
913 2953 1003 2981 nullo

210 2993 314 3021 addito
341 2993 447 3030 signo,
473 2996 569 3028 quale
595 2999 645 3024 est
668 2993 792 3036 inquit.
847 2998 901 3026 Sic
927 3005 1004 3026 sae-

210 3037 343 3070 pissime
369 3041 400 3067 ut
430 3038 458 3075 1,
483 3038 560 3068 335.
588 3040 664 3070 370.
688 3040 719 3078 2,
744 3040 797 3071 42.
824 3041 899 3071 657.
926 3041 1002 3071 675.

1053 1361 1084 1400 3,
1109 1361 1163 1391 84.
1201 1359 1232 1398 4,
1259 1362 1335 1392 702.
1367 1362 1399 1400 5,
1427 1361 1505 1391 870.
1537 1361 1569 1399 6,
1595 1360 1663 1390 560
1688 1364 1767 1397 Βίας
1794 1369 1854 1390 nec

1054 1417 1119 1437 non
1142 1409 1173 1436 in
1201 1409 1347 1437 oratione
1373 1410 1496 1437 soluta.
1519 1423 1564 1427 ——
1591 1404 1781 1448 Properari
1805 1411 1856 1435 est

1054 1454 1287 1489 impersonale.

1100 1497 1177 1527 417.
1206 1506 1403 1536 convenere,
1428 1498 1469 1527 cf.
1495 1506 1526 1527 v.
1551 1497 1629 1527 289.
1654 1513 1700 1517 -
1725 1495 1858 1527 Carba=

1056 1553 1125 1582 sus,
1150 1546 1273 1582 velum,
1297 1548 1396 1573 vocat
1420 1548 1581 1581 austrum,
1613 1544 1642 1573 si
1664 1543 1728 1572 iam
1750 1543 1857 1572 inten-

1057 1594 1121 1619 tum
1157 1594 1222 1627 est,
1256 1594 1286 1619 ut
1321 1598 1394 1618 eum
1427 1590 1584 1625 excipiat.
1628 1588 1675 1619 cf.
1706 1588 1744 1626 3,
1778 1588 1856 1617 35⁷.

1056 1635 1228 1664 Audacius
1249 1640 1278 1664 et
1299 1636 1450 1665 insolens
1469 1635 1547 1664 illud
1564 1639 1714 1664 Senecae
1735 1635 1855 1663 Troad.

1060 1680 1122 1709 105
1154 1679 1225 1710 lam
1250 1679 1349 1709 nuda
1371 1683 1498 1710 vocant
1521 1683 1663 1720 pectora
1690 1678 1858 1720 planctus

1055 1727 1075 1756 i.
1102 1735 1129 1755 e.
1178 1727 1307 1756 Nudata
1331 1731 1406 1756 sunt
1433 1731 1587 1764 pectora,
1620 1733 1705 1762 quae
1730 1726 1856 1754 dextris

1052 1772 1226 1802 lanientur.

1099 1816 1176 1846 418.
1203 1820 1331 1846 Nautae
1362 1817 1422 1846 iter
1453 1817 1615 1853 incepturi
1653 1818 1855 1845 coronabant

1056 1865 1151 1892 deum
1178 1865 1347 1892 tutelarem
1372 1867 1538 1897 totamque
1565 1862 1708 1898 puppim,
1732 1862 1765 1890 in
1790 1869 1856 1896 uua

1056 1911 1180 1945 stabat,
1216 1909 1314 1937 sertis
1344 1912 1375 1937 et
1406 1909 1562 1938 verbenis
1594 1912 1622 1937 et
1651 1907 1750 1936 vittis.
1807 1907 1854 1937 ef.

1057 1956 1116 1983 OV.
1136 1957 1178 1983 M.
1210 1953 1260 1990 15,
1285 1953 1351 1982 695
1376 1962 1545 1994 caesoque
1567 1951 1603 1982 in
1628 1950 1730 1983 litore
1754 1955 1856 1982 tauro

1054 2001 1148 2030 torta
1174 2002 1364 2029 coronatae
1393 1997 1532 2029 solvunt
1563 1995 1762 2028 retinacula
1792 2007 1858 2027 ησ-

1055 2043 1117 2074 vis.
1167 2046 1256 2073 Idem
1290 2045 1440 2074 fecerunt
1473 2046 1648 2074 redeuntes
1680 2043 1722 2073 cf.
1755 2046 1790 2073 G.
1827 2043 1854 2081 1,

1054 2089 1139 2128 304,
1170 2091 1225 2125 uui
1246 2099 1277 2119 v.
1302 2091 1385 2119 idem
1409 2095 1477 2127 est,
1509 2098 1610 2126 quare
1633 2090 1696 2119 iam
1722 2091 1808 2118 hunc
1834 2090 1854 2117 1.

1054 2137 1214 2172 improbat
1241 2138 1368 2166 Probus
1394 2141 1424 2165 et
1452 2133 1515 2165 Rb.
1538 2151 1583 2155 —
1605 2137 1686 2165 Post
1710 2142 1855 2164 coronas

1058 2179 1121 2211 Rb.
1146 2182 1238 2211 infert
1262 2190 1294 2211 v.
1320 2181 1396 2211 548.
1422 2180 1442 2210 9
1471 2179 1526 2210 Τιι
1547 2178 1703 2210 lacrimis
1725 2196 1771 2200 —-
1796 2177 1855 2208 ob-

1056 2224 1133 2256 iicis
1172 2224 1272 2257 hosti.
1324 2228 1410 2265 „Sed
1446 2227 1596 2261 quoniam
1624 2228 1679 2255 vel
1714 2226 1763 2255 sic
1789 2226 1857 2255 hiat

1056 2273 1176 2309 oratio,
1224 2281 1288 2301 non
1324 2272 1514 2301 absolvisse
1550 2274 1658 2301 locum
1687 2273 1854 2307 putandus

1055 2322 1106 2347 est
1136 2316 1266 2353 poeta.“
1307 2315 1371 2347 Rb.
1428 2317 1508 2353 Quid
1539 2317 1634 2352 igitur
1664 2318 1762 2346 tantis
1796 2324 1853 2346 co-

1055 2363 1187 2393 natibus
1215 2363 1366 2400 efficitur,
1391 2363 1455 2392 nisi
1480 2366 1512 2391 ut
1537 2363 1602 2392 hiet
1628 2363 1754 2392 oratio?

1101 2407 1178 2437 419.
1205 2416 1346 2447 sperare
1383 2408 1423 2437 cf.
1462 2408 1497 2445 l,
1534 2406 1610 2438 543.
1672 2410 1786 2444 Ipsum
1825 2405 1855 2437 si

1055 2454 1138 2482 satis
1177 2454 1327 2489 ambigue
1368 2454 1446 2483 dixit
1485 2454 1586 2491 Dido,
1623 2462 1664 2483 ne
1701 2455 1854 2489 proderet

1055 2499 1153 2527 animi
1177 2503 1313 2535 statum3
1351 2503 1458 2528 tamen
1483 2508 1526 2528 ex
1550 2500 1660 2528 verbis
1685 2507 1770 2534 quae
1796 2507 1853 2528 se-

1055 2548 1196 2578 quuntur
1225 2549 1328 2581 patet,
1370 2545 1400 2573 id
1435 2545 1587 2574 voluisse
1620 2552 1693 2574 eam
1725 2545 1852 2574 dicere:

1056 2590 1105 2625 Si,
1149 2597 1246 2625 quum
1281 2590 1442 2626 potuerim
1480 2592 1578 2620 talem
1612 2591 1758 2619 dolorem
1792 2598 1854 2619 ex-

1055 2639 1208 2670 spectare
1230 2636 1337 2671 (quae
1358 2636 1466 2665 omnia.
1485 2639 1553 2665 tuta
1577 2636 1728 2665 timebam
1752 2635 1851 2673 299),

1055 2680 1152 2709 etiam
1179 2682 1316 2710 sufferre
1346 2686 1458 2716 potero
1485 2682 1642 2717 viresque
1673 2681 1852 2717 acquiram,

1056 2730 1087 2754 ut
1117 2734 1186 2755 rem
1217 2727 1383 2762 provisam
1415 2729 1562 2756 tolerem.
1611 2728 1645 2755 Id
1671 2730 1779 2755 tamen
1811 2729 1850 2755 ab

1054 2779 1092 2799 eo
1119 2776 1214 2809 peto,
1246 2777 1277 2801 ut
1308 2780 1365 2808 per
1389 2773 1521 2807 aliquod
1551 2776 1680 2807 tempus
1705 2779 1851 2800 remore-

1053 2821 1119 2853 tur,
1154 2826 1216 2852 quo
1246 2826 1296 2846 me
1329 2819 1369 2846 ad
1403 2818 1474 2847 eius
1506 2817 1692 2847 discessum
1721 2824 1850 2853 parem;

1053 2870 1093 2890 ne
1124 2866 1187 2891 tam
1217 2863 1367 2892 celeriter
1399 2866 1510 2897 abeat,
1548 2867 1579 2891 ut
1610 2870 1651 2890 ne
1676 2867 1852 2898 exspectet

1054 2908 1181 2941 quidem
1210 2913 1328 2937 ventos
1358 2910 1535 2937 secundos
1586 2909 1698 2942 anue
1732 2907 1850 2937 celeri-

1052 2957 1117 2981 tate
1143 2955 1284 2983 abeundi
1309 2954 1450 2982 maxime
1477 2953 1596 2982 offendi
1619 2961 1657 2981 se
1683 2952 1826 2982 simulat.

1097 2996 1174 3027 422.
1201 2996 1312 3028 colere
1336 2999 1391 3027 inf.
1416 2999 1490 3028 hist.
1516 2998 1558 3027 cf.
1583 2996 1621 3035 2,
1654 2996 1725 3027 132.

1096 3041 1171 3073 423.
1204 3042 1328 3074 Molles
1352 3041 1472 3074 aditus
1495 3048 1524 3072 ut
1544 3041 1620 3072 293.
1670 3044 1767 3073 Anna
1790 3043 1851 3079 igi-
