<?xml version="1.0" encoding="UTF-8"?>
<!DOCTYPE html PUBLIC "-//W3C//DTD XHTML 1.0 Transitional//EN"
    "http://www.w3.org/TR/xhtml1/DTD/xhtml1-transitional.dtd">
<html xmlns="http://www.w3.org/1999/xhtml" xml:lang="en" lang="en">
 <head>
  <title>
</title>
<meta http-equiv="Content-Type" content="text/html;charset=utf-8" />
  <meta name='ocr-system' content='tesseract 3.04.00' />
  <meta name='ocr-capabilities' content='ocr_page ocr_carea ocr_par ocr_line ocrx_word'/>
</head>
<body>
  <div class='ocr_page' id='page_1' title='image "aeneisvi00virguoft_0646.png"; bbox 0 0 2023 3350; ppageno 0'>
   <div class='ocr_carea' id='block_1_1' title="bbox 240 123 322 163">
    <p class='ocr_par' dir='ltr' id='par_1_1' title="bbox 240 123 322 163">
     <span class='ocr_line' id='line_1_1' title="bbox 240 123 322 163; baseline 0 0"><span class='ocrx_word' id='word_1_1' title='bbox 240 123 322 163; x_wconf 88' lang='grc'><strong>620</strong></span> 
     </span>
    </p>
   </div>
   <div class='ocr_carea' id='block_1_2' title="bbox 800 117 1294 152">
    <p class='ocr_par' dir='ltr' id='par_1_2' title="bbox 800 117 1294 152">
     <span class='ocr_line' id='line_1_2' title="bbox 800 117 1294 152; baseline 0.006 -3"><span class='ocrx_word' id='word_1_2' title='bbox 800 119 835 150; x_wconf 88' lang='grc' dir='ltr'><strong>Ρ.</strong></span> <span class='ocrx_word' id='word_1_3' title='bbox 862 117 1061 150; x_wconf 83' lang='lat' dir='ltr'>V1RG1L11</span> <span class='ocrx_word' id='word_1_4' title='bbox 1088 118 1294 152; x_wconf 78' lang='lat' dir='ltr'>MAROMS</span> 
     </span>
    </p>
   </div>
   <div class='ocr_carea' id='block_1_3' title="bbox 241 229 1629 398">
    <p class='ocr_par' dir='ltr' id='par_1_3' title="bbox 241 229 1629 398">
     <span class='ocr_line' id='line_1_3' title="bbox 241 229 1365 283; baseline -0.003 -7"><span class='ocrx_word' id='word_1_5' title='bbox 241 235 343 276; x_wconf 83' lang='lat' dir='ltr'><strong>Este</strong></span> <span class='ocrx_word' id='word_1_6' title='bbox 374 232 493 282; x_wconf 87' lang='lat' dir='ltr'><strong>boni,</strong></span> <span class='ocrx_word' id='word_1_7' title='bbox 526 230 726 283; x_wconf 86' lang='lat' dir='ltr'><strong>quoniam</strong></span> <span class='ocrx_word' id='word_1_8' title='bbox 765 229 931 283; x_wconf 82' lang='lat' dir='ltr'><strong>superis</strong></span> <span class='ocrx_word' id='word_1_9' title='bbox 971 242 1121 271; x_wconf 85' lang='lat' dir='ltr'><strong>aversa</strong></span> <span class='ocrx_word' id='word_1_10' title='bbox 1159 231 1365 274; x_wconf 81' lang='lat' dir='ltr'><strong>voluntas.</strong></span> 
     </span>
     <span class='ocr_line' id='line_1_4' title="bbox 243 286 1460 342; baseline -0.001 -10"><span class='ocrx_word' id='word_1_11' title='bbox 243 292 400 332; x_wconf 72' lang='lat' dir='ltr'><strong>Sancta</strong></span> <span class='ocrx_word' id='word_1_12' title='bbox 432 288 488 330; x_wconf 85' lang='lat' dir='ltr'><strong>ad</strong></span> <span class='ocrx_word' id='word_1_13' title='bbox 521 301 594 329; x_wconf 80' lang='lat' dir='ltr'><strong>vos</strong></span> <span class='ocrx_word' id='word_1_14' title='bbox 632 287 775 328; x_wconf 83' lang='lat' dir='ltr'><strong>anima</strong></span> <span class='ocrx_word' id='word_1_15' title='bbox 813 290 942 340; x_wconf 82' lang='lat' dir='ltr'><strong>atque</strong></span> <span class='ocrx_word' id='word_1_16' title='bbox 983 286 1106 327; x_wconf 76' lang='lat' dir='ltr'><strong>istius</strong></span> <span class='ocrx_word' id='word_1_17' title='bbox 1141 286 1274 329; x_wconf 87' lang='lat' dir='ltr'><strong>inscia</strong></span> <span class='ocrx_word' id='word_1_18' title='bbox 1311 289 1460 342; x_wconf 81' lang='lat' dir='ltr'><strong>culpae</strong></span> 
     </span>
     <span class='ocr_line' id='line_1_5' title="bbox 241 342 1629 398; baseline -0.004 -9"><span class='ocrx_word' id='word_1_19' title='bbox 241 345 520 395; x_wconf 85' lang='lat' dir='ltr'><strong>Descendam,</strong></span> <span class='ocrx_word' id='word_1_20' title='bbox 550 357 802 397; x_wconf 82' lang='lat' dir='ltr'><strong>magnorum</strong></span> <span class='ocrx_word' id='word_1_21' title='bbox 837 342 952 384; x_wconf 86' lang='lat' dir='ltr'><strong>haud</strong></span> <span class='ocrx_word' id='word_1_22' title='bbox 988 356 1177 396; x_wconf 87' lang='lat' dir='ltr'><strong>unquam</strong></span> <span class='ocrx_word' id='word_1_23' title='bbox 1211 344 1406 398; x_wconf 82' lang='lat' dir='ltr'><strong>indignus</strong></span> <span class='ocrx_word' id='word_1_24' title='bbox 1443 358 1629 386; x_wconf 86' lang='lat' dir='ltr'><strong>avorum.</strong></span> 
     </span>
    </p>
   </div>
   <div class='ocr_carea' id='block_1_4' title="bbox 352 400 1630 455">
    <p class='ocr_par' dir='ltr' id='par_1_4' title="bbox 352 400 1630 455">
     <span class='ocr_line' id='line_1_6' title="bbox 352 400 1630 455; baseline 0 -12"><span class='ocrx_word' id='word_1_25' title='bbox 352 402 434 443; x_wconf 66' lang='lat' dir='ltr'><strong>Vix</strong></span> <span class='ocrx_word' id='word_1_26' title='bbox 467 416 517 443; x_wconf 87' lang='lat' dir='ltr'><strong>ea</strong></span> <span class='ocrx_word' id='word_1_27' title='bbox 549 401 662 443; x_wconf 82' lang='lat' dir='ltr'><strong>fatus</strong></span> <span class='ocrx_word' id='word_1_28' title='bbox 703 404 814 442; x_wconf 79' lang='lat' dir='ltr'><strong>erat:</strong></span> <span class='ocrx_word' id='word_1_29' title='bbox 852 400 1014 441; x_wconf 84' lang='lat' dir='ltr'><strong>medios</strong></span> <span class='ocrx_word' id='word_1_30' title='bbox 1051 400 1183 451; x_wconf 79' lang='lat' dir='ltr'><strong>volat,</strong></span> <span class='ocrx_word' id='word_1_31' title='bbox 1224 414 1340 453; x_wconf 88' lang='lat' dir='ltr'><strong>ecce,</strong></span> <span class='ocrx_word' id='word_1_32' title='bbox 1375 416 1451 455; x_wconf 88' lang='lat' dir='ltr'><strong>per</strong></span> <span class='ocrx_word' id='word_1_33' title='bbox 1488 402 1630 444; x_wconf 81' lang='lat' dir='ltr'><strong>hostes</strong></span> 
     </span>
    </p>
   </div>
   <div class='ocr_carea' id='block_1_5' title="bbox 1776 401 1858 440">
    <p class='ocr_par' dir='ltr' id='par_1_5' title="bbox 1776 401 1858 440">
     <span class='ocr_line' id='line_1_7' title="bbox 1776 401 1858 440; baseline 0 0"><span class='ocrx_word' id='word_1_34' title='bbox 1776 401 1858 440; x_wconf 83' lang='lat'><strong>650</strong></span> 
     </span>
    </p>
   </div>
   <div class='ocr_carea' id='block_1_6' title="bbox 237 457 1467 682">
    <p class='ocr_par' dir='ltr' id='par_1_6' title="bbox 237 457 1467 682">
     <span class='ocr_line' id='line_1_8' title="bbox 240 457 1397 512; baseline 0.001 -13"><span class='ocrx_word' id='word_1_35' title='bbox 240 460 395 500; x_wconf 71' lang='lat' dir='ltr'><strong>Vectus</strong></span> <span class='ocrx_word' id='word_1_36' title='bbox 428 472 534 512; x_wconf 88' lang='lat' dir='ltr'><strong>equo</strong></span> <span class='ocrx_word' id='word_1_37' title='bbox 575 462 798 512; x_wconf 81' lang='lat' dir='ltr'><strong>spumante</strong></span> <span class='ocrx_word' id='word_1_38' title='bbox 835 457 983 508; x_wconf 80' lang='lat' dir='ltr'>Saces,</span> <span class='ocrx_word' id='word_1_39' title='bbox 1022 457 1201 499; x_wconf 82' lang='lat' dir='ltr'><strong>adversa</strong></span> <span class='ocrx_word' id='word_1_40' title='bbox 1239 459 1397 511; x_wconf 77' lang='lat' dir='ltr'><strong>sagitta</strong></span> 
     </span>
     <span class='ocr_line' id='line_1_9' title="bbox 240 514 1467 569; baseline -0.001 -11"><span class='ocrx_word' id='word_1_41' title='bbox 240 516 416 558; x_wconf 80' lang='lat' dir='ltr'>Saucius</span> <span class='ocrx_word' id='word_1_42' title='bbox 450 530 544 567; x_wconf 86' lang='lat' dir='ltr'><strong>ora,</strong></span> <span class='ocrx_word' id='word_1_43' title='bbox 582 515 755 568; x_wconf 81' lang='lat' dir='ltr'><strong>ruitque</strong></span> <span class='ocrx_word' id='word_1_44' title='bbox 794 515 1027 569; x_wconf 81' lang='lat' dir='ltr'>implorans</span> <span class='ocrx_word' id='word_1_45' title='bbox 1061 514 1231 556; x_wconf 86' lang='lat' dir='ltr'><strong>nomine</strong></span> <span class='ocrx_word' id='word_1_46' title='bbox 1263 515 1467 557; x_wconf 89' lang='lat' dir='ltr'><strong>Turnum:</strong></span> 
     </span>
     <span class='ocr_line' id='line_1_10' title="bbox 239 572 1400 627; baseline -0.002 -13"><span class='ocrx_word' id='word_1_47' title='bbox 239 573 394 625; x_wconf 88' lang='lat' dir='ltr'><strong>Turne,</strong></span> <span class='ocrx_word' id='word_1_48' title='bbox 432 573 476 614; x_wconf 88' lang='lat' dir='ltr'><strong>in</strong></span> <span class='ocrx_word' id='word_1_49' title='bbox 506 577 549 615; x_wconf 81' lang='lat' dir='ltr'><strong>te</strong></span> <span class='ocrx_word' id='word_1_50' title='bbox 585 585 784 627; x_wconf 86' lang='lat' dir='ltr'><strong>suprema</strong></span> <span class='ocrx_word' id='word_1_51' title='bbox 819 572 955 623; x_wconf 83' lang='lat' dir='ltr'><strong>salus;</strong></span> <span class='ocrx_word' id='word_1_52' title='bbox 990 572 1189 613; x_wconf 86' lang='lat' dir='ltr'><strong>miserere</strong></span> <span class='ocrx_word' id='word_1_53' title='bbox 1220 575 1400 613; x_wconf 83' lang='lat' dir='ltr'><strong>tuorum.</strong></span> 
     </span>
     <span class='ocr_line' id='line_1_11' title="bbox 237 629 1367 682; baseline -0.002 -10"><span class='ocrx_word' id='word_1_54' title='bbox 237 630 454 672; x_wconf 76' lang='lat' dir='ltr'><strong>Fulminat</strong></span> <span class='ocrx_word' id='word_1_55' title='bbox 490 631 654 673; x_wconf 79' lang='lat' dir='ltr'><strong>Aeneas</strong></span> <span class='ocrx_word' id='word_1_56' title='bbox 686 629 838 681; x_wconf 86' lang='lat' dir='ltr'><strong>armis,</strong></span> <span class='ocrx_word' id='word_1_57' title='bbox 877 642 1147 682; x_wconf 85' lang='lat' dir='ltr'><strong>summasque</strong></span> <span class='ocrx_word' id='word_1_58' title='bbox 1180 629 1367 670; x_wconf 78' lang='lat' dir='ltr'><strong>minatur</strong></span> 
     </span>
    </p>
   </div>
   <div class='ocr_carea' id='block_1_7' title="bbox 232 819 1027 2993">
    <p class='ocr_par' dir='ltr' id='par_1_7' title="bbox 232 819 1027 2993">
     <span class='ocr_line' id='line_1_12' title="bbox 235 819 1022 863; baseline -0.003 -7"><span class='ocrx_word' id='word_1_59' title='bbox 235 827 390 863; x_wconf 85' lang='lat' dir='ltr'><strong>diximus,</strong></span> <span class='ocrx_word' id='word_1_60' title='bbox 414 829 531 856; x_wconf 84' lang='lat' dir='ltr'><strong>bonum</strong></span> <span class='ocrx_word' id='word_1_61' title='bbox 546 832 606 860; x_wconf 76' lang='lat' dir='ltr'><strong>est,</strong></span> <span class='ocrx_word' id='word_1_62' title='bbox 634 828 717 856; x_wconf 89' lang='lat' dir='ltr'><strong>unde</strong></span> <span class='ocrx_word' id='word_1_63' title='bbox 741 831 770 855; x_wconf 88' lang='lat' dir='ltr'><strong>et</strong></span> <span class='ocrx_word' id='word_1_64' title='bbox 790 819 890 855; x_wconf 81' lang='lat' dir='ltr'><strong>manc</strong></span> <span class='ocrx_word' id='word_1_65' title='bbox 905 827 1022 856; x_wconf 88' lang='lat' dir='ltr'><strong>dictum</strong></span> 
     </span>
     <span class='ocr_line' id='line_1_13' title="bbox 235 870 1024 908; baseline -0.003 -7"><span class='ocrx_word' id='word_1_66' title='bbox 235 878 286 902; x_wconf 85' lang='lat' dir='ltr'><strong>est</strong></span> <span class='ocrx_word' id='word_1_67' title='bbox 311 873 356 908; x_wconf 82' lang='lat' dir='ltr'><strong>{et</strong></span> <span class='ocrx_word' id='word_1_68' title='bbox 379 870 541 901; x_wconf 81' lang='lat' dir='ltr'><strong>immanis</strong></span> <span class='ocrx_word' id='word_1_69' title='bbox 571 879 599 901; x_wconf 89' lang='lat' dir='ltr'><strong>et</strong></span> <span class='ocrx_word' id='word_1_70' title='bbox 627 875 745 901; x_wconf 80' lang='lat' dir='ltr'><strong>Festus</strong></span> <span class='ocrx_word' id='word_1_71' title='bbox 773 873 865 900; x_wconf 79' lang='lat' dir='ltr'><strong>Pauli</strong></span> <span class='ocrx_word' id='word_1_72' title='bbox 902 881 930 907; x_wconf 89' lang='lat' dir='ltr'><strong>p.</strong></span> <span class='ocrx_word' id='word_1_73' title='bbox 962 871 1024 900; x_wconf 76' lang='lat'><strong>122</strong></span> 
     </span>
     <span class='ocr_line' id='line_1_14' title="bbox 235 914 1026 957; baseline -0.001 -11"><span class='ocrx_word' id='word_1_74' title='bbox 235 921 276 947; x_wconf 83' lang='lat' dir='ltr'><strong>M.</strong></span> <span class='ocrx_word' id='word_1_75' title='bbox 303 919 394 947; x_wconf 89' lang='lat' dir='ltr'><strong>dicit:</strong></span> <span class='ocrx_word' id='word_1_76' title='bbox 442 915 552 955; x_wconf 82' lang='lat' dir='ltr'><strong>Inferi</strong></span> <span class='ocrx_word' id='word_1_77' title='bbox 579 915 629 947; x_wconf 81' lang='lat' dir='ltr'><strong>dii</strong></span> <span class='ocrx_word' id='word_1_78' title='bbox 661 926 791 953; x_wconf 85' lang='lat' dir='ltr'><strong>manes,</strong></span> <span class='ocrx_word' id='word_1_79' title='bbox 828 920 865 946; x_wconf 89' lang='lat' dir='ltr'><strong>ut</strong></span> <span class='ocrx_word' id='word_1_80' title='bbox 891 914 1026 957; x_wconf 75' lang='lat' dir='ltr'><strong>suppli-</strong></span> 
     </span>
     <span class='ocr_line' id='line_1_15' title="bbox 234 961 1024 1004; baseline -0.003 -12"><span class='ocrx_word' id='word_1_81' title='bbox 234 961 319 992; x_wconf 83' lang='lat' dir='ltr'><strong>citer</strong></span> <span class='ocrx_word' id='word_1_82' title='bbox 340 961 513 1004; x_wconf 82' lang='lat' dir='ltr'><strong>appellati</strong></span> <span class='ocrx_word' id='word_1_83' title='bbox 536 961 622 992; x_wconf 87' lang='lat' dir='ltr'><strong>bono</strong></span> <span class='ocrx_word' id='word_1_84' title='bbox 650 963 786 998; x_wconf 80' lang='lat' dir='ltr'><strong>essentl.</strong></span> <span class='ocrx_word' id='word_1_85' title='bbox 816 963 880 992; x_wconf 83' lang='lat' dir='ltr'><strong>Alii</strong></span> <span class='ocrx_word' id='word_1_86' title='bbox 906 970 1024 991; x_wconf 84' lang='lat' dir='ltr'><strong>manes</strong></span> 
     </span>
     <span class='ocr_line' id='line_1_16' title="bbox 236 1006 1024 1044; baseline -0.003 -6"><span class='ocrx_word' id='word_1_87' title='bbox 236 1016 256 1038; x_wconf 81' lang='lat' dir='ltr'><strong>a</strong></span> <span class='ocrx_word' id='word_1_88' title='bbox 280 1006 456 1038; x_wconf 81' lang='lat' dir='ltr'><strong>manando</strong></span> <span class='ocrx_word' id='word_1_89' title='bbox 480 1010 585 1038; x_wconf 87' lang='lat' dir='ltr'><strong>dictos</strong></span> <span class='ocrx_word' id='word_1_90' title='bbox 610 1009 802 1044; x_wconf 84' lang='lat' dir='ltr'><strong>intelligunt.</strong></span> <span class='ocrx_word' id='word_1_91' title='bbox 851 1011 930 1037; x_wconf 72' lang='lat' dir='ltr'><strong>Nam</strong></span> <span class='ocrx_word' id='word_1_92' title='bbox 954 1016 1024 1036; x_wconf 82' lang='lat' dir='ltr'><strong>ma-</strong></span> 
     </span>
     <span class='ocr_line' id='line_1_17' title="bbox 235 1055 1023 1090; baseline -0.003 -7"><span class='ocrx_word' id='word_1_93' title='bbox 235 1055 331 1084; x_wconf 88' lang='lat' dir='ltr'><strong>nibus</strong></span> <span class='ocrx_word' id='word_1_94' title='bbox 366 1057 462 1090; x_wconf 83' lang='lat' dir='ltr'><strong>plena</strong></span> <span class='ocrx_word' id='word_1_95' title='bbox 493 1060 565 1083; x_wconf 90' lang='lat' dir='ltr'><strong>sunt</strong></span> <span class='ocrx_word' id='word_1_96' title='bbox 597 1056 672 1083; x_wconf 89' lang='grc'>1083</span> <span class='ocrx_word' id='word_1_97' title='bbox 699 1055 781 1082; x_wconf 87' lang='grc'>111181</span> <span class='ocrx_word' id='word_1_98' title='bbox 817 1056 963 1082; x_wconf 84' lang='lat' dir='ltr'><strong>lunarem</strong></span> <span class='ocrx_word' id='word_1_99' title='bbox 994 1059 1023 1081; x_wconf 90' lang='lat' dir='ltr'><strong>et</strong></span> 
     </span>
     <span class='ocr_line' id='line_1_18' title="bbox 238 1098 1024 1135; baseline -0.004 -6"><span class='ocrx_word' id='word_1_100' title='bbox 238 1106 399 1129; x_wconf 83' lang='lat' dir='ltr'><strong>terrenum</strong></span> <span class='ocrx_word' id='word_1_101' title='bbox 440 1101 615 1135; x_wconf 87' lang='lat' dir='ltr'><strong>circulum,</strong></span> <span class='ocrx_word' id='word_1_102' title='bbox 664 1101 748 1129; x_wconf 86' lang='lat' dir='ltr'><strong>unde</strong></span> <span class='ocrx_word' id='word_1_103' title='bbox 797 1104 827 1127; x_wconf 89' lang='lat' dir='ltr'><strong>et</strong></span> <span class='ocrx_word' id='word_1_104' title='bbox 873 1098 1024 1127; x_wconf 87' lang='lat' dir='ltr'><strong>defluunt.</strong></span> 
     </span>
     <span class='ocr_line' id='line_1_19' title="bbox 237 1145 1026 1182; baseline -0.004 -7"><span class='ocrx_word' id='word_1_105' title='bbox 237 1147 371 1182; x_wconf 79' lang='lat' dir='ltr'><strong>Quidam</strong></span> <span class='ocrx_word' id='word_1_106' title='bbox 416 1154 534 1175; x_wconf 81' lang='lat' dir='ltr'><strong>manes</strong></span> <span class='ocrx_word' id='word_1_107' title='bbox 579 1147 659 1174; x_wconf 89' lang='lat' dir='ltr'><strong>deos</strong></span> <span class='ocrx_word' id='word_1_108' title='bbox 704 1145 850 1173; x_wconf 81' lang='lat' dir='ltr'><strong>infernos</strong></span> <span class='ocrx_word' id='word_1_109' title='bbox 886 1146 1026 1182; x_wconf 86' lang='lat' dir='ltr'><strong>tradunt,</strong></span> 
     </span>
     <span class='ocr_line' id='line_1_20' title="bbox 236 1191 1026 1228; baseline -0.003 -8"><span class='ocrx_word' id='word_1_110' title='bbox 236 1200 361 1226; x_wconf 78' lang='lat' dir='ltr'><strong>eosque</strong></span> <span class='ocrx_word' id='word_1_111' title='bbox 402 1192 484 1220; x_wconf 82' lang='lat' dir='ltr'><strong>inter</strong></span> <span class='ocrx_word' id='word_1_112' title='bbox 528 1191 659 1220; x_wconf 85' lang='lat' dir='ltr'><strong>numina</strong></span> <span class='ocrx_word' id='word_1_113' title='bbox 704 1192 803 1219; x_wconf 82' lang='lat' dir='ltr'><strong>laeva</strong></span> <span class='ocrx_word' id='word_1_114' title='bbox 845 1195 1026 1228; x_wconf 72' lang='lat' dir='ltr'><strong>numerant,</strong></span> 
     </span>
     <span class='ocr_line' id='line_1_21' title="bbox 235 1236 1027 1273; baseline -0.003 -7"><span class='ocrx_word' id='word_1_115' title='bbox 235 1237 426 1273; x_wconf 77' lang='lat' dir='ltr'><strong>placarique</strong></span> <span class='ocrx_word' id='word_1_116' title='bbox 454 1241 564 1272; x_wconf 88' lang='lat' dir='ltr'><strong>putant</strong></span> <span class='ocrx_word' id='word_1_117' title='bbox 593 1236 765 1265; x_wconf 85' lang='lat' dir='ltr'><strong>sacrificiis</strong></span> <span class='ocrx_word' id='word_1_118' title='bbox 800 1244 839 1264; x_wconf 87' lang='lat' dir='ltr'><strong>ne</strong></span> <span class='ocrx_word' id='word_1_119' title='bbox 875 1240 1027 1264; x_wconf 85' lang='lat' dir='ltr'><strong>noceant.</strong></span> 
     </span>
     <span class='ocr_line' id='line_1_22' title="bbox 236 1278 1027 1319; baseline -0.005 -7"><span class='ocrx_word' id='word_1_120' title='bbox 236 1284 372 1318; x_wconf 86' lang='lat' dir='ltr'><strong>Quidam</strong></span> <span class='ocrx_word' id='word_1_121' title='bbox 393 1283 478 1312; x_wconf 87' lang='lat' dir='ltr'><strong>alios</strong></span> <span class='ocrx_word' id='word_1_122' title='bbox 500 1290 627 1318; x_wconf 84' lang='lat' dir='ltr'><strong>manes,</strong></span> <span class='ocrx_word' id='word_1_123' title='bbox 659 1282 745 1311; x_wconf 88' lang='lat' dir='ltr'><strong>alios</strong></span> <span class='ocrx_word' id='word_1_124' title='bbox 768 1278 849 1310; x_wconf 79' lang='lat' dir='ltr'><strong>deos</strong></span> <span class='ocrx_word' id='word_1_125' title='bbox 872 1278 1027 1319; x_wconf 79' lang='lat' dir='ltr'><strong>infernos</strong></span> 
     </span>
     <span class='ocr_line' id='line_1_23' title="bbox 238 1325 1027 1364; baseline -0.003 -7"><span class='ocrx_word' id='word_1_126' title='bbox 238 1329 363 1357; x_wconf 85' lang='lat' dir='ltr'><strong>dicunt:</strong></span> <span class='ocrx_word' id='word_1_127' title='bbox 409 1329 538 1364; x_wconf 88' lang='lat' dir='ltr'><strong>plurimi</strong></span> <span class='ocrx_word' id='word_1_128' title='bbox 563 1329 642 1356; x_wconf 87' lang='lat' dir='ltr'><strong>deos</strong></span> <span class='ocrx_word' id='word_1_129' title='bbox 669 1325 844 1363; x_wconf 77' lang='lat' dir='ltr'><strong>caelestes,</strong></span> <span class='ocrx_word' id='word_1_130' title='bbox 875 1331 907 1354; x_wconf 86' lang='lat' dir='ltr'><strong>ut</strong></span> <span class='ocrx_word' id='word_1_131' title='bbox 931 1327 1027 1355; x_wconf 73' lang='lat' dir='ltr'><strong>vivo-</strong></span> 
     </span>
     <span class='ocr_line' id='line_1_24' title="bbox 235 1373 1022 1410; baseline -0.003 -8"><span class='ocrx_word' id='word_1_132' title='bbox 235 1382 321 1410; x_wconf 77' lang='lat' dir='ltr'><strong>rum3</strong></span> <span class='ocrx_word' id='word_1_133' title='bbox 365 1374 410 1402; x_wconf 83' lang='grc'><strong>113</strong></span> <span class='ocrx_word' id='word_1_134' title='bbox 439 1381 558 1402; x_wconf 79' lang='lat' dir='ltr'><strong>manes</strong></span> <span class='ocrx_word' id='word_1_135' title='bbox 587 1377 783 1401; x_wconf 87' lang='lat' dir='ltr'><strong>mortuorum</strong></span> <span class='ocrx_word' id='word_1_136' title='bbox 813 1373 1022 1400; x_wconf 82' lang='lat' dir='ltr'><strong>tradiderunt.</strong></span> 
     </span>
     <span class='ocr_line' id='line_1_25' title="bbox 236 1417 1023 1454; baseline -0.005 -6"><span class='ocrx_word' id='word_1_137' title='bbox 236 1420 302 1448; x_wconf 82' lang='lat' dir='ltr'><strong>Alii</strong></span> <span class='ocrx_word' id='word_1_138' title='bbox 326 1424 436 1454; x_wconf 85' lang='lat' dir='ltr'><strong>putant</strong></span> <span class='ocrx_word' id='word_1_139' title='bbox 461 1422 522 1448; x_wconf 87' lang='lat' dir='ltr'><strong>hoc</strong></span> <span class='ocrx_word' id='word_1_140' title='bbox 547 1419 675 1446; x_wconf 89' lang='lat' dir='ltr'><strong>nomine</strong></span> <span class='ocrx_word' id='word_1_141' title='bbox 707 1419 892 1452; x_wconf 84' lang='lat' dir='ltr'><strong>appellatas</strong></span> <span class='ocrx_word' id='word_1_142' title='bbox 917 1417 1023 1445; x_wconf 81' lang='lat' dir='ltr'><strong>fuisse</strong></span> 
     </span>
     <span class='ocr_line' id='line_1_26' title="bbox 237 1463 1023 1500; baseline -0.005 -7"><span class='ocrx_word' id='word_1_143' title='bbox 237 1466 363 1494; x_wconf 83' lang='lat' dir='ltr'><strong>animas</strong></span> <span class='ocrx_word' id='word_1_144' title='bbox 392 1469 565 1500; x_wconf 81' lang='lat' dir='ltr'><strong>separatas</strong></span> <span class='ocrx_word' id='word_1_145' title='bbox 590 1471 609 1492; x_wconf 91' lang='lat' dir='ltr'><strong>a</strong></span> <span class='ocrx_word' id='word_1_146' title='bbox 632 1471 787 1498; x_wconf 81' lang='lat' dir='ltr'><strong>corpore3</strong></span> <span class='ocrx_word' id='word_1_147' title='bbox 818 1463 902 1490; x_wconf 90' lang='lat' dir='ltr'><strong>unde</strong></span> <span class='ocrx_word' id='word_1_148' title='bbox 929 1463 1023 1490; x_wconf 80' lang='lat' dir='ltr'><strong>vide-</strong></span> 
     </span>
     <span class='ocr_line' id='line_1_27' title="bbox 236 1510 1022 1543; baseline -0.005 -4"><span class='ocrx_word' id='word_1_149' title='bbox 236 1518 308 1539; x_wconf 90' lang='lat' dir='ltr'><strong>mus</strong></span> <span class='ocrx_word' id='word_1_150' title='bbox 354 1516 485 1539; x_wconf 83' lang='lat' dir='ltr'><strong>vetusta</strong></span> <span class='ocrx_word' id='word_1_151' title='bbox 537 1510 762 1543; x_wconf 86' lang='lat' dir='ltr'><strong>sepulcrorum</strong></span> <span class='ocrx_word' id='word_1_152' title='bbox 813 1512 1022 1536; x_wconf 89' lang='lat' dir='ltr'><strong>monumenta</strong></span> 
     </span>
     <span class='ocr_line' id='line_1_28' title="bbox 242 1553 1020 1588; baseline -0.004 -4"><span class='ocrx_word' id='word_1_153' title='bbox 242 1553 318 1584; x_wconf 72' lang='lat' dir='ltr'><strong>Diis</strong></span> <span class='ocrx_word' id='word_1_154' title='bbox 352 1553 516 1584; x_wconf 75' lang='lat' dir='ltr'><strong>Manibus</strong></span> <span class='ocrx_word' id='word_1_155' title='bbox 554 1563 631 1583; x_wconf 85' lang='lat' dir='ltr'><strong>esse</strong></span> <span class='ocrx_word' id='word_1_156' title='bbox 661 1554 832 1588; x_wconf 85' lang='lat' dir='ltr'><strong>inscripta.</strong></span> <span class='ocrx_word' id='word_1_157' title='bbox 880 1555 915 1581; x_wconf 90' lang='lat' dir='ltr'><strong>ln</strong></span> <span class='ocrx_word' id='word_1_158' title='bbox 957 1560 1020 1587; x_wconf 89' lang='lat' dir='ltr'><strong>qua</strong></span> 
     </span>
     <span class='ocr_line' id='line_1_29' title="bbox 237 1599 1019 1633; baseline -0.004 -4"><span class='ocrx_word' id='word_1_159' title='bbox 237 1601 331 1630; x_wconf 85' lang='lat' dir='ltr'><strong>etiam</strong></span> <span class='ocrx_word' id='word_1_160' title='bbox 352 1601 512 1630; x_wconf 83' lang='lat' dir='ltr'><strong>sententia</strong></span> <span class='ocrx_word' id='word_1_161' title='bbox 535 1600 661 1628; x_wconf 77' lang='lat' dir='ltr'><strong>videtur</strong></span> <span class='ocrx_word' id='word_1_162' title='bbox 683 1607 761 1627; x_wconf 87' lang='lat' dir='ltr'><strong>esse</strong></span> <span class='ocrx_word' id='word_1_163' title='bbox 778 1599 961 1633; x_wconf 75' lang='lat' dir='ltr'><strong>Appuleius</strong></span> <span class='ocrx_word' id='word_1_164' title='bbox 981 1600 1019 1626; x_wconf 91' lang='lat' dir='ltr'><strong>de</strong></span> 
     </span>
     <span class='ocr_line' id='line_1_30' title="bbox 236 1642 1022 1681; baseline -0.004 -7"><span class='ocrx_word' id='word_1_165' title='bbox 236 1647 416 1675; x_wconf 87' lang='lat' dir='ltr'><strong>Daemonio</strong></span> <span class='ocrx_word' id='word_1_166' title='bbox 431 1645 591 1674; x_wconf 85' lang='lat' dir='ltr'><strong>Socratis:</strong></span> <span class='ocrx_word' id='word_1_167' title='bbox 609 1642 741 1681; x_wconf 71' lang='lat' dir='ltr'><strong>Manes,</strong></span> <span class='ocrx_word' id='word_1_168' title='bbox 757 1644 869 1679; x_wconf 86' lang='lat' dir='ltr'><strong>inquit,</strong></span> <span class='ocrx_word' id='word_1_169' title='bbox 894 1644 1022 1672; x_wconf 86' lang='lat' dir='ltr'><strong>animae</strong></span> 
     </span>
     <span class='ocr_line' id='line_1_31' title="bbox 235 1690 1021 1726; baseline -0.005 -6"><span class='ocrx_word' id='word_1_170' title='bbox 235 1693 384 1720; x_wconf 91' lang='lat' dir='ltr'><strong>dicuntur</strong></span> <span class='ocrx_word' id='word_1_171' title='bbox 408 1691 552 1720; x_wconf 79' lang='lat' dir='ltr'><strong>melioris</strong></span> <span class='ocrx_word' id='word_1_172' title='bbox 577 1690 690 1726; x_wconf 88' lang='lat' dir='ltr'><strong>meriti,</strong></span> <span class='ocrx_word' id='word_1_173' title='bbox 720 1697 804 1723; x_wconf 82' lang='lat' dir='ltr'><strong>quae</strong></span> <span class='ocrx_word' id='word_1_174' title='bbox 829 1690 860 1717; x_wconf 91' lang='grc'><strong>111</strong></span> <span class='ocrx_word' id='word_1_175' title='bbox 887 1697 1021 1723; x_wconf 90' lang='lat' dir='ltr'><strong>corpore</strong></span> 
     </span>
     <span class='ocr_line' id='line_1_32' title="bbox 235 1734 1021 1771; baseline -0.005 -6"><span class='ocrx_word' id='word_1_176' title='bbox 235 1743 347 1766; x_wconf 83' lang='lat' dir='ltr'><strong>nostro</strong></span> <span class='ocrx_word' id='word_1_177' title='bbox 379 1734 481 1765; x_wconf 82' lang='lat' dir='ltr'><strong>Genii</strong></span> <span class='ocrx_word' id='word_1_178' title='bbox 499 1736 657 1771; x_wconf 88' lang='lat' dir='ltr'><strong>dicuntur,</strong></span> <span class='ocrx_word' id='word_1_179' title='bbox 680 1735 807 1769; x_wconf 78' lang='lat' dir='ltr'><strong>corpori</strong></span> <span class='ocrx_word' id='word_1_180' title='bbox 832 1735 1021 1762; x_wconf 87' lang='lat' dir='ltr'><strong>renuntian-</strong></span> 
     </span>
     <span class='ocr_line' id='line_1_33' title="bbox 235 1779 1022 1816; baseline -0.005 -5"><span class='ocrx_word' id='word_1_181' title='bbox 235 1788 285 1811; x_wconf 87' lang='lat' dir='ltr'><strong>tes</strong></span> <span class='ocrx_word' id='word_1_182' title='bbox 317 1779 496 1816; x_wconf 82' lang='lat' dir='ltr'><strong>Lemures3</strong></span> <span class='ocrx_word' id='word_1_183' title='bbox 523 1788 618 1815; x_wconf 89' lang='lat' dir='ltr'><strong>quum</strong></span> <span class='ocrx_word' id='word_1_184' title='bbox 643 1782 757 1808; x_wconf 86' lang='lat' dir='ltr'><strong>domos</strong></span> <span class='ocrx_word' id='word_1_185' title='bbox 781 1779 1022 1808; x_wconf 83' lang='lat' dir='ltr'><strong>incursionibus</strong></span> 
     </span>
     <span class='ocr_line' id='line_1_34' title="bbox 234 1823 1024 1863; baseline -0.004 -7"><span class='ocrx_word' id='word_1_186' title='bbox 234 1828 437 1863; x_wconf 71' lang='lat' dir='ltr'><strong>infestarent,</strong></span> <span class='ocrx_word' id='word_1_187' title='bbox 469 1823 606 1855; x_wconf 85' lang='lat' dir='ltr'><strong>Larvac</strong></span> <span class='ocrx_word' id='word_1_188' title='bbox 631 1827 896 1860; x_wconf 78' lang='lat' dir='ltr'><strong>appellabantur3</strong></span> <span class='ocrx_word' id='word_1_189' title='bbox 945 1832 1024 1853; x_wconf 91' lang='lat' dir='ltr'><strong>con-</strong></span> 
     </span>
     <span class='ocr_line' id='line_1_35' title="bbox 235 1867 1024 1909; baseline -0.005 -7"><span class='ocrx_word' id='word_1_190' title='bbox 235 1880 294 1909; x_wconf 85' lang='lat' dir='ltr'><strong>tra,</strong></span> <span class='ocrx_word' id='word_1_191' title='bbox 329 1873 357 1901; x_wconf 84' lang='lat' dir='ltr'><strong>si</strong></span> <span class='ocrx_word' id='word_1_192' title='bbox 393 1872 488 1906; x_wconf 85' lang='lat' dir='ltr'><strong>aequi</strong></span> <span class='ocrx_word' id='word_1_193' title='bbox 514 1877 542 1899; x_wconf 90' lang='lat' dir='ltr'><strong>et</strong></span> <span class='ocrx_word' id='word_1_194' title='bbox 575 1871 725 1900; x_wconf 76' lang='lat' dir='ltr'><strong>faventes</strong></span> <span class='ocrx_word' id='word_1_195' title='bbox 757 1875 881 1905; x_wconf 85' lang='lat' dir='ltr'><strong>essent,</strong></span> <span class='ocrx_word' id='word_1_196' title='bbox 919 1867 1024 1898; x_wconf 83' lang='lat' dir='ltr'><strong>Lares</strong></span> 
     </span>
     <span class='ocr_line' id='line_1_36' title="bbox 232 1912 1023 1957; baseline -0.005 -10"><span class='ocrx_word' id='word_1_197' title='bbox 232 1916 443 1957; x_wconf 51' lang='lat' dir='ltr'><strong>familiare&amp;</strong></span> <span class='ocrx_word' id='word_1_198' title='bbox 470 1921 549 1946; x_wconf 85' lang='lat' dir='ltr'><strong>Sunt</strong></span> <span class='ocrx_word' id='word_1_199' title='bbox 571 1918 664 1945; x_wconf 86' lang='lat' dir='ltr'><strong>etiam</strong></span> <span class='ocrx_word' id='word_1_200' title='bbox 691 1917 743 1951; x_wconf 89' lang='lat' dir='ltr'><strong>qui</strong></span> <span class='ocrx_word' id='word_1_201' title='bbox 762 1921 882 1950; x_wconf 85' lang='lat' dir='ltr'><strong>putent,</strong></span> <span class='ocrx_word' id='word_1_202' title='bbox 901 1912 1023 1943; x_wconf 75' lang='lat' dir='ltr'><strong>Manes</strong></span> 
     </span>
     <span class='ocr_line' id='line_1_37' title="bbox 236 1962 1022 2000; baseline -0.006 -6"><span class='ocrx_word' id='word_1_203' title='bbox 236 1966 371 1994; x_wconf 89' lang='lat' dir='ltr'><strong>eosdem</strong></span> <span class='ocrx_word' id='word_1_204' title='bbox 391 1972 480 2000; x_wconf 82' lang='lat' dir='ltr'><strong>esse,</strong></span> <span class='ocrx_word' id='word_1_205' title='bbox 528 1971 609 1997; x_wconf 86' lang='lat' dir='ltr'><strong>quos</strong></span> <span class='ocrx_word' id='word_1_206' title='bbox 636 1968 787 1990; x_wconf 82' lang='lat' dir='ltr'><strong>vetustas</strong></span> <span class='ocrx_word' id='word_1_207' title='bbox 816 1962 937 1990; x_wconf 87' lang='lat' dir='ltr'><strong>Genios</strong></span> <span class='ocrx_word' id='word_1_208' title='bbox 963 1968 1022 1995; x_wconf 82' lang='lat' dir='ltr'><strong>ap-</strong></span> 
     </span>
     <span class='ocr_line' id='line_1_38' title="bbox 237 2008 1020 2046; baseline -0.008 -7"><span class='ocrx_word' id='word_1_209' title='bbox 237 2010 383 2046; x_wconf 80' lang='lat' dir='ltr'><strong>pellavit,</strong></span> <span class='ocrx_word' id='word_1_210' title='bbox 427 2010 573 2043; x_wconf 86' lang='lat' dir='ltr'><strong>duosque</strong></span> <span class='ocrx_word' id='word_1_211' title='bbox 603 2011 718 2036; x_wconf 81' lang='lat' dir='ltr'><strong>Manes</strong></span> <span class='ocrx_word' id='word_1_212' title='bbox 752 2008 942 2042; x_wconf 78' lang='lat' dir='ltr'><strong>corporibus</strong></span> <span class='ocrx_word' id='word_1_213' title='bbox 982 2009 1020 2034; x_wconf 86' lang='lat' dir='ltr'><strong>ab</strong></span> 
     </span>
     <span class='ocr_line' id='line_1_39' title="bbox 235 2052 1021 2091; baseline -0.008 -6"><span class='ocrx_word' id='word_1_214' title='bbox 235 2057 311 2091; x_wconf 86' lang='lat' dir='ltr'><strong>ipsa</strong></span> <span class='ocrx_word' id='word_1_215' title='bbox 331 2055 439 2084; x_wconf 86' lang='lat' dir='ltr'><strong>statim</strong></span> <span class='ocrx_word' id='word_1_216' title='bbox 457 2054 669 2088; x_wconf 77' lang='lat' dir='ltr'><strong>conceptione</strong></span> <span class='ocrx_word' id='word_1_217' title='bbox 691 2054 880 2087; x_wconf 86' lang='lat' dir='ltr'><strong>assignatos</strong></span> <span class='ocrx_word' id='word_1_218' title='bbox 905 2052 1021 2086; x_wconf 79' lang='lat' dir='ltr'><strong>fuisse,</strong></span> 
     </span>
     <span class='ocr_line' id='line_1_40' title="bbox 236 2100 1021 2136; baseline -0.008 -6"><span class='ocrx_word' id='word_1_219' title='bbox 236 2102 292 2136; x_wconf 90' lang='lat' dir='ltr'><strong>qui</strong></span> <span class='ocrx_word' id='word_1_220' title='bbox 315 2109 354 2129; x_wconf 88' lang='lat' dir='ltr'><strong>ne</strong></span> <span class='ocrx_word' id='word_1_221' title='bbox 380 2105 506 2129; x_wconf 87' lang='lat' dir='ltr'><strong>mortua</strong></span> <span class='ocrx_word' id='word_1_222' title='bbox 538 2100 663 2133; x_wconf 81' lang='lat' dir='ltr'><strong>quidem</strong></span> <span class='ocrx_word' id='word_1_223' title='bbox 690 2107 828 2133; x_wconf 91' lang='lat' dir='ltr'><strong>corpora</strong></span> <span class='ocrx_word' id='word_1_224' title='bbox 858 2100 1021 2131; x_wconf 79' lang='lat' dir='ltr'><strong>deserant,</strong></span> 
     </span>
     <span class='ocr_line' id='line_1_41' title="bbox 236 2145 1022 2181; baseline -0.006 -5"><span class='ocrx_word' id='word_1_225' title='bbox 236 2147 504 2181; x_wconf 76' lang='lat' dir='ltr'><strong>consumptisque</strong></span> <span class='ocrx_word' id='word_1_226' title='bbox 529 2146 622 2173; x_wconf 84' lang='lat' dir='ltr'><strong>etiam</strong></span> <span class='ocrx_word' id='word_1_227' title='bbox 650 2145 841 2179; x_wconf 82' lang='lat' dir='ltr'><strong>corporibus</strong></span> <span class='ocrx_word' id='word_1_228' title='bbox 867 2145 1022 2178; x_wconf 78' lang='lat' dir='ltr'><strong>sepulcra</strong></span> 
     </span>
     <span class='ocr_line' id='line_1_42' title="bbox 236 2189 1022 2226; baseline -0.006 -5"><span class='ocrx_word' id='word_1_229' title='bbox 236 2193 423 2221; x_wconf 84' lang='lat' dir='ltr'><strong>inhabitent.</strong></span> <span class='ocrx_word' id='word_1_230' title='bbox 448 2193 562 2221; x_wconf 84' lang='lat' dir='ltr'><strong>Cicero</strong></span> <span class='ocrx_word' id='word_1_231' title='bbox 590 2191 647 2226; x_wconf 85' lang='lat' dir='ltr'><strong>(de</strong></span> <span class='ocrx_word' id='word_1_232' title='bbox 671 2192 756 2225; x_wconf 75' lang='lat' dir='ltr'><strong>legg.</strong></span> <span class='ocrx_word' id='word_1_233' title='bbox 773 2189 804 2226; x_wconf 70' lang='grc' dir='ltr'><strong>ἱ),</strong></span> <span class='ocrx_word' id='word_1_234' title='bbox 834 2189 893 2225; x_wconf 86' lang='grc'><strong>10)</strong></span> <span class='ocrx_word' id='word_1_235' title='bbox 913 2190 1022 2222; x_wconf 71' lang='lat' dir='ltr'><strong>..Deo-</strong></span> 
     </span>
     <span class='ocr_line' id='line_1_43' title="bbox 236 2232 1021 2268; baseline -0.008 -1"><span class='ocrx_word' id='word_1_236' title='bbox 236 2247 305 2267; x_wconf 85' lang='lat' dir='ltr'><strong>rum</strong></span> <span class='ocrx_word' id='word_1_237' title='bbox 332 2240 471 2267; x_wconf 79' lang='lat' dir='ltr'><strong>Manium</strong></span> <span class='ocrx_word' id='word_1_238' title='bbox 498 2237 568 2264; x_wconf 80' lang='lat' dir='ltr'><strong>iura</strong></span> <span class='ocrx_word' id='word_1_239' title='bbox 591 2242 706 2265; x_wconf 87' lang='lat' dir='ltr'><strong>sancta</strong></span> <span class='ocrx_word' id='word_1_240' title='bbox 736 2232 867 2264; x_wconf 81' lang='lat' dir='ltr'><strong>sunto.“</strong></span> <span class='ocrx_word' id='word_1_241' title='bbox 914 2236 1021 2268; x_wconf 80' lang='lat' dir='ltr'><strong>Atque</strong></span> 
     </span>
     <span class='ocr_line' id='line_1_44' title="bbox 235 2279 1021 2316; baseline -0.006 -3"><span class='ocrx_word' id='word_1_242' title='bbox 235 2285 372 2313; x_wconf 86' lang='lat' dir='ltr'><strong>eandem</strong></span> <span class='ocrx_word' id='word_1_243' title='bbox 397 2285 436 2311; x_wconf 87' lang='lat' dir='ltr'><strong>ob</strong></span> <span class='ocrx_word' id='word_1_244' title='bbox 460 2290 616 2311; x_wconf 77' lang='lat' dir='ltr'><strong>caussam</strong></span> <span class='ocrx_word' id='word_1_245' title='bbox 649 2279 768 2310; x_wconf 73' lang='lat' dir='ltr'><strong>Manes</strong></span> <span class='ocrx_word' id='word_1_246' title='bbox 803 2289 859 2316; x_wconf 89' lang='lat' dir='ltr'><strong>pro</strong></span> <span class='ocrx_word' id='word_1_247' title='bbox 886 2280 1021 2308; x_wconf 83' lang='lat' dir='ltr'><strong>ossibus</strong></span> 
     </span>
     <span class='ocr_line' id='line_1_45' title="bbox 234 2325 1019 2365; baseline -0.009 -6"><span class='ocrx_word' id='word_1_248' title='bbox 234 2330 318 2365; x_wconf 87' lang='lat' dir='ltr'><strong>ipsis</strong></span> <span class='ocrx_word' id='word_1_249' title='bbox 339 2333 370 2357; x_wconf 86' lang='lat' dir='ltr'><strong>et</strong></span> <span class='ocrx_word' id='word_1_250' title='bbox 395 2328 560 2363; x_wconf 82' lang='lat' dir='ltr'><strong>sepulcris</strong></span> <span class='ocrx_word' id='word_1_251' title='bbox 585 2332 757 2363; x_wconf 87' lang='lat' dir='ltr'><strong>ponuntur.</strong></span> <span class='ocrx_word' id='word_1_252' title='bbox 808 2326 942 2355; x_wconf 85' lang='lat' dir='ltr'><strong>Persius</strong></span> <span class='ocrx_word' id='word_1_253' title='bbox 968 2325 1019 2361; x_wconf 69' lang='lat' dir='ltr'><strong>(J,</strong></span> 
     </span>
     <span class='ocr_line' id='line_1_46' title="bbox 236 2372 1021 2412; baseline -0.006 -8"><span class='ocrx_word' id='word_1_254' title='bbox 236 2375 300 2410; x_wconf 85' lang='grc'><strong>38)</strong></span> <span class='ocrx_word' id='word_1_255' title='bbox 327 2378 440 2412; x_wconf 74' lang='lat' dir='ltr'><strong>„Nunc</strong></span> <span class='ocrx_word' id='word_1_256' title='bbox 467 2382 530 2402; x_wconf 92' lang='lat' dir='ltr'><strong>non</strong></span> <span class='ocrx_word' id='word_1_257' title='bbox 556 2382 572 2401; x_wconf 88' lang='lat' dir='ltr'><strong>e</strong></span> <span class='ocrx_word' id='word_1_258' title='bbox 589 2374 738 2402; x_wconf 82' lang='lat' dir='ltr'><strong>Manibus</strong></span> <span class='ocrx_word' id='word_1_259' title='bbox 758 2372 825 2400; x_wconf 86' lang='grc'>11113</span> <span class='ocrx_word' id='word_1_260' title='bbox 841 2376 1021 2400; x_wconf 83' lang='lat' dir='ltr'><strong>nascuntur</strong></span> 
     </span>
     <span class='ocr_line' id='line_1_47' title="bbox 237 2416 1019 2456; baseline -0.006 -7"><span class='ocrx_word' id='word_1_261' title='bbox 237 2419 382 2449; x_wconf 81' lang='lat' dir='ltr'><strong>violae.“</strong></span> <span class='ocrx_word' id='word_1_262' title='bbox 416 2420 503 2448; x_wconf 83' lang='lat' dir='ltr'><strong>Idem</strong></span> <span class='ocrx_word' id='word_1_263' title='bbox 537 2418 589 2456; x_wconf 67' lang='lat'><strong>(5,</strong></span> <span class='ocrx_word' id='word_1_264' title='bbox 623 2418 702 2453; x_wconf 80' lang='lat'><strong>151]</strong></span> <span class='ocrx_word' id='word_1_265' title='bbox 729 2419 886 2454; x_wconf 69' lang='lat' dir='ltr'><strong>„indulge</strong></span> <span class='ocrx_word' id='word_1_266' title='bbox 913 2416 1019 2452; x_wconf 82' lang='lat' dir='ltr'><strong>genio,</strong></span> 
     </span>
     <span class='ocr_line' id='line_1_48' title="bbox 236 2462 1020 2501; baseline -0.008 -6"><span class='ocrx_word' id='word_1_267' title='bbox 236 2474 410 2501; x_wconf 83' lang='lat' dir='ltr'><strong>carpamus</strong></span> <span class='ocrx_word' id='word_1_268' title='bbox 429 2465 547 2500; x_wconf 85' lang='lat' dir='ltr'><strong>dulcia,</strong></span> <span class='ocrx_word' id='word_1_269' title='bbox 573 2470 718 2493; x_wconf 88' lang='lat' dir='ltr'><strong>nostrum</strong></span> <span class='ocrx_word' id='word_1_270' title='bbox 733 2467 795 2498; x_wconf 87' lang='lat' dir='ltr'><strong>est,</strong></span> <span class='ocrx_word' id='word_1_271' title='bbox 821 2464 903 2497; x_wconf 90' lang='lat' dir='ltr'><strong>quod</strong></span> <span class='ocrx_word' id='word_1_272' title='bbox 922 2462 1020 2497; x_wconf 75' lang='lat' dir='ltr'><strong>vivis,</strong></span> 
     </span>
     <span class='ocr_line' id='line_1_49' title="bbox 237 2507 1020 2542; baseline -0.006 -2"><span class='ocrx_word' id='word_1_273' title='bbox 237 2512 322 2540; x_wconf 89' lang='grc'>811113</span> <span class='ocrx_word' id='word_1_274' title='bbox 355 2515 385 2539; x_wconf 93' lang='grc'><strong>81</strong></span> <span class='ocrx_word' id='word_1_275' title='bbox 405 2513 517 2539; x_wconf 78' lang='lat' dir='ltr'><strong>Manes</strong></span> <span class='ocrx_word' id='word_1_276' title='bbox 540 2515 568 2537; x_wconf 89' lang='lat' dir='ltr'><strong>et</strong></span> <span class='ocrx_word' id='word_1_277' title='bbox 594 2509 704 2538; x_wconf 82' lang='lat' dir='ltr'><strong>fabula</strong></span> <span class='ocrx_word' id='word_1_278' title='bbox 726 2507 817 2537; x_wconf 80' lang='lat' dir='ltr'><strong>fies.“</strong></span> <span class='ocrx_word' id='word_1_279' title='bbox 867 2508 1020 2542; x_wconf 83' lang='lat' dir='ltr'><strong>Quando-</strong></span> 
     </span>
     <span class='ocr_line' id='line_1_50' title="bbox 236 2552 1019 2593; baseline -0.009 -7"><span class='ocrx_word' id='word_1_280' title='bbox 236 2566 298 2592; x_wconf 88' lang='lat' dir='ltr'><strong>que</strong></span> <span class='ocrx_word' id='word_1_281' title='bbox 321 2554 439 2585; x_wconf 75' lang='lat' dir='ltr'><strong>Manes</strong></span> <span class='ocrx_word' id='word_1_282' title='bbox 463 2557 611 2584; x_wconf 88' lang='lat' dir='ltr'><strong>dicuntur</strong></span> <span class='ocrx_word' id='word_1_283' title='bbox 623 2563 734 2593; x_wconf 87' lang='lat' dir='ltr'><strong>poena</strong></span> <span class='ocrx_word' id='word_1_284' title='bbox 760 2559 789 2582; x_wconf 91' lang='lat' dir='ltr'><strong>ut</strong></span> <span class='ocrx_word' id='word_1_285' title='bbox 809 2554 839 2582; x_wconf 90' lang='lat' dir='ltr'><strong>in</strong></span> <span class='ocrx_word' id='word_1_286' title='bbox 854 2555 897 2582; x_wconf 68' lang='lat' dir='ltr'><strong>vl</strong></span> <span class='ocrx_word' id='word_1_287' title='bbox 915 2552 1019 2588; x_wconf 75' lang='lat'><strong>(743)</strong></span> 
     </span>
     <span class='ocr_line' id='line_1_51' title="bbox 235 2598 1020 2639; baseline -0.006 -8"><span class='ocrx_word' id='word_1_288' title='bbox 235 2602 404 2639; x_wconf 84' lang='lat' dir='ltr'><strong>„Quisque</strong></span> <span class='ocrx_word' id='word_1_289' title='bbox 419 2609 499 2630; x_wconf 89' lang='lat' dir='ltr'><strong>suos</strong></span> <span class='ocrx_word' id='word_1_290' title='bbox 516 2602 651 2636; x_wconf 84' lang='lat' dir='ltr'><strong>patimur</strong></span> <span class='ocrx_word' id='word_1_291' title='bbox 665 2598 815 2629; x_wconf 85' lang='lat' dir='ltr'><strong>Manes.“</strong></span> <span class='ocrx_word' id='word_1_292' title='bbox 830 2602 909 2627; x_wconf 87' lang='lat' dir='ltr'><strong>Stat.</strong></span> <span class='ocrx_word' id='word_1_293' title='bbox 921 2600 1020 2627; x_wconf 83' lang='lat' dir='ltr'><strong>Theb.</strong></span> 
     </span>
     <span class='ocr_line' id='line_1_52' title="bbox 238 2641 1022 2685; baseline -0.006 -9"><span class='ocrx_word' id='word_1_294' title='bbox 238 2649 288 2684; x_wconf 88' lang='lat' dir='ltr'><strong>lt,</strong></span> <span class='ocrx_word' id='word_1_295' title='bbox 314 2646 380 2676; x_wconf 77' lang='lat'><strong>562</strong></span> <span class='ocrx_word' id='word_1_296' title='bbox 406 2643 567 2676; x_wconf 69' lang='lat' dir='ltr'><strong>Nondum</strong></span> <span class='ocrx_word' id='word_1_297' title='bbox 597 2643 656 2674; x_wconf 81' lang='lat' dir='ltr'><strong>itte</strong></span> <span class='ocrx_word' id='word_1_298' title='bbox 681 2642 834 2685; x_wconf 83' lang='lat' dir='ltr'><strong>peractis</strong></span> <span class='ocrx_word' id='word_1_299' title='bbox 860 2641 1022 2672; x_wconf 82' lang='lat' dir='ltr'><strong>Manibus</strong></span> 
     </span>
     <span class='ocr_line' id='line_1_53' title="bbox 235 2686 1021 2726; baseline -0.005 -5"><span class='ocrx_word' id='word_1_300' title='bbox 235 2691 376 2722; x_wconf 82' lang='lat' dir='ltr'><strong>ultrices</strong></span> <span class='ocrx_word' id='word_1_301' title='bbox 406 2690 559 2720; x_wconf 86' lang='lat' dir='ltr'><strong>animam</strong></span> <span class='ocrx_word' id='word_1_302' title='bbox 591 2688 751 2720; x_wconf 77' lang='lat' dir='ltr'><strong>servabat</strong></span> <span class='ocrx_word' id='word_1_303' title='bbox 792 2687 825 2718; x_wconf 89' lang='lat' dir='ltr'><strong>in</strong></span> <span class='ocrx_word' id='word_1_304' title='bbox 864 2686 953 2726; x_wconf 69' lang='lat' dir='ltr'><strong>iras,</strong></span> <span class='ocrx_word' id='word_1_305' title='bbox 991 2693 1021 2717; x_wconf 80' lang='grc'><strong>81</strong></span> 
     </span>
     <span class='ocr_line' id='line_1_54' title="bbox 236 2731 1020 2773; baseline -0.009 -5"><span class='ocrx_word' id='word_1_306' title='bbox 236 2739 352 2768; x_wconf 81' lang='lat' dir='ltr'><strong>Furias</strong></span> <span class='ocrx_word' id='word_1_307' title='bbox 382 2742 413 2766; x_wconf 88' lang='lat' dir='ltr'><strong>ut</strong></span> <span class='ocrx_word' id='word_1_308' title='bbox 445 2738 524 2765; x_wconf 83' lang='lat' dir='ltr'><strong>Luc.</strong></span> <span class='ocrx_word' id='word_1_309' title='bbox 561 2737 611 2773; x_wconf 85' lang='grc'><strong>10,</strong></span> <span class='ocrx_word' id='word_1_310' title='bbox 645 2735 709 2764; x_wconf 85' lang='grc'><strong>336</strong></span> <span class='ocrx_word' id='word_1_311' title='bbox 745 2733 916 2765; x_wconf 79' lang='lat' dir='ltr'><strong>Habitant</strong></span> <span class='ocrx_word' id='word_1_312' title='bbox 961 2731 1020 2762; x_wconf 76' lang='lat' dir='ltr'><strong>sub</strong></span> 
     </span>
     <span class='ocr_line' id='line_1_55' title="bbox 232 2776 1021 2822; baseline -0.006 -10"><span class='ocrx_word' id='word_1_313' title='bbox 232 2786 367 2822; x_wconf 82' lang='lat' dir='ltr'><strong>pectore</strong></span> <span class='ocrx_word' id='word_1_314' title='bbox 395 2779 516 2811; x_wconf 80' lang='lat' dir='ltr'><strong>Manes</strong></span> <span class='ocrx_word' id='word_1_315' title='bbox 537 2779 743 2821; x_wconf 77' lang='lat' dir='ltr'><strong>ultricesque</strong></span> <span class='ocrx_word' id='word_1_316' title='bbox 767 2778 852 2809; x_wconf 80' lang='lat' dir='ltr'><strong>deae</strong></span> <span class='ocrx_word' id='word_1_317' title='bbox 877 2778 962 2808; x_wconf 84' lang='lat' dir='ltr'><strong>dant</strong></span> <span class='ocrx_word' id='word_1_318' title='bbox 986 2776 1021 2808; x_wconf 86' lang='lat' dir='ltr'><strong>in</strong></span> 
     </span>
     <span class='ocr_line' id='line_1_56' title="bbox 236 2826 1023 2866; baseline -0.005 -10"><span class='ocrx_word' id='word_1_319' title='bbox 236 2837 326 2856; x_wconf 77' lang='lat' dir='ltr'><strong>nova</strong></span> <span class='ocrx_word' id='word_1_320' title='bbox 355 2830 507 2856; x_wconf 66' lang='lat' dir='ltr'><strong>monstra</strong></span> <span class='ocrx_word' id='word_1_321' title='bbox 524 2826 694 2866; x_wconf 86' lang='lat' dir='ltr'><strong>furorem.</strong></span> <span class='ocrx_word' id='word_1_322' title='bbox 721 2829 790 2855; x_wconf 81' lang='lat' dir='ltr'><strong>Non</strong></span> <span class='ocrx_word' id='word_1_323' title='bbox 810 2826 921 2854; x_wconf 89' lang='lat' dir='ltr'><strong>mirum</strong></span> <span class='ocrx_word' id='word_1_324' title='bbox 948 2827 1023 2861; x_wconf 85' lang='lat' dir='ltr'><strong>hoc,</strong></span> 
     </span>
     <span class='ocr_line' id='line_1_57' title="bbox 239 2871 1020 2906; baseline -0.005 -5"><span class='ocrx_word' id='word_1_325' title='bbox 239 2874 395 2906; x_wconf 78' lang='lat' dir='ltr'><strong>siquidem</strong></span> <span class='ocrx_word' id='word_1_326' title='bbox 409 2874 504 2901; x_wconf 86' lang='lat' dir='ltr'><strong>etiam</strong></span> <span class='ocrx_word' id='word_1_327' title='bbox 525 2874 641 2902; x_wconf 82' lang='lat' dir='ltr'><strong>Graeci</strong></span> <span class='ocrx_word' id='word_1_328' title='bbox 660 2873 774 2903; x_wconf 79' lang='lat' dir='ltr'><strong>Furias</strong></span> <span class='ocrx_word' id='word_1_329' title='bbox 799 2872 870 2900; x_wconf 79' lang='lat' dir='ltr'><strong>sive</strong></span> <span class='ocrx_word' id='word_1_330' title='bbox 882 2871 1020 2906; x_wconf 73' lang='lat' dir='ltr'><strong>Erinyes</strong></span> 
     </span>
     <span class='ocr_line' id='line_1_58' title="bbox 239 2918 1022 2951; baseline -0.003 -6"><span class='ocrx_word' id='word_1_331' title='bbox 239 2918 384 2946; x_wconf 85' lang='lat' dir='ltr'><strong>dicebant</strong></span> <span class='ocrx_word' id='word_1_332' title='bbox 400 2919 606 2947; x_wconf 84' lang='lat' dir='ltr'><strong>Eumenides.</strong></span> <span class='ocrx_word' id='word_1_333' title='bbox 635 2918 743 2946; x_wconf 83' lang='lat' dir='ltr'><strong>Odofr.</strong></span> <span class='ocrx_word' id='word_1_334' title='bbox 756 2918 914 2945; x_wconf 79' lang='lat' dir='ltr'><strong>Mfillerus</strong></span> <span class='ocrx_word' id='word_1_335' title='bbox 933 2920 1022 2951; x_wconf 87' lang='lat' dir='ltr'><strong>putat</strong></span> 
     </span>
     <span class='ocr_line' id='line_1_59' title="bbox 241 2959 1022 2993; baseline -0.001 -3"><span class='ocrx_word' id='word_1_336' title='bbox 241 2964 380 2991; x_wconf 88' lang='lat' dir='ltr'><strong>&#39;ruscum</strong></span> <span class='ocrx_word' id='word_1_337' title='bbox 434 2972 510 2992; x_wconf 85' lang='lat' dir='ltr'><strong>esse</strong></span> <span class='ocrx_word' id='word_1_338' title='bbox 563 2971 679 2993; x_wconf 89' lang='lat' dir='ltr'><strong>nomen</strong></span> <span class='ocrx_word' id='word_1_339' title='bbox 730 2967 759 2991; x_wconf 85' lang='lat' dir='ltr'><strong>et</strong></span> <span class='ocrx_word' id='word_1_340' title='bbox 805 2959 946 2990; x_wconf 80' lang='lat' dir='ltr'><strong>Mantus</strong></span> <span class='ocrx_word' id='word_1_341' title='bbox 992 2965 1022 2989; x_wconf 87' lang='lat' dir='ltr'><strong>et</strong></span> 
     </span>
    </p>
   </div>
   <div class='ocr_carea' id='block_1_8' title="bbox 244 3004 1018 3044">
    <p class='ocr_par' dir='ltr' id='par_1_8' title="bbox 244 3004 1018 3044">
     <span class='ocr_line' id='line_1_60' title="bbox 244 3004 1018 3044; baseline 0 -9"><span class='ocrx_word' id='word_1_342' title='bbox 244 3004 370 3036; x_wconf 85' lang='lat' dir='ltr'><strong>Mania</strong></span> <span class='ocrx_word' id='word_1_343' title='bbox 403 3008 546 3037; x_wconf 86' lang='lat' dir='ltr'><strong>eiusdem</strong></span> <span class='ocrx_word' id='word_1_344' title='bbox 586 3017 664 3039; x_wconf 83' lang='lat' dir='ltr'><strong>esse</strong></span> <span class='ocrx_word' id='word_1_345' title='bbox 693 3008 841 3044; x_wconf 85' lang='lat' dir='ltr'><strong>originis.</strong></span> <span class='ocrx_word' id='word_1_346' title='bbox 890 3007 938 3037; x_wconf 84' lang='lat' dir='ltr'><strong>Cf.</strong></span> <span class='ocrx_word' id='word_1_347' title='bbox 966 3005 1018 3043; x_wconf 92' lang='grc'><strong>10,</strong></span> 
     </span>
    </p>
   </div>
   <div class='ocr_carea' id='block_1_9' title="bbox 1066 823 1859 2181">
    <p class='ocr_par' dir='ltr' id='par_1_9' title="bbox 1071 823 1858 902">
     <span class='ocr_line' id='line_1_61' title="bbox 1075 823 1858 856; baseline 0 -1"><span class='ocrx_word' id='word_1_348' title='bbox 1075 827 1148 856; x_wconf 81' lang='grc'>198.</span> <span class='ocrx_word' id='word_1_349' title='bbox 1197 827 1250 855; x_wconf 84' lang='lat' dir='ltr'><strong>Sic</strong></span> <span class='ocrx_word' id='word_1_350' title='bbox 1280 823 1419 855; x_wconf 72' lang='lat' dir='ltr'><strong>Manius</strong></span> <span class='ocrx_word' id='word_1_351' title='bbox 1448 826 1562 855; x_wconf 88' lang='lat' dir='ltr'><strong>dicitur</strong></span> <span class='ocrx_word' id='word_1_352' title='bbox 1584 825 1714 855; x_wconf 86' lang='lat' dir='ltr'><strong>Ariciae</strong></span> <span class='ocrx_word' id='word_1_353' title='bbox 1743 830 1858 855; x_wconf 85' lang='lat' dir='ltr'><strong>sacer-</strong></span> 
     </span>
     <span class='ocr_line' id='line_1_62' title="bbox 1071 873 1292 902; baseline -0.005 -1"><span class='ocrx_word' id='word_1_354' title='bbox 1071 874 1130 902; x_wconf 87' lang='lat' dir='ltr'><strong>dus</strong></span> <span class='ocrx_word' id='word_1_355' title='bbox 1158 873 1292 901; x_wconf 82' lang='lat' dir='ltr'><strong>Dianae.</strong></span> 
     </span>
    </p>

    <p class='ocr_par' dir='ltr' id='par_1_10' title="bbox 1069 913 1859 1409">
     <span class='ocr_line' id='line_1_63' title="bbox 1116 913 1858 952; baseline -0.004 -7"><span class='ocrx_word' id='word_1_356' title='bbox 1116 916 1192 946; x_wconf 71' lang='lat'><strong>647.</strong></span> <span class='ocrx_word' id='word_1_357' title='bbox 1218 916 1325 947; x_wconf 77' lang='lat' dir='ltr'><strong>bonus</strong></span> <span class='ocrx_word' id='word_1_358' title='bbox 1355 917 1375 946; x_wconf 90' lang='lat' dir='ltr'><strong>i.</strong></span> <span class='ocrx_word' id='word_1_359' title='bbox 1409 924 1438 951; x_wconf 84' lang='lat' dir='ltr'><strong>q.</strong></span> <span class='ocrx_word' id='word_1_360' title='bbox 1470 917 1630 952; x_wconf 82' lang='lat' dir='ltr'><strong>benignus</strong></span> <span class='ocrx_word' id='word_1_361' title='bbox 1662 915 1706 945; x_wconf 79' lang='lat' dir='ltr'><strong>cf.</strong></span> <span class='ocrx_word' id='word_1_362' title='bbox 1730 914 1757 952; x_wconf 86' lang='grc'><strong>1,</strong></span> <span class='ocrx_word' id='word_1_363' title='bbox 1784 913 1858 943; x_wconf 83' lang='lat'><strong>195.</strong></span> 
     </span>
     <span class='ocr_line' id='line_1_64' title="bbox 1070 960 1857 999; baseline -0.005 -8"><span class='ocrx_word' id='word_1_364' title='bbox 1070 964 1166 992; x_wconf 79' lang='lat' dir='ltr'><strong>etiam</strong></span> <span class='ocrx_word' id='word_1_365' title='bbox 1199 964 1237 991; x_wconf 88' lang='lat' dir='ltr'><strong>de</strong></span> <span class='ocrx_word' id='word_1_366' title='bbox 1268 963 1329 992; x_wconf 84' lang='lat' dir='ltr'><strong>diis</strong></span> <span class='ocrx_word' id='word_1_367' title='bbox 1365 967 1555 998; x_wconf 86' lang='lat' dir='ltr'><strong>usurpatum</strong></span> <span class='ocrx_word' id='word_1_368' title='bbox 1593 967 1626 991; x_wconf 86' lang='lat' dir='ltr'><strong>ut</strong></span> <span class='ocrx_word' id='word_1_369' title='bbox 1663 961 1690 999; x_wconf 92' lang='grc' dir='ltr'>Ι,</span> <span class='ocrx_word' id='word_1_370' title='bbox 1715 960 1794 989; x_wconf 76' lang='lat'><strong>734.</strong></span> <span class='ocrx_word' id='word_1_371' title='bbox 1819 961 1857 988; x_wconf 77' lang='grc' dir='ltr'><strong>Ε.</strong></span> 
     </span>
     <span class='ocr_line' id='line_1_65' title="bbox 1069 1001 1857 1047; baseline -0.005 -10"><span class='ocrx_word' id='word_1_372' title='bbox 1069 1009 1101 1044; x_wconf 83' lang='lat'><strong>5,</strong></span> <span class='ocrx_word' id='word_1_373' title='bbox 1126 1008 1180 1037; x_wconf 83' lang='lat'><strong>65.</strong></span> <span class='ocrx_word' id='word_1_374' title='bbox 1218 1024 1262 1027; x_wconf 82' lang='lat'><strong>——</strong></span> <span class='ocrx_word' id='word_1_375' title='bbox 1309 1016 1434 1037; x_wconf 79' lang='lat' dir='ltr'><strong>auersa</strong></span> <span class='ocrx_word' id='word_1_376' title='bbox 1463 1016 1528 1036; x_wconf 88' lang='lat' dir='ltr'><strong>rec.</strong></span> <span class='ocrx_word' id='word_1_377' title='bbox 1557 1005 1627 1036; x_wconf 89' lang='grc' dir='ltr'>Ηη.</span> <span class='ocrx_word' id='word_1_378' title='bbox 1663 1004 1748 1047; x_wconf 83' lang='lat' dir='ltr'><strong>Wg.</strong></span> <span class='ocrx_word' id='word_1_379' title='bbox 1780 1001 1857 1041; x_wconf 63' lang='lat' dir='ltr'><strong>Rb„</strong></span> 
     </span>
     <span class='ocr_line' id='line_1_66' title="bbox 1070 1051 1859 1089; baseline -0.004 -7"><span class='ocrx_word' id='word_1_380' title='bbox 1070 1063 1175 1089; x_wconf 82' lang='lat' dir='ltr'><strong>neque</strong></span> <span class='ocrx_word' id='word_1_381' title='bbox 1197 1054 1303 1083; x_wconf 87' lang='lat' dir='ltr'><strong>dicunt</strong></span> <span class='ocrx_word' id='word_1_382' title='bbox 1329 1053 1446 1088; x_wconf 83' lang='lat' dir='ltr'><strong>quibus</strong></span> <span class='ocrx_word' id='word_1_383' title='bbox 1470 1055 1549 1082; x_wconf 80' lang='lat' dir='ltr'><strong>Mss.</strong></span> <span class='ocrx_word' id='word_1_384' title='bbox 1575 1053 1704 1081; x_wconf 84' lang='lat' dir='ltr'><strong>nitatur.</strong></span> <span class='ocrx_word' id='word_1_385' title='bbox 1741 1051 1859 1086; x_wconf 79' lang='lat' dir='ltr'><strong>Expli-</strong></span> 
     </span>
     <span class='ocr_line' id='line_1_67' title="bbox 1073 1097 1858 1134; baseline -0.005 -6"><span class='ocrx_word' id='word_1_386' title='bbox 1073 1105 1146 1128; x_wconf 87' lang='lat' dir='ltr'><strong>cant</strong></span> <span class='ocrx_word' id='word_1_387' title='bbox 1171 1100 1217 1128; x_wconf 89' lang='lat' dir='ltr'><strong>illi</strong></span> <span class='ocrx_word' id='word_1_388' title='bbox 1241 1108 1284 1128; x_wconf 87' lang='lat' dir='ltr'><strong>ex</strong></span> <span class='ocrx_word' id='word_1_389' title='bbox 1309 1099 1484 1127; x_wconf 87' lang='lat' dir='ltr'><strong>sententia:</strong></span> <span class='ocrx_word' id='word_1_390' title='bbox 1515 1099 1607 1134; x_wconf 79' lang='lat' dir='ltr'><strong>Quod</strong></span> <span class='ocrx_word' id='word_1_391' title='bbox 1630 1104 1752 1126; x_wconf 81' lang='lat' dir='ltr'><strong>aversa</strong></span> <span class='ocrx_word' id='word_1_392' title='bbox 1779 1097 1858 1124; x_wconf 84' lang='lat' dir='ltr'><strong>deo-</strong></span> 
     </span>
     <span class='ocr_line' id='line_1_68' title="bbox 1072 1140 1856 1180; baseline -0.005 -6"><span class='ocrx_word' id='word_1_393' title='bbox 1072 1153 1140 1174; x_wconf 89' lang='lat' dir='ltr'><strong>rum</strong></span> <span class='ocrx_word' id='word_1_394' title='bbox 1168 1152 1360 1180; x_wconf 82' lang='lat' dir='ltr'><strong>superorum</strong></span> <span class='ocrx_word' id='word_1_395' title='bbox 1386 1152 1480 1173; x_wconf 83' lang='lat' dir='ltr'><strong>mens</strong></span> <span class='ocrx_word' id='word_1_396' title='bbox 1505 1148 1555 1173; x_wconf 87' lang='lat' dir='ltr'><strong>est</strong></span> <span class='ocrx_word' id='word_1_397' title='bbox 1580 1143 1621 1173; x_wconf 85' lang='lat' dir='ltr'><strong>cf.</strong></span> <span class='ocrx_word' id='word_1_398' title='bbox 1636 1142 1668 1180; x_wconf 83' lang='lat'><strong>2,</strong></span> <span class='ocrx_word' id='word_1_399' title='bbox 1694 1140 1769 1177; x_wconf 82' lang='lat'><strong>173,</strong></span> <span class='ocrx_word' id='word_1_400' title='bbox 1792 1141 1812 1170; x_wconf 89' lang='lat' dir='ltr'><strong>i.</strong></span> <span class='ocrx_word' id='word_1_401' title='bbox 1828 1150 1856 1171; x_wconf 90' lang='grc'><strong>8.</strong></span> 
     </span>
     <span class='ocr_line' id='line_1_69' title="bbox 1073 1190 1856 1227; baseline -0.005 -8"><span class='ocrx_word' id='word_1_402' title='bbox 1073 1192 1158 1225; x_wconf 81' lang='lat' dir='ltr'><strong>quod</strong></span> <span class='ocrx_word' id='word_1_403' title='bbox 1180 1199 1245 1219; x_wconf 91' lang='lat' dir='ltr'><strong>non</strong></span> <span class='ocrx_word' id='word_1_404' title='bbox 1269 1190 1455 1227; x_wconf 84' lang='lat' dir='ltr'><strong>opitulatur,</strong></span> <span class='ocrx_word' id='word_1_405' title='bbox 1492 1190 1568 1224; x_wconf 80' lang='lat' dir='ltr'><strong>petit</strong></span> <span class='ocrx_word' id='word_1_406' title='bbox 1595 1191 1631 1218; x_wconf 88' lang='grc' dir='ltr'><strong>Τ.</strong></span> <span class='ocrx_word' id='word_1_407' title='bbox 1657 1190 1856 1217; x_wconf 80' lang='lat' dir='ltr'><strong>voluntatem</strong></span> 
     </span>
     <span class='ocr_line' id='line_1_70' title="bbox 1072 1231 1857 1272; baseline -0.006 -7"><span class='ocrx_word' id='word_1_408' title='bbox 1072 1236 1262 1271; x_wconf 82' lang='lat' dir='ltr'><strong>inferorum3</strong></span> <span class='ocrx_word' id='word_1_409' title='bbox 1285 1238 1352 1264; x_wconf 87' lang='lat' dir='ltr'><strong>vult</strong></span> <span class='ocrx_word' id='word_1_410' title='bbox 1381 1235 1465 1264; x_wconf 88' lang='lat' dir='ltr'><strong>enim</strong></span> <span class='ocrx_word' id='word_1_411' title='bbox 1485 1235 1576 1263; x_wconf 88' lang='lat' dir='ltr'><strong>mori.</strong></span> <span class='ocrx_word' id='word_1_412' title='bbox 1598 1231 1749 1263; x_wconf 81' lang='lat' dir='ltr'><strong>adversa</strong></span> <span class='ocrx_word' id='word_1_413' title='bbox 1782 1235 1857 1272; x_wconf 80' lang='lat' dir='ltr'><strong>Myb</strong></span> 
     </span>
     <span class='ocr_line' id='line_1_71' title="bbox 1072 1276 1856 1321; baseline -0.005 -11"><span class='ocrx_word' id='word_1_414' title='bbox 1072 1290 1137 1311; x_wconf 82' lang='lat' dir='ltr'><strong>rec.</strong></span> <span class='ocrx_word' id='word_1_415' title='bbox 1169 1279 1252 1321; x_wconf 81' lang='lat' dir='ltr'><strong>Wg.</strong></span> <span class='ocrx_word' id='word_1_416' title='bbox 1282 1282 1313 1309; x_wconf 89' lang='lat' dir='ltr'><strong>in</strong></span> <span class='ocrx_word' id='word_1_417' title='bbox 1339 1282 1388 1309; x_wconf 90' lang='lat' dir='ltr'><strong>ed.</strong></span> <span class='ocrx_word' id='word_1_418' title='bbox 1414 1281 1489 1309; x_wconf 88' lang='lat' dir='ltr'><strong>min.</strong></span> <span class='ocrx_word' id='word_1_419' title='bbox 1513 1285 1543 1309; x_wconf 90' lang='grc'><strong>81</strong></span> <span class='ocrx_word' id='word_1_420' title='bbox 1571 1276 1648 1316; x_wconf 82' lang='lat' dir='ltr'><strong>Ld.,</strong></span> <span class='ocrx_word' id='word_1_421' title='bbox 1694 1279 1750 1314; x_wconf 84' lang='lat' dir='ltr'><strong>qui</strong></span> <span class='ocrx_word' id='word_1_422' title='bbox 1773 1280 1856 1307; x_wconf 88' lang='lat' dir='ltr'><strong>ultro</strong></span> 
     </span>
     <span class='ocr_line' id='line_1_72' title="bbox 1073 1321 1858 1362; baseline -0.004 -7"><span class='ocrx_word' id='word_1_423' title='bbox 1073 1329 1272 1356; x_wconf 85' lang='lat' dir='ltr'><strong>demonstrat</strong></span> <span class='ocrx_word' id='word_1_424' title='bbox 1308 1334 1408 1362; x_wconf 88' lang='lat' dir='ltr'><strong>posse</strong></span> <span class='ocrx_word' id='word_1_425' title='bbox 1433 1326 1496 1354; x_wconf 89' lang='lat' dir='ltr'><strong>dici</strong></span> <span class='ocrx_word' id='word_1_426' title='bbox 1522 1322 1707 1354; x_wconf 82' lang='lat' dir='ltr'><strong>adversam</strong></span> <span class='ocrx_word' id='word_1_427' title='bbox 1733 1321 1858 1353; x_wconf 85' lang='lat' dir='ltr'><strong>volun-</strong></span> 
     </span>
     <span class='ocr_line' id='line_1_73' title="bbox 1070 1374 1562 1409; baseline -0.006 -7"><span class='ocrx_word' id='word_1_428' title='bbox 1070 1376 1174 1402; x_wconf 82' lang='lat' dir='ltr'><strong>tatem</strong></span> <span class='ocrx_word' id='word_1_429' title='bbox 1190 1393 1199 1409; x_wconf 85' lang='lat'><strong>,</strong></span> <span class='ocrx_word' id='word_1_430' title='bbox 1225 1374 1308 1406; x_wconf 82' lang='lat' dir='ltr'><strong>quod</strong></span> <span class='ocrx_word' id='word_1_431' title='bbox 1337 1379 1431 1400; x_wconf 88' lang='lat' dir='ltr'><strong>nemo</strong></span> <span class='ocrx_word' id='word_1_432' title='bbox 1454 1376 1562 1406; x_wconf 86' lang='lat' dir='ltr'><strong>negat.</strong></span> 
     </span>
    </p>

    <p class='ocr_par' dir='ltr' id='par_1_11' title="bbox 1066 1414 1859 2131">
     <span class='ocr_line' id='line_1_74' title="bbox 1114 1414 1859 1454; baseline -0.005 -8"><span class='ocrx_word' id='word_1_433' title='bbox 1114 1417 1190 1446; x_wconf 68' lang='lat'><strong>648.</strong></span> <span class='ocrx_word' id='word_1_434' title='bbox 1217 1419 1339 1446; x_wconf 84' lang='lat' dir='ltr'><strong>sancta</strong></span> <span class='ocrx_word' id='word_1_435' title='bbox 1365 1414 1505 1454; x_wconf 85' lang='lat' dir='ltr'><strong>anima,</strong></span> <span class='ocrx_word' id='word_1_436' title='bbox 1542 1424 1608 1445; x_wconf 90' lang='lat' dir='ltr'><strong>non</strong></span> <span class='ocrx_word' id='word_1_437' title='bbox 1634 1416 1764 1445; x_wconf 83' lang='lat' dir='ltr'><strong>scelere</strong></span> <span class='ocrx_word' id='word_1_438' title='bbox 1785 1415 1859 1450; x_wconf 87' lang='lat' dir='ltr'><strong>pol-</strong></span> 
     </span>
     <span class='ocr_line' id='line_1_75' title="bbox 1067 1461 1858 1497; baseline -0.003 -6"><span class='ocrx_word' id='word_1_439' title='bbox 1067 1464 1135 1491; x_wconf 85' lang='lat' dir='ltr'><strong>luta</strong></span> <span class='ocrx_word' id='word_1_440' title='bbox 1159 1463 1274 1491; x_wconf 80' lang='lat' dir='ltr'><strong>turbati</strong></span> <span class='ocrx_word' id='word_1_441' title='bbox 1298 1462 1453 1497; x_wconf 84' lang='lat' dir='ltr'><strong>foederis,</strong></span> <span class='ocrx_word' id='word_1_442' title='bbox 1483 1469 1566 1496; x_wconf 85' lang='lat' dir='ltr'><strong>quae</strong></span> <span class='ocrx_word' id='word_1_443' title='bbox 1592 1465 1648 1490; x_wconf 87' lang='lat' dir='ltr'><strong>tua</strong></span> <span class='ocrx_word' id='word_1_444' title='bbox 1671 1465 1720 1489; x_wconf 85' lang='lat' dir='ltr'><strong>est</strong></span> <span class='ocrx_word' id='word_1_445' title='bbox 1747 1461 1858 1497; x_wconf 81' lang='lat' dir='ltr'><strong>culpa,</strong></span> 
     </span>
     <span class='ocr_line' id='line_1_76' title="bbox 1068 1504 1856 1542; baseline -0.003 -6"><span class='ocrx_word' id='word_1_446' title='bbox 1068 1516 1173 1537; x_wconf 89' lang='lat' dir='ltr'><strong>soror.</strong></span> <span class='ocrx_word' id='word_1_447' title='bbox 1220 1509 1299 1536; x_wconf 89' lang='lat' dir='ltr'><strong>Inde</strong></span> <span class='ocrx_word' id='word_1_448' title='bbox 1344 1516 1519 1542; x_wconf 85' lang='lat' dir='ltr'><strong>pronomen</strong></span> <span class='ocrx_word' id='word_1_449' title='bbox 1550 1504 1652 1535; x_wconf 82' lang='lat' dir='ltr'><strong>istius</strong></span> <span class='ocrx_word' id='word_1_450' title='bbox 1691 1507 1776 1541; x_wconf 85' lang='lat' dir='ltr'><strong>quod</strong></span> <span class='ocrx_word' id='word_1_451' title='bbox 1815 1506 1856 1534; x_wconf 84' lang='lat' dir='ltr'><strong>ad</strong></span> 
     </span>
     <span class='ocr_line' id='line_1_77' title="bbox 1069 1548 1857 1588; baseline -0.003 -7"><span class='ocrx_word' id='word_1_452' title='bbox 1069 1561 1242 1588; x_wconf 83' lang='lat' dir='ltr'><strong>personam</strong></span> <span class='ocrx_word' id='word_1_453' title='bbox 1285 1554 1422 1588; x_wconf 73' lang='lat' dir='ltr'><strong>pertinet</strong></span> <span class='ocrx_word' id='word_1_454' title='bbox 1460 1554 1608 1581; x_wconf 82' lang='lat' dir='ltr'><strong>alteram.</strong></span> <span class='ocrx_word' id='word_1_455' title='bbox 1653 1566 1697 1570; x_wconf 91' lang='lat'><strong>—</strong></span> <span class='ocrx_word' id='word_1_456' title='bbox 1744 1548 1857 1579; x_wconf 80' lang='lat' dir='ltr'><strong>inscia</strong></span> 
     </span>
     <span class='ocr_line' id='line_1_78' title="bbox 1066 1596 1856 1638; baseline -0.003 -11"><span class='ocrx_word' id='word_1_457' title='bbox 1066 1601 1216 1638; x_wconf 74' lang='lat' dir='ltr'><strong>MPRyhc</strong></span> <span class='ocrx_word' id='word_1_458' title='bbox 1238 1600 1280 1626; x_wconf 89' lang='lat' dir='ltr'><strong>al.</strong></span> <span class='ocrx_word' id='word_1_459' title='bbox 1307 1596 1422 1626; x_wconf 76' lang='lat' dir='ltr'><strong>nescia</strong></span> <span class='ocrx_word' id='word_1_460' title='bbox 1448 1600 1529 1626; x_wconf 86' lang='lat' dir='ltr'><strong>Mss.</strong></span> <span class='ocrx_word' id='word_1_461' title='bbox 1551 1599 1613 1626; x_wconf 93' lang='lat' dir='ltr'><strong>duo</strong></span> <span class='ocrx_word' id='word_1_462' title='bbox 1633 1597 1720 1625; x_wconf 86' lang='lat' dir='ltr'><strong>mali.</strong></span> <span class='ocrx_word' id='word_1_463' title='bbox 1765 1598 1856 1625; x_wconf 76' lang='lat' dir='ltr'><strong>Haec</strong></span> 
     </span>
     <span class='ocr_line' id='line_1_79' title="bbox 1067 1640 1858 1682; baseline -0.003 -10"><span class='ocrx_word' id='word_1_464' title='bbox 1067 1645 1255 1672; x_wconf 81' lang='lat' dir='ltr'><strong>coniectura</strong></span> <span class='ocrx_word' id='word_1_465' title='bbox 1284 1644 1384 1678; x_wconf 83' lang='lat' dir='ltr'><strong>illata,</strong></span> <span class='ocrx_word' id='word_1_466' title='bbox 1416 1647 1445 1671; x_wconf 88' lang='lat' dir='ltr'><strong>et</strong></span> <span class='ocrx_word' id='word_1_467' title='bbox 1475 1640 1559 1672; x_wconf 57' lang='lat' dir='ltr'><strong>Ptin:</strong></span> <span class='ocrx_word' id='word_1_468' title='bbox 1605 1640 1725 1671; x_wconf 80' lang='lat' dir='ltr'><strong>anima</strong></span> <span class='ocrx_word' id='word_1_469' title='bbox 1751 1643 1858 1682; x_wconf 81' lang='lat' dir='ltr'><strong>atquc</strong></span> 
     </span>
     <span class='ocr_line' id='line_1_80' title="bbox 1067 1684 1858 1729; baseline -0.004 -11"><span class='ocrx_word' id='word_1_470' title='bbox 1067 1687 1169 1718; x_wconf 84' lang='lat' dir='ltr'><strong>istius</strong></span> <span class='ocrx_word' id='word_1_471' title='bbox 1197 1697 1261 1729; x_wconf 79' lang='lat' dir='ltr'><strong>ego</strong></span> <span class='ocrx_word' id='word_1_472' title='bbox 1278 1686 1388 1717; x_wconf 80' lang='lat' dir='ltr'><strong>inscia</strong></span> <span class='ocrx_word' id='word_1_473' title='bbox 1411 1693 1440 1716; x_wconf 89' lang='grc'><strong>81</strong></span> <span class='ocrx_word' id='word_1_474' title='bbox 1459 1684 1572 1716; x_wconf 82' lang='lat' dir='ltr'><strong>Lchi.:</strong></span> <span class='ocrx_word' id='word_1_475' title='bbox 1597 1685 1726 1724; x_wconf 82' lang='lat' dir='ltr'><strong>anima,</strong></span> <span class='ocrx_word' id='word_1_476' title='bbox 1751 1690 1858 1728; x_wconf 80' lang='lat' dir='ltr'><strong>atque</strong></span> 
     </span>
     <span class='ocr_line' id='line_1_81' title="bbox 1069 1731 1856 1769; baseline -0.001 -7"><span class='ocrx_word' id='word_1_477' title='bbox 1069 1731 1187 1762; x_wconf 82' lang='lat' dir='ltr'><strong>anima</strong></span> <span class='ocrx_word' id='word_1_478' title='bbox 1213 1731 1336 1769; x_wconf 81' lang='lat' dir='ltr'><strong>inscia,</strong></span> <span class='ocrx_word' id='word_1_479' title='bbox 1379 1739 1408 1762; x_wconf 92' lang='lat' dir='ltr'><strong>ut</strong></span> <span class='ocrx_word' id='word_1_480' title='bbox 1455 1733 1612 1762; x_wconf 81' lang='lat' dir='ltr'><strong>vitaretur</strong></span> <span class='ocrx_word' id='word_1_481' title='bbox 1646 1733 1766 1762; x_wconf 81' lang='lat' dir='ltr'><strong>nialus.</strong></span> <span class='ocrx_word' id='word_1_482' title='bbox 1813 1734 1856 1761; x_wconf 82' lang='lat' dir='ltr'><strong>At</strong></span> 
     </span>
     <span class='ocr_line' id='line_1_82' title="bbox 1070 1775 1856 1813; baseline 0 -6"><span class='ocrx_word' id='word_1_483' title='bbox 1070 1780 1183 1807; x_wconf 88' lang='lat' dir='ltr'><strong>mirum</strong></span> <span class='ocrx_word' id='word_1_484' title='bbox 1209 1779 1237 1808; x_wconf 88' lang='lat' dir='ltr'><strong>si</strong></span> <span class='ocrx_word' id='word_1_485' title='bbox 1262 1779 1334 1812; x_wconf 89' lang='lat' dir='ltr'><strong>quis</strong></span> <span class='ocrx_word' id='word_1_486' title='bbox 1359 1775 1470 1806; x_wconf 82' lang='lat' dir='ltr'><strong>inscia</strong></span> <span class='ocrx_word' id='word_1_487' title='bbox 1494 1779 1610 1813; x_wconf 88' lang='lat' dir='ltr'><strong>intulit,</strong></span> <span class='ocrx_word' id='word_1_488' title='bbox 1647 1783 1700 1806; x_wconf 86' lang='lat' dir='ltr'><strong>aut</strong></span> <span class='ocrx_word' id='word_1_489' title='bbox 1735 1775 1856 1807; x_wconf 84' lang='lat' dir='ltr'><strong>anima</strong></span> 
     </span>
     <span class='ocr_line' id='line_1_83' title="bbox 1069 1823 1855 1860; baseline 0 -7"><span class='ocrx_word' id='word_1_490' title='bbox 1069 1826 1210 1860; x_wconf 81' lang='lat' dir='ltr'><strong>expulit,</strong></span> <span class='ocrx_word' id='word_1_491' title='bbox 1255 1829 1288 1852; x_wconf 88' lang='lat' dir='ltr'><strong>ut</strong></span> <span class='ocrx_word' id='word_1_492' title='bbox 1326 1824 1413 1852; x_wconf 85' lang='grc'>1113111</span> <span class='ocrx_word' id='word_1_493' title='bbox 1447 1831 1579 1852; x_wconf 82' lang='lat' dir='ltr'><strong>versum</strong></span> <span class='ocrx_word' id='word_1_494' title='bbox 1614 1825 1764 1852; x_wconf 78' lang='lat' dir='ltr'><strong>turbaret.</strong></span> <span class='ocrx_word' id='word_1_495' title='bbox 1807 1823 1855 1853; x_wconf 78' lang='lat' dir='ltr'><strong>Cf.</strong></span> 
     </span>
     <span class='ocr_line' id='line_1_84' title="bbox 1069 1868 1856 1908; baseline -0.001 -9"><span class='ocrx_word' id='word_1_496' title='bbox 1069 1869 1098 1908; x_wconf 63' lang='grc' dir='ltr'>ξ.</span> <span class='ocrx_word' id='word_1_497' title='bbox 1125 1870 1144 1898; x_wconf 89' lang='grc'>6</span> <span class='ocrx_word' id='word_1_498' title='bbox 1170 1875 1200 1898; x_wconf 87' lang='grc'><strong>81</strong></span> <span class='ocrx_word' id='word_1_499' title='bbox 1224 1868 1254 1897; x_wconf 91' lang='grc'>9.</span> <span class='ocrx_word' id='word_1_500' title='bbox 1305 1885 1349 1888; x_wconf 88' lang='grc'>-</span> <span class='ocrx_word' id='word_1_501' title='bbox 1398 1872 1527 1898; x_wconf 85' lang='lat' dir='ltr'><strong>Turnus</strong></span> <span class='ocrx_word' id='word_1_502' title='bbox 1552 1869 1647 1902; x_wconf 75' lang='lat' dir='ltr'><strong>igitur</strong></span> <span class='ocrx_word' id='word_1_503' title='bbox 1673 1871 1789 1898; x_wconf 75' lang='lat' dir='ltr'><strong>volens</strong></span> <span class='ocrx_word' id='word_1_504' title='bbox 1817 1877 1856 1898; x_wconf 85' lang='lat' dir='ltr'><strong>se</strong></span> 
     </span>
     <span class='ocr_line' id='line_1_85' title="bbox 1069 1915 1856 1951; baseline -0.003 -7"><span class='ocrx_word' id='word_1_505' title='bbox 1069 1917 1157 1944; x_wconf 82' lang='lat' dir='ltr'><strong>offert</strong></span> <span class='ocrx_word' id='word_1_506' title='bbox 1203 1915 1311 1951; x_wconf 87' lang='lat' dir='ltr'><strong>morti,</strong></span> <span class='ocrx_word' id='word_1_507' title='bbox 1359 1921 1531 1948; x_wconf 77' lang='lat' dir='ltr'><strong>antequam</strong></span> <span class='ocrx_word' id='word_1_508' title='bbox 1572 1917 1675 1943; x_wconf 84' lang='lat' dir='ltr'><strong>Saces</strong></span> <span class='ocrx_word' id='word_1_509' title='bbox 1713 1915 1856 1943; x_wconf 74' lang='lat' dir='ltr'><strong>advenit.</strong></span> 
     </span>
     <span class='ocr_line' id='line_1_86' title="bbox 1068 1961 1857 1998; baseline -0.003 -8"><span class='ocrx_word' id='word_1_510' title='bbox 1068 1962 1170 1991; x_wconf 87' lang='lat' dir='ltr'><strong>Cuius</strong></span> <span class='ocrx_word' id='word_1_511' title='bbox 1196 1961 1223 1989; x_wconf 89' lang='lat' dir='ltr'><strong>si</strong></span> <span class='ocrx_word' id='word_1_512' title='bbox 1247 1961 1356 1989; x_wconf 77' lang='lat' dir='ltr'><strong>verbis</strong></span> <span class='ocrx_word' id='word_1_513' title='bbox 1383 1961 1511 1989; x_wconf 85' lang='lat' dir='ltr'><strong>tandem</strong></span> <span class='ocrx_word' id='word_1_514' title='bbox 1543 1965 1723 1988; x_wconf 85' lang='lat' dir='ltr'><strong>commotus</strong></span> <span class='ocrx_word' id='word_1_515' title='bbox 1753 1964 1857 1998; x_wconf 80' lang='lat' dir='ltr'><strong>esset,</strong></span> 
     </span>
     <span class='ocr_line' id='line_1_87' title="bbox 1068 2006 1855 2042; baseline -0.003 -6"><span class='ocrx_word' id='word_1_516' title='bbox 1068 2012 1175 2036; x_wconf 85' lang='lat' dir='ltr'><strong>tamen</strong></span> <span class='ocrx_word' id='word_1_517' title='bbox 1205 2006 1357 2041; x_wconf 73' lang='lat' dir='ltr'><strong>ignaviae</strong></span> <span class='ocrx_word' id='word_1_518' title='bbox 1384 2007 1415 2034; x_wconf 92' lang='lat' dir='ltr'><strong>in</strong></span> <span class='ocrx_word' id='word_1_519' title='bbox 1441 2014 1479 2034; x_wconf 91' lang='grc'><strong>80</strong></span> <span class='ocrx_word' id='word_1_520' title='bbox 1511 2008 1659 2034; x_wconf 81' lang='lat' dir='ltr'><strong>haereret</strong></span> <span class='ocrx_word' id='word_1_521' title='bbox 1698 2006 1855 2042; x_wconf 83' lang='lat' dir='ltr'><strong>dedecus,</strong></span> 
     </span>
     <span class='ocr_line' id='line_1_88' title="bbox 1067 2051 1856 2087; baseline -0.003 -6"><span class='ocrx_word' id='word_1_522' title='bbox 1067 2055 1151 2087; x_wconf 92' lang='lat' dir='ltr'><strong>quod</strong></span> <span class='ocrx_word' id='word_1_523' title='bbox 1178 2053 1284 2081; x_wconf 86' lang='lat' dir='ltr'><strong>subito</strong></span> <span class='ocrx_word' id='word_1_524' title='bbox 1307 2052 1404 2080; x_wconf 84' lang='lat' dir='ltr'><strong>animi</strong></span> <span class='ocrx_word' id='word_1_525' title='bbox 1429 2052 1548 2087; x_wconf 89' lang='lat' dir='ltr'><strong>impetu</strong></span> <span class='ocrx_word' id='word_1_526' title='bbox 1574 2053 1780 2086; x_wconf 88' lang='lat' dir='ltr'><strong>perturbatus</strong></span> <span class='ocrx_word' id='word_1_527' title='bbox 1805 2051 1856 2080; x_wconf 89' lang='lat' dir='ltr'><strong>vi·-</strong></span> 
     </span>
     <span class='ocr_line' id='line_1_89' title="bbox 1067 2097 1453 2131; baseline -0.008 -4"><span class='ocrx_word' id='word_1_528' title='bbox 1067 2100 1195 2127; x_wconf 87' lang='lat' dir='ltr'><strong>deretur</strong></span> <span class='ocrx_word' id='word_1_529' title='bbox 1217 2097 1453 2131; x_wconf 79' lang='lat' dir='ltr'><strong>subterfugere.</strong></span> 
     </span>
    </p>

    <p class='ocr_par' dir='ltr' id='par_1_12' title="bbox 1113 2140 1855 2181">
     <span class='ocr_line' id='line_1_90' title="bbox 1113 2140 1855 2181; baseline -0.001 -10"><span class='ocrx_word' id='word_1_530' title='bbox 1113 2143 1188 2172; x_wconf 73' lang='lat'><strong>649.</strong></span> <span class='ocrx_word' id='word_1_531' title='bbox 1213 2151 1281 2171; x_wconf 84' lang='lat' dir='ltr'><strong>non</strong></span> <span class='ocrx_word' id='word_1_532' title='bbox 1308 2140 1489 2181; x_wconf 65' lang='lat' dir='ltr'><strong>indignus,</strong></span> <span class='ocrx_word' id='word_1_533' title='bbox 1522 2150 1583 2170; x_wconf 89' lang='lat' dir='ltr'><strong>nec</strong></span> <span class='ocrx_word' id='word_1_534' title='bbox 1606 2142 1676 2179; x_wconf 84' lang='lat' dir='ltr'><strong>fide,</strong></span> <span class='ocrx_word' id='word_1_535' title='bbox 1702 2149 1763 2170; x_wconf 84' lang='lat' dir='ltr'><strong>nec</strong></span> <span class='ocrx_word' id='word_1_536' title='bbox 1787 2141 1855 2170; x_wconf 81' lang='lat' dir='ltr'><strong>for-</strong></span> 
     </span>
    </p>
   </div>
   <div class='ocr_carea' id='block_1_10' title="bbox 1066 2185 1854 2350">
    <p class='ocr_par' dir='ltr' id='par_1_13' title="bbox 1066 2185 1854 2350">
     <span class='ocr_line' id='line_1_91' title="bbox 1069 2185 1854 2228; baseline -0.003 -10"><span class='ocrx_word' id='word_1_537' title='bbox 1069 2190 1213 2218; x_wconf 80' lang='lat' dir='ltr'><strong>titudine.</strong></span> <span class='ocrx_word' id='word_1_538' title='bbox 1249 2204 1286 2208; x_wconf 93' lang='lat'>—</span> <span class='ocrx_word' id='word_1_539' title='bbox 1330 2186 1501 2228; x_wconf 82' lang='lat' dir='ltr'><strong>indignus</strong></span> <span class='ocrx_word' id='word_1_540' title='bbox 1527 2195 1554 2217; x_wconf 88' lang='lat' dir='ltr'><strong>c.</strong></span> <span class='ocrx_word' id='word_1_541' title='bbox 1577 2195 1649 2222; x_wconf 84' lang='lat' dir='ltr'><strong>gen.</strong></span> <span class='ocrx_word' id='word_1_542' title='bbox 1673 2187 1715 2216; x_wconf 84' lang='lat' dir='ltr'><strong>cf.</strong></span> <span class='ocrx_word' id='word_1_543' title='bbox 1741 2190 1794 2217; x_wconf 87' lang='lat' dir='ltr'><strong>Gr.</strong></span> <span class='ocrx_word' id='word_1_544' title='bbox 1821 2185 1854 2224; x_wconf 66' lang='grc' dir='ltr'>ἓ.</span> 
     </span>
     <span class='ocr_line' id='line_1_92' title="bbox 1066 2234 1276 2264; baseline -0.01 0"><span class='ocrx_word' id='word_1_545' title='bbox 1066 2234 1133 2264; x_wconf 81' lang='grc'><strong>328</strong></span> <span class='ocrx_word' id='word_1_546' title='bbox 1155 2236 1217 2264; x_wconf 84' lang='lat' dir='ltr'><strong>An.</strong></span> <span class='ocrx_word' id='word_1_547' title='bbox 1245 2234 1276 2262; x_wconf 79' lang='lat'><strong>2.</strong></span> 
     </span>
     <span class='ocr_line' id='line_1_93' title="bbox 1090 2307 1829 2350; baseline -0.004 -7"><span class='ocrx_word' id='word_1_548' title='bbox 1090 2310 1292 2343; x_wconf 75' lang='lat'><strong>650—695.</strong></span> <span class='ocrx_word' id='word_1_549' title='bbox 1340 2310 1479 2341; x_wconf 88' lang='lat' dir='ltr'><strong>Turnus</strong></span> <span class='ocrx_word' id='word_1_550' title='bbox 1506 2308 1639 2350; x_wconf 81' lang='lat' dir='ltr'><strong>quaerit</strong></span> <span class='ocrx_word' id='word_1_551' title='bbox 1663 2307 1829 2340; x_wconf 80' lang='lat' dir='ltr'><strong>Aeneam.</strong></span> 
     </span>
    </p>
   </div>
   <div class='ocr_carea' id='block_1_11' title="bbox 1064 2365 1854 3045">
    <p class='ocr_par' dir='ltr' id='par_1_14' title="bbox 1111 2365 1852 2405">
     <span class='ocr_line' id='line_1_94' title="bbox 1111 2365 1852 2405; baseline -0.003 -7"><span class='ocrx_word' id='word_1_552' title='bbox 1111 2369 1185 2399; x_wconf 82' lang='lat'><strong>651.</strong></span> <span class='ocrx_word' id='word_1_553' title='bbox 1219 2367 1284 2398; x_wconf 65' lang='lat' dir='ltr'><strong>sis</strong></span> <span class='ocrx_word' id='word_1_554' title='bbox 1309 2369 1348 2398; x_wconf 83' lang='lat' dir='ltr'><strong>cf.</strong></span> <span class='ocrx_word' id='word_1_555' title='bbox 1371 2368 1402 2405; x_wconf 84' lang='lat'><strong>5,</strong></span> <span class='ocrx_word' id='word_1_556' title='bbox 1426 2368 1502 2397; x_wconf 74' lang='lat'><strong>857.</strong></span> <span class='ocrx_word' id='word_1_557' title='bbox 1528 2383 1571 2387; x_wconf 91' lang='lat'>—</span> <span class='ocrx_word' id='word_1_558' title='bbox 1594 2375 1668 2396; x_wconf 88' lang='lat' dir='ltr'><strong>ecce</strong></span> <span class='ocrx_word' id='word_1_559' title='bbox 1692 2367 1778 2405; x_wconf 81' lang='lat' dir='ltr'><strong>cf.2,</strong></span> <span class='ocrx_word' id='word_1_560' title='bbox 1798 2365 1852 2396; x_wconf 83' lang='lat'><strong>57.</strong></span> 
     </span>
    </p>

    <p class='ocr_par' dir='ltr' id='par_1_15' title="bbox 1064 2413 1854 2586">
     <span class='ocr_line' id='line_1_95' title="bbox 1111 2413 1854 2451; baseline -0.001 -8"><span class='ocrx_word' id='word_1_561' title='bbox 1111 2415 1187 2444; x_wconf 72' lang='lat'><strong>652.</strong></span> <span class='ocrx_word' id='word_1_562' title='bbox 1213 2417 1286 2451; x_wconf 80' lang='lat' dir='ltr'><strong>„Ex</strong></span> <span class='ocrx_word' id='word_1_563' title='bbox 1311 2415 1419 2443; x_wconf 86' lang='lat' dir='ltr'><strong>multis</strong></span> <span class='ocrx_word' id='word_1_564' title='bbox 1450 2416 1548 2442; x_wconf 81' lang='lat' dir='ltr'><strong>rebus</strong></span> <span class='ocrx_word' id='word_1_565' title='bbox 1577 2413 1696 2442; x_wconf 84' lang='lat' dir='ltr'><strong>indicat</strong></span> <span class='ocrx_word' id='word_1_566' title='bbox 1727 2418 1854 2448; x_wconf 87' lang='lat' dir='ltr'><strong>pertur-</strong></span> 
     </span>
     <span class='ocr_line' id='line_1_96' title="bbox 1067 2458 1853 2497; baseline -0.005 -6"><span class='ocrx_word' id='word_1_567' title='bbox 1067 2462 1239 2497; x_wconf 88' lang='lat' dir='ltr'><strong>bationem,</strong></span> <span class='ocrx_word' id='word_1_568' title='bbox 1265 2461 1348 2494; x_wconf 84' lang='lat' dir='ltr'><strong>quod</strong></span> <span class='ocrx_word' id='word_1_569' title='bbox 1375 2460 1537 2488; x_wconf 85' lang='lat' dir='ltr'><strong>festinans</strong></span> <span class='ocrx_word' id='word_1_570' title='bbox 1562 2458 1662 2495; x_wconf 83' lang='lat' dir='ltr'><strong>venit,</strong></span> <span class='ocrx_word' id='word_1_571' title='bbox 1685 2460 1770 2493; x_wconf 85' lang='lat' dir='ltr'><strong>quod</strong></span> <span class='ocrx_word' id='word_1_572' title='bbox 1794 2466 1853 2494; x_wconf 87' lang='lat' dir='ltr'><strong>per</strong></span> 
     </span>
     <span class='ocr_line' id='line_1_97' title="bbox 1066 2505 1852 2542; baseline -0.005 -6"><span class='ocrx_word' id='word_1_573' title='bbox 1066 2510 1198 2542; x_wconf 84' lang='lat' dir='ltr'><strong>hostes,</strong></span> <span class='ocrx_word' id='word_1_574' title='bbox 1230 2507 1315 2540; x_wconf 85' lang='lat' dir='ltr'><strong>quod</strong></span> <span class='ocrx_word' id='word_1_575' title='bbox 1343 2507 1553 2542; x_wconf 78' lang='lat' dir='ltr'><strong>vulneratus,</strong></span> <span class='ocrx_word' id='word_1_576' title='bbox 1599 2505 1683 2539; x_wconf 88' lang='lat' dir='ltr'><strong>quod</strong></span> <span class='ocrx_word' id='word_1_577' title='bbox 1708 2506 1852 2533; x_wconf 86' lang='lat' dir='ltr'><strong>Turnum</strong></span> 
     </span>
     <span class='ocr_line' id='line_1_98' title="bbox 1064 2550 1448 2586; baseline -0.01 -4"><span class='ocrx_word' id='word_1_578' title='bbox 1064 2552 1192 2582; x_wconf 88' lang='lat' dir='ltr'><strong>nomine</strong></span> <span class='ocrx_word' id='word_1_579' title='bbox 1218 2550 1394 2586; x_wconf 77' lang='lat' dir='ltr'><strong>appellat.“</strong></span> <span class='ocrx_word' id='word_1_580' title='bbox 1416 2553 1448 2579; x_wconf 88' lang='lat' dir='ltr'><strong>S.</strong></span> 
     </span>
    </p>

    <p class='ocr_par' dir='ltr' id='par_1_16' title="bbox 1067 2594 1852 2764">
     <span class='ocr_line' id='line_1_99' title="bbox 1111 2594 1852 2631; baseline -0.007 -5"><span class='ocrx_word' id='word_1_581' title='bbox 1111 2596 1188 2626; x_wconf 82' lang='lat'><strong>653.</strong></span> <span class='ocrx_word' id='word_1_582' title='bbox 1216 2597 1352 2631; x_wconf 70' lang='lat' dir='ltr'><strong>„Omnia</strong></span> <span class='ocrx_word' id='word_1_583' title='bbox 1373 2603 1456 2631; x_wconf 86' lang='lat' dir='ltr'><strong>quae</strong></span> <span class='ocrx_word' id='word_1_584' title='bbox 1480 2602 1579 2630; x_wconf 86' lang='lat' dir='ltr'><strong>supra</strong></span> <span class='ocrx_word' id='word_1_585' title='bbox 1602 2596 1736 2623; x_wconf 88' lang='lat' dir='ltr'><strong>Iuturna</strong></span> <span class='ocrx_word' id='word_1_586' title='bbox 1758 2594 1852 2622; x_wconf 81' lang='lat' dir='ltr'><strong>dixe-</strong></span> 
     </span>
     <span class='ocr_line' id='line_1_100' title="bbox 1067 2639 1850 2680; baseline -0.006 -8"><span class='ocrx_word' id='word_1_587' title='bbox 1067 2648 1125 2680; x_wconf 78' lang='lat' dir='ltr'><strong>rat,</strong></span> <span class='ocrx_word' id='word_1_588' title='bbox 1168 2643 1268 2671; x_wconf 84' lang='lat' dir='ltr'><strong>oratio</strong></span> <span class='ocrx_word' id='word_1_589' title='bbox 1303 2643 1367 2671; x_wconf 85' lang='lat' dir='ltr'><strong>ista</strong></span> <span class='ocrx_word' id='word_1_590' title='bbox 1393 2639 1577 2670; x_wconf 65' lang='lat' dir='ltr'><strong>disson-‘uf‘</strong></span> <span class='ocrx_word' id='word_1_591' title='bbox 1601 2642 1634 2668; x_wconf 91' lang='lat' dir='ltr'><strong>S.</strong></span> <span class='ocrx_word' id='word_1_592' title='bbox 1661 2644 1691 2668; x_wconf 82' lang='lat' dir='ltr'><strong>et</strong></span> <span class='ocrx_word' id='word_1_593' title='bbox 1722 2639 1850 2674; x_wconf 83' lang='lat' dir='ltr'><strong>quidem</strong></span> 
     </span>
     <span class='ocr_line' id='line_1_101' title="bbox 1069 2682 1852 2724; baseline -0.004 -7"><span class='ocrx_word' id='word_1_594' title='bbox 1069 2697 1125 2724; x_wconf 86' lang='lat' dir='ltr'><strong>per</strong></span> <span class='ocrx_word' id='word_1_595' title='bbox 1162 2693 1271 2723; x_wconf 84' lang='lat' dir='ltr'><strong>partes</strong></span> <span class='ocrx_word' id='word_1_596' title='bbox 1307 2688 1469 2722; x_wconf 79' lang='lat' dir='ltr'><strong>singulas.</strong></span> <span class='ocrx_word' id='word_1_597' title='bbox 1514 2702 1559 2706; x_wconf 85' lang='lat'>—</span> <span class='ocrx_word' id='word_1_598' title='bbox 1604 2686 1641 2714; x_wconf 89' lang='lat' dir='ltr'><strong>In</strong></span> <span class='ocrx_word' id='word_1_599' title='bbox 1691 2682 1852 2714; x_wconf 83' lang='lat' dir='ltr'><strong>miserere</strong></span> 
     </span>
     <span class='ocr_line' id='line_1_102' title="bbox 1068 2733 1538 2764; baseline -0.009 0"><span class='ocrx_word' id='word_1_600' title='bbox 1068 2737 1203 2764; x_wconf 83' lang='lat' dir='ltr'><strong>tuorum</strong></span> <span class='ocrx_word' id='word_1_601' title='bbox 1227 2734 1313 2762; x_wconf 88' lang='lat' dir='ltr'><strong>inest</strong></span> <span class='ocrx_word' id='word_1_602' title='bbox 1337 2733 1538 2761; x_wconf 83' lang='lat' dir='ltr'><strong>obtrectatio.</strong></span> 
     </span>
    </p>

    <p class='ocr_par' dir='ltr' id='par_1_17' title="bbox 1066 2775 1850 3045">
     <span class='ocr_line' id='line_1_103' title="bbox 1112 2775 1850 2815; baseline -0.008 -7"><span class='ocrx_word' id='word_1_603' title='bbox 1112 2777 1188 2808; x_wconf 74' lang='lat'><strong>654.</strong></span> <span class='ocrx_word' id='word_1_604' title='bbox 1213 2775 1396 2815; x_wconf 76' lang='lat' dir='ltr'><strong>fulminat,</strong></span> <span class='ocrx_word' id='word_1_605' title='bbox 1421 2785 1503 2806; x_wconf 88' lang='grc'>33118</span> <span class='ocrx_word' id='word_1_606' title='bbox 1531 2783 1630 2811; x_wconf 81' lang='lat' dir='ltr'><strong>grave</strong></span> <span class='ocrx_word' id='word_1_607' title='bbox 1648 2777 1792 2811; x_wconf 85' lang='lat' dir='ltr'><strong>verbum,</strong></span> <span class='ocrx_word' id='word_1_608' title='bbox 1817 2777 1850 2802; x_wconf 85' lang='lat' dir='ltr'><strong>ut</strong></span> 
     </span>
     <span class='ocr_line' id='line_1_104' title="bbox 1067 2819 1849 2858; baseline -0.008 -5"><span class='ocrx_word' id='word_1_609' title='bbox 1067 2826 1106 2853; x_wconf 90' lang='lat' dir='ltr'><strong>de</strong></span> <span class='ocrx_word' id='word_1_610' title='bbox 1139 2825 1286 2858; x_wconf 76' lang='lat' dir='ltr'><strong>Augusto</strong></span> <span class='ocrx_word' id='word_1_611' title='bbox 1326 2825 1362 2852; x_wconf 87' lang='lat' dir='ltr'><strong>G.</strong></span> <span class='ocrx_word' id='word_1_612' title='bbox 1405 2821 1435 2858; x_wconf 80' lang='lat'><strong>4,</strong></span> <span class='ocrx_word' id='word_1_613' title='bbox 1471 2821 1532 2850; x_wconf 77' lang='lat'><strong>561</strong></span> <span class='ocrx_word' id='word_1_614' title='bbox 1581 2819 1711 2850; x_wconf 73' lang='lat' dir='ltr'><strong>Caesar</strong></span> <span class='ocrx_word' id='word_1_615' title='bbox 1745 2826 1849 2858; x_wconf 85' lang='lat' dir='ltr'><strong>quum</strong></span> 
     </span>
     <span class='ocr_line' id='line_1_105' title="bbox 1066 2859 1849 2908; baseline -0.01 -9"><span class='ocrx_word' id='word_1_616' title='bbox 1066 2877 1218 2908; x_wconf 79' lang='lat' dir='ltr'><strong>magnus</strong></span> <span class='ocrx_word' id='word_1_617' title='bbox 1242 2867 1287 2897; x_wconf 81' lang='lat' dir='ltr'><strong>ad</strong></span> <span class='ocrx_word' id='word_1_618' title='bbox 1312 2866 1420 2897; x_wconf 79' lang='lat' dir='ltr'><strong>altum</strong></span> <span class='ocrx_word' id='word_1_619' title='bbox 1438 2864 1610 2906; x_wconf 81' lang='lat' dir='ltr'><strong>fulminat</strong></span> <span class='ocrx_word' id='word_1_620' title='bbox 1638 2859 1849 2904; x_wconf 79' lang='lat' dir='ltr'><strong>Euphratem</strong></span> 
     </span>
     <span class='ocr_line' id='line_1_106' title="bbox 1068 2908 1849 2951; baseline -0.012 -7"><span class='ocrx_word' id='word_1_621' title='bbox 1068 2913 1168 2944; x_wconf 84' lang='lat' dir='ltr'><strong>bello.</strong></span> <span class='ocrx_word' id='word_1_622' title='bbox 1219 2914 1267 2943; x_wconf 85' lang='lat' dir='ltr'><strong>cf.</strong></span> <span class='ocrx_word' id='word_1_623' title='bbox 1293 2913 1324 2951; x_wconf 89' lang='lat'><strong>6,</strong></span> <span class='ocrx_word' id='word_1_624' title='bbox 1356 2912 1433 2949; x_wconf 72' lang='lat'><strong>843,</strong></span> <span class='ocrx_word' id='word_1_625' title='bbox 1474 2917 1503 2941; x_wconf 90' lang='lat' dir='ltr'><strong>et</strong></span> <span class='ocrx_word' id='word_1_626' title='bbox 1528 2912 1612 2941; x_wconf 78' lang='lat' dir='ltr'><strong>infra</strong></span> <span class='ocrx_word' id='word_1_627' title='bbox 1637 2918 1668 2938; x_wconf 87' lang='lat' dir='ltr'><strong>v.</strong></span> <span class='ocrx_word' id='word_1_628' title='bbox 1691 2908 1757 2937; x_wconf 83' lang='lat'><strong>700</strong></span> <span class='ocrx_word' id='word_1_629' title='bbox 1780 2909 1849 2937; x_wconf 81' lang='lat' dir='ltr'><strong>Ae-</strong></span> 
     </span>
     <span class='ocr_line' id='line_1_107' title="bbox 1067 2952 1849 2989; baseline -0.01 0"><span class='ocrx_word' id='word_1_630' title='bbox 1067 2956 1149 2989; x_wconf 77' lang='lat' dir='ltr'><strong>neas</strong></span> <span class='ocrx_word' id='word_1_631' title='bbox 1174 2957 1310 2989; x_wconf 87' lang='lat' dir='ltr'><strong>intonat</strong></span> <span class='ocrx_word' id='word_1_632' title='bbox 1340 2956 1457 2988; x_wconf 83' lang='lat' dir='ltr'><strong>armis.</strong></span> <span class='ocrx_word' id='word_1_633' title='bbox 1501 2958 1556 2987; x_wconf 90' lang='lat' dir='ltr'><strong>Sic</strong></span> <span class='ocrx_word' id='word_1_634' title='bbox 1588 2955 1704 2984; x_wconf 87' lang='lat' dir='ltr'><strong>dicitur</strong></span> <span class='ocrx_word' id='word_1_635' title='bbox 1727 2961 1758 2981; x_wconf 91' lang='lat' dir='ltr'><strong>v.</strong></span> <span class='ocrx_word' id='word_1_636' title='bbox 1782 2952 1849 2982; x_wconf 76' lang='lat'><strong>284</strong></span> 
     </span>
     <span class='ocr_line' id='line_1_108' title="bbox 1066 3002 1849 3045; baseline -0.011 -9"><span class='ocrx_word' id='word_1_637' title='bbox 1066 3007 1252 3045; x_wconf 80' lang='lat' dir='ltr'><strong>tempestas</strong></span> <span class='ocrx_word' id='word_1_638' title='bbox 1274 3002 1432 3041; x_wconf 83' lang='lat' dir='ltr'><strong>telorum,</strong></span> <span class='ocrx_word' id='word_1_639' title='bbox 1456 3008 1486 3032; x_wconf 88' lang='grc'><strong>81</strong></span> <span class='ocrx_word' id='word_1_640' title='bbox 1513 3003 1630 3031; x_wconf 84' lang='lat' dir='ltr'><strong>bellum</strong></span> <span class='ocrx_word' id='word_1_641' title='bbox 1649 3006 1751 3034; x_wconf 78' lang='lat' dir='ltr'><strong>saepe</strong></span> <span class='ocrx_word' id='word_1_642' title='bbox 1776 3007 1849 3028; x_wconf 91' lang='lat' dir='ltr'><strong>cum</strong></span> 
     </span>
    </p>
   </div>
   <div class='ocr_carea' id='block_1_12' title="bbox 1991 0 2023 3350">
    <p class='ocr_par' dir='ltr' id='par_1_18' title="bbox 1991 0 2023 3350">
     <span class='ocr_line' id='line_1_109' title="bbox 1991 0 2023 3350; baseline 0 0"><span class='ocrx_word' id='word_1_643' title='bbox 1991 0 2023 3350; x_wconf 95' lang='lat' dir='ltr'><strong> </strong></span> 
     </span>
    </p>
   </div>
  </div>
 </body>
</html>
