2023 3350
215 113 300 153 400

787 109 826 140 P.
853 108 1051 142 VIRGlLll
1078 108 1292 143 MARONIS

216 224 557 278 Speluncamque
596 219 725 274 petit3
765 220 947 274 pedibus
980 221 1111 263 timor
1147 221 1318 264 addidit
1358 222 1462 265 alas.

215 283 274 323 Ut
312 294 404 321 sese
440 278 617 320 inclusit
661 279 889 332 ruptisque
928 278 1114 321 immane
1150 281 1313 322 catenis

1792 280 1875 320 225

213 338 380 380 Deiecit
415 350 582 387 saxum,
619 334 734 377 ferro
776 336 894 389 quod
927 339 971 378 et
1009 341 1103 378 arte
1142 342 1327 392 paterna

214 395 460 446 Peudebat,
501 393 725 446 fultosque
767 394 946 435 emuniit
987 394 1126 435 obiice
1156 399 1323 448 postes:

214 454 326 494 Ecce
364 451 510 493 furens
548 451 702 493 animis
738 451 893 493 aderat
928 451 1198 506 Tirynthius,
1241 467 1495 508 omnemque

213 512 447 552 Accessum
485 509 676 550 lustrans
715 508 800 550 huc
837 523 916 550 ora
951 508 1121 551 ferebat
1159 513 1203 550 et
1239 510 1355 563 illuc,

213 567 425 610 Dentibus
458 566 719 608 infrendens.

788 567 870 608 Ter
907 570 1047 608 totum
1084 567 1274 608 fervidus
1306 568 1374 611 ira

1790 568 1875 608 230

212 627 392 667 Lustrat
426 625 628 666 Aventini
660 628 872 678 montem,
915 628 982 666 ter
1017 639 1149 667 saxea
1185 628 1328 667 tentat

213 683 383 725 Limina
421 682 737 736 nequidquam3
770 686 838 724 ter
873 681 1012 724 fessus
1048 683 1159 724 valle
1195 683 1367 725 resedit.

213 742 370 784 Stabat
410 745 539 782 acuta
575 740 704 792 silex,
740 741 948 795 praecisis
984 740 1173 794 undique
1214 741 1331 783 saxis

215 799 455 853 Speluncae
489 798 617 840 dorso
656 798 908 853 insurgens,
943 798 1159 841 altissima
1196 799 1309 851 visu3

212 858 417 899 Dirarum
454 856 568 897 nidis
601 856 755 898 domus
796 860 1045 911 opportuna
1082 856 1327 898 volucrum:

1791 860 1874 900 235

213 915 359 967 Hanc,
393 917 442 956 ut
482 928 622 968 prona
659 914 759 968 iugo
801 915 971 956 laevum
1007 914 1287 957 incumbebat
1325 914 1383 955 ad
1416 928 1596 968 amnem,

211 974 377 1015 Dexter
412 973 457 1014 in
488 971 716 1014 adversum
753 973 895 1014 nitens
935 973 1173 1024 concussit,
1209 976 1252 1014 et
1290 972 1388 1014 imis

212 1031 417 1073 Avolsam
449 1030 584 1071 volvit
622 1030 863 1083 radicibus3
901 1030 1001 1072 inde
1039 1033 1218 1085 repente

212 1089 412 1143 Impulit:
450 1088 641 1141 impulsu
680 1102 764 1142 quo
804 1089 1017 1130 maximus
1056 1089 1229 1130 intonat
1263 1086 1436 1140 aether,

213 1147 461 1188 Dissultant
500 1146 641 1199 ripae,
680 1146 912 1200 refluitque
950 1147 1183 1188 exterritus
1223 1145 1374 1187 amnis.

1792 1148 1876 1187 240

213 1206 271 1246 At
311 1218 463 1258 specus
494 1206 537 1244 et
572 1203 673 1245 Caci
705 1203 877 1246 detecta
915 1204 1121 1257 adparuit
1159 1204 1311 1257 ingens

213 1263 351 1316 Regia
383 1265 426 1303 et
466 1260 699 1303 umbrosae
735 1262 906 1315 penitus
942 1265 1124 1315 patuere
1161 1274 1392 1303 cavernae:

213 1321 312 1361 Non
353 1333 493 1371 secus,
530 1333 580 1360 ac
617 1319 654 1361 si
694 1332 782 1372 qua
816 1319 988 1373 penitus
1025 1320 1067 1361 vi
1110 1322 1231 1360 terra
1269 1318 1495 1361 dehiscens

213 1378 410 1421 Infernas
449 1380 612 1419 reseret
651 1377 773 1419 sedes
809 1381 851 1420 et
887 1380 1020 1431 regna

214 1511 289 1546 llls„
313 1508 344 1536 in
361 1515 425 1542 quo
444 1509 581 1545 legatur,
607 1508 702 1536 modo
725 1504 844 1536 oculos
867 1507 932 1543 legi
949 1509 1019 1535 ele—

214 1556 352 1589 gautern
373 1554 405 1582 in
427 1561 462 1592 γ,
495 1561 601 1587 neque
631 1550 699 1582 Hn.
723 1561 830 1588 neque
864 1551 950 1594 Wg.
978 1555 1017 1581 de

212 1601 306 1629 libris
342 1601 472 1636 docent,
509 1600 647 1627 retinent
676 1604 784 1628 autem
817 1596 939 1628 oculis.
989 1600 1018 1628 A

214 1647 365 1682 pluribus
383 1647 470 1674 solet
497 1644 656 1680 praeferri
675 1642 795 1674 oculis.
844 1646 881 1673 Id
909 1650 1018 1674 tamen

213 1696 369 1727 apparet,
406 1688 517 1720 nostri
547 1691 666 1719 dictum
695 1699 774 1719 esse
804 1691 867 1727 ita,
910 1695 942 1719 ut
972 1691 1021 1719 rei

212 1738 406 1767 interfuisse
428 1737 501 1772 ipse
536 1745 602 1765 non
623 1737 784 1765 videatur.
841 1734 1019 1765 Turbatus

214 1789 320 1812 autem
348 1785 438 1811 nullo
465 1783 574 1810 addito
599 1784 764 1810 vocabulo
794 1782 914 1816 legitur
940 1781 1018 1810 435.

212 1830 251 1867 7,
292 1829 352 1857 767
382 1836 420 1857 ac
455 1830 509 1862 qui
538 1826 648 1857 oculis
680 1826 844 1857 turbatus
876 1833 928 1856 est
954 1836 1020 1856 non

212 1878 315 1911 probe
340 1875 429 1903 videt
455 1873 498 1902 cf.
523 1874 595 1902 Liv.
621 1874 656 1911 7,
684 1873 728 1902 26
755 1874 895 1910 „Oculis
922 1874 1021 1902 simul

213 1929 252 1950 ac
290 1926 397 1949 mente
431 1922 593 1948 turbatum
628 1920 782 1948 Valerius
823 1921 1019 1948 obtruncat*

213 1970 325 2001 Neque
357 1972 422 1995 tam
447 1974 549 2001 prope
575 1970 792 1994 accesserunt
822 1967 863 1994 ad
894 1967 1018 1995 Cacum

213 2015 383 2047 Arcades,
411 2017 443 2040 ul
470 2012 620 2039 viderent
649 2013 776 2047 oculos,
803 2019 909 2045 neque
934 2020 1019 2046 opus

213 2063 300 2094 erat,
339 2063 371 2086 ut
405 2059 566 2085 turbatum
596 2065 669 2085 eum
701 2065 744 2085 ex
771 2059 941 2085 oculorum
971 2059 1020 2085 in-

212 2107 400 2138 telligerent
427 2106 560 2139 obtutu,
586 2111 680 2136 quem
710 2102 824 2138 fugere
853 2104 1018 2131 videbant.

213 2154 250 2181 Et
279 2148 372 2178 oculi
397 2147 509 2178 nostri
531 2154 619 2177 recte
646 2149 720 2185 dici,
750 2149 779 2178 si
807 2157 892 2184 opus
917 2154 1021 2186 esset,

213 2199 350 2226 docetur
380 2195 545 2229 exemplis
576 2200 607 2223 ul
645 2193 681 2231 2,
720 2193 803 2231 740,
838 2196 899 2224 Ov.
926 2198 966 2223 M.
990 2196 1021 2232 7,

212 2242 280 2271 679
307 2239 336 2270 εἰ
361 2250 428 2270 uon
447 2238 638 2277 formosius
661 2238 728 2269 isto
744 2238 907 2270 viderunt
932 2239 1025 2270 oculi

212 2286 318 2318 telum
349 2283 542 2316 iaculabile
573 2283 695 2315 nostri.
731 2302 776 2305 ——
804 2283 898 2315 ocior
925 2284 1024 2316 Euro

212 2334 254 2363 cf.
292 2332 318 2368 1,
342 2332 420 2362 317.
448 2348 492 2351 -
518 2329 612 2361 ilicet
636 2332 677 2360 cf.
705 2330 745 2369 2,
771 2330 848 2360 424.

259 2378 337 2409 226.
364 2380 393 2407 Α
421 2384 512 2414 patre
535 2380 684 2407 vulcano
710 2378 868 2406 didicisse
893 2378 1021 2413 fingitur

213 2425 341 2455 catenis
379 2431 534 2459 magnum
575 2431 696 2452 saxum
737 2425 893 2458 alligare,
934 2425 1020 2458 quod

212 2472 317 2507 potuit
356 2471 545 2506 demittere,
592 2470 636 2497 ita
669 2474 701 2497 ut
735 2472 774 2497 ab
808 2470 895 2498 omni
928 2474 1019 2504 parte

212 2519 376 2552 spelunca
405 2518 524 2544 clausa
566 2519 670 2543 esset.
721 2516 881 2544 Hercules
910 2522 1020 2543 autem

212 2564 301 2592 aliud
329 2570 466 2598 saxum,
497 2562 599 2589 altum
625 2565 655 2588 et
682 2562 852 2595 abruptum
881 2563 1020 2595 spelun-

212 2616 339 2643 caeque
359 2607 567 2643 impositum,
595 2613 693 2641 quum
721 2607 761 2634 ad
785 2608 915 2634 laevam
942 2614 1019 2641 par—

212 2659 277 2683 tem
297 2654 482 2690 inclinaret,
510 2660 530 2681 a
554 2653 673 2681 dextra
700 2658 884 2686 aggressus
910 2653 943 2680 in
964 2653 1019 2681 'ri-

213 2701 314 2729 berim
335 2699 481 2728 devolvit
503 2703 599 2733 atque
622 2698 667 2726 ita
687 2698 750 2725 sibi
771 2698 893 2726 auitum
912 2703 1017 2733 parat.

258 2745 336 2774 227.
365 2742 534 2773 emuniit.-
571 2741 603 2772 Ε
632 2743 835 2778 praepositio
869 2744 902 2772 in
927 2752 1019 2772 com-

211 2792 331 2826 positis
346 2797 580 2824 nonnunquam
592 2789 656 2817 vim
672 2789 835 2824 simplicis
852 2791 944 2818 verbi
959 2797 1019 2818 au-

212 2842 280 2871 get.
310 2838 353 2865 ita
376 2834 517 2870 edoceo,
552 2833 701 2872 eluctor,
733 2833 871 2871 evinco,
903 2844 1018 2873 cneco,

211 2885 267 2910 vel
293 2883 402 2918 tinem,
429 2883 470 2910 ad
499 2889 594 2916 quem
614 2883 751 2909 verbum
780 2881 925 2916 simplex
945 2886 1016 2911 ten-

212 2929 274 2962 dit,
301 2928 415 2963 attingi
440 2927 620 2963 significat,
648 2931 679 2955 ιι1
706 2923 839 2963 edisco,
867 2925 1016 2965 elaboro,

212 2972 343 3010 efficio,
370 2971 521 3013 csfingo,
545 2970 648 3009 evito,
674 2970 834 3002 cumbere
864 2973 913 3010 12,
939 2974 1017 3004 866.

212 3033 255 3036 —
285 3017 380 3049 Fulli
404 3017 498 3049 obice
520 3022 655 3059 postes.-
684 3021 731 3047 lta
759 3019 828 3048 Til).
861 3021 894 3055 1,
926 3020 963 3057 2,
996 3020 1017 3050 6

1060 1376 1260 1419 recludat

1072 1505 1261 1538 Clauditur
1300 1510 1332 1537 et
1369 1504 1462 1536 dura
1501 1503 1612 1536 ianua
1648 1504 1748 1543 fulta
1785 1513 1876 1535 scra.

1068 1555 1127 1582 0v.
1156 1555 1196 1583 A.
1228 1555 1267 1583 A.
1301 1554 1339 1591 2,
1371 1552 1439 1581 244
1473 1551 1587 1592 Atque
1614 1550 1678 1581 crit
1710 1549 1877 1592 apposita

1066 1597 1179 1628 ianua
1200 1598 1302 1637 julla
1329 1607 1418 1628 sera.
1443 1614 1488 1618 -—
1514 1599 1605 1633 Quod
1631 1598 1775 1633 iungitur
1797 1595 1877 1636 sul-

1066 1648 1119 1675 tos
1146 1643 1291 1674 emuniit
1313 1645 1354 1674 cf.
1381 1646 1420 1673 ad
1447 1643 1487 1681 4,
1511 1643 1568 1673 22.

1111 1690 1189 1720 228.
1215 1690 1339 1726 furens
1358 1688 1487 1719 animis
1510 1690 1550 1718 cf.
1575 1690 1616 1718 ad
1632 1688 1665 1727 2,
1690 1687 1768 1718 386.

1065 1737 1152 1765 eiicit
1178 1745 1243 1776 que
1269 1736 1451 1765 Accessum
1478 1752 1523 1756 —-
1549 1733 1616 1764 ira.

1113 1781 1192 1810 231.
1223 1780 1389 1812 Aventini
1424 1783 1586 1811 montem.
1636 1782 1684 1809 De
1727 1780 1874 1815 genitivo

1067 1827 1108 1856 cf.
1137 1827 1169 1864 5,
1195 1828 1251 1857 52.
1302 1829 1367 1857 Sed
1396 1832 1503 1863 potest
1525 1827 1666 1861 intelligi
1682 1827 1737 1854 ille
1759 1828 1875 1856 Aven-

1068 1874 1156 1902 tinus
1182 1882 1253 1912 rex,
1283 1882 1302 1903 a
1328 1882 1393 1909 quo
1419 1882 1516 1903 mons
1535 1873 1664 1908 accepit.
1688 1880 1809 1902 nomen
1832 1872 1873 1901 cf.

1068 1920 1105 1955 7,
1133 1919 1211 1948 655.

1113 1963 1191 1993 233.
1219 1963 1309 1995 silex
1332 1967 1467 2001 „Paene
1487 1972 1602 1993 omnes
1625 1960 1717 1992 hunc
1743 1960 1876 1992 silicem

1068 2012 1196 2045 dicunt;
1241 2020 1316 2040 nam
1348 2017 1377 2040 et
1414 2013 1518 2040 Varro
1550 2015 1581 2038 et
1614 2010 1790 2039 Lucretius
1822 2009 1874 2045 (Ι,

1067 2056 1155 2092 573)
1184 2058 1228 2085 ita
1261 2059 1391 2092 dicunt;
1419 2062 1510 2085 tanta
1535 2061 1644 2084 tamen
1669 2060 1718 2084 est
1747 2055 1875 2090 virgilii

1068 2104 1267 2140 auctoritas,
1311 2108 1339 2132 ut
1385 2103 1586 2138 persuadeat
1629 2101 1725 2130 nobis
1775 2102 1874 2130 etiam

1067 2145 1159 2177 hanc
1186 2146 1316 2178 silicem
1341 2149 1438 2178 dici.·‘
1464 2151 1497 2177 S.
1546 2148 1636 2176 Dixit
1668 2145 1758 2176 dura
1787 2144 1876 2175 silex

1068 2194 1099 2231 6,
1125 2193 1186 2223 471
1218 2197 1323 2224 acuta
1349 2192 1437 2224 silex
1461 2192 1538 2222 602.
1588 2193 1721 2221 Scilicet
1746 2193 1777 2221 in
1798 2192 1875 2221 aliis

1069 2241 1205 2269 casibus
1237 2241 1318 2269 nihil
1351 2241 1504 2269 intererat
1538 2246 1559 2268 a
1588 2238 1720 2274 vulgari
1753 2246 1874 2274 genere

1069 2287 1242 2314 decedere.
1293 2287 1342 2316 Cf.
1368 2284 1404 2322 4,
1429 2283 1506 2313 402.

1113 2331 1192 2360 235.
1220 2332 1317 2361 Dirae
1348 2333 1505 2360 volucres
1538 2334 1614 2360 sunl
1642 2332 1672 2359 h.
1707 2331 1749 2367 l.,
1788 2336 1873 2364 quae

1067 2378 1290 2407 cadaveribus
1329 2382 1523 2407 vescuntur.
1571 2378 1620 2405 De
1655 2384 1741 2404 voce
1773 2373 1874 2405 dirus

1067 2423 1108 2452 cf.
1143 2422 1199 2459 12,
1225 2421 1302 2452 845.

1111 2467 1190 2497 242.
1220 2466 1339 2510 Regia
1366 2469 1485 2497 dicitur
1502 2468 1591 2503 Caci,
1611 2475 1684 2496 cum
1701 2467 1872 2502 irrisione3

1066 2516 1110 2543 ita
1137 2515 1234 2543 Aeoli
1276 2522 1425 2544 caverna
1460 2511 1546 2543 aula
1579 2514 1697 2542 dicitur
1726 2512 1759 2549 1,
1796 2511 1871 2540 140.

1070 2557 1122 2589 Pl.
1155 2561 1242 2589 eiicit
1269 2563 1300 2590 cl
1335 2557 1419 2590 Caci
1446 2575 1489 2580 -—
1519 2557 1637 2600 Regia
1663 2560 1713 2594 et,
1754 2558 1872 2587 deinde

1065 2606 1179 2635 scribit
1202 2604 1453 2646 umbrosaeque
1477 2603 1574 2634 inlus
1595 2610 1731 2641 patuere
1755 2609 1817 2632 etc.

1111 2651 1188 2680 243.
1213 2650 1367 2692 penitus.
1417 2651 1575 2689 „Confert
1593 2655 1692 2686 poeta
1709 2650 1870 2679 miraculo

1066 2698 1277 2735 miraculum,
1318 2703 1349 2726 ιιι
1383 2706 1449 2726 ιιυιι
1481 2697 1553 2726 sine
1587 2697 1619 2725 vi
1650 2695 1789 2730 repetita
1817 2696 1871 2724 llic

1066 2745 1218 2773 videatur
1248 2752 1316 2772 vox
1344 2741 1508 2783 penitus“
1540 2739 1626 2783 Wg.
1653 2740 1695 2770 cf.
1721 2739 1760 2777 6,
1792 2740 1870 2770 901.

1066 2805 1110 2809 ——
1132 2787 1275 2829 penitus
1310 2791 1479 2827 patuere.-
1518 2788 1723 2826 „admissum
1759 2787 1871 2816 lumen

1066 2840 1117 2864 est
1144 2842 1252 2870 usque
1280 2836 1321 2863 ad
1351 2839 1483 2864 secreta
1510 2830 1728 2868 speluncae.“
1756 2834 1790 2860 S.

1110 2879 1189 2909 244.
1216 2882 1343 2910 reseret
1369 2896 1413 2900 —-
1438 2876 1611 2909 recludat.
1659 2877 1872 2907 Coniunclivi

1065 2928 1097 2955 in
1122 2935 1157 2956 re
1183 2927 1340 2964 cogitata,
1366 2934 1432 2955 non
1451 2925 1550 2954 sacta.
1568 2939 1612 2943 ——
1630 2931 1758 2962 regna,
1785 2925 1869 2952 Tar—

1064 2977 1171 3006 tarus;
1208 2970 1263 3002 dis
1287 2969 1426 3001 invisa.-
1455 2964 1540 2999 τάτε
1572 2963 1762 3009 στυγέουσι
1784 2964 1872 2999 θεοί

1066 3026 1132 3057 περ
1159 3021 1252 3048 Hom.
1280 3020 1319 3048 Il.
1345 3016 1405 3055 20,
1432 3015 1485 3046 64.

1821 1686 1875 1718 ΡΙ.
