2023 3350
726 67 958 101 AENEtnth
988 71 1073 102 LtB.
1096 71 1158 102 xl.
1680 72 1762 110 5⁷3

117 187 174 228 At
204 199 291 227 non
324 186 367 226 in
403 184 610 226 Venerem
646 194 794 234 segnes
828 185 1125 237 nocturnaque
1161 182 1288 234 bella,

117 246 220 294 Aut,
251 243 324 284 ubi
357 255 485 283 curva
519 239 671 280 choros
713 238 870 280 indixit
906 240 1014 282 tibia
1050 241 1221 292 Bacchi,

116 302 379 355 Exspectare
415 299 564 351 dapes,
603 301 646 337 et
682 297 834 350 plenae
874 298 1028 350 pocula
1059 312 1243 349 mensae,
1271 320 1328 329 -—-

117 358 199 400 Hic
230 371 371 407 amor,
411 356 493 396 hoc
535 354 725 395 studium
752 380 808 384 —
835 355 936 396 dum
973 370 1096 397 sacra
1135 356 1346 397 secundus
1382 355 1597 410 haruspex

118 416 310 464 Nuntiet,
352 427 402 454 ac
436 413 555 453 lucos
591 417 713 454 vocet
747 412 890 454 hostia
925 414 1097 468 pinguis
1142 414 1186 454 in
1221 414 1346 454 altos

1682 417 1765 456 Ι740

119 474 235 514 Haec
268 470 438 521 effatus,
479 484 634 524 equum
663 471 707 511 in
739 471 922 522 medios,
962 473 1198 512 moriturus
1239 474 1282 511 et
1317 471 1421 525 ipse,

120 530 331 579 Concitat,
373 532 415 569 et
449 528 613 569 Venulo
656 528 882 569 adversum
920 543 964 570 se
1000 528 1199 570 turbidus
1242 528 1385 578 infert,

119 589 440 640 Dereptumque
479 585 533 627 ab
575 600 623 627 eo
666 586 820 627 dextra
860 587 1162 641 complectitur
1197 586 1365 627 hostem

119 646 174 687 Et
210 644 419 698 gremium
456 648 555 685 ante
591 658 714 685 suum
752 644 889 685 multa
923 645 963 685 vi
1001 645 1191 686 concitus
1230 643 1385 685 aufert.

121 702 304 744 Tollitur
339 702 383 742 in
416 701 582 743 caelum
620 702 799 753 clamor,
839 702 1067 756 cunctique
1107 701 1250 743 Latini

631 760 761 801 Volat
800 760 948 813 igneus
991 773 1178 813 aequore
1216 758 1425 807 Tarchon,

120 760 378 802 Convertere
413 759 570 801 oculos.

1683 704 1764 741 745

118 821 251 860 Arma
285 818 508 871 virumque
543 817 705 868 ferens,
745 822 837 858 tum
878 831 1044 858 summa
1081 818 1216 871 ipsius
1253 816 1308 857 ab
1346 816 1476 857 hasta

119 876 336 928 Defringit
369 874 529 916 ferrum
566 879 608 916 et
638 879 783 928 partes
822 875 1006 916 rimatur
1042 879 1227 929 apertas,

119 934 214 984 Qua
250 934 401 974 volnus
437 933 566 974 letale
599 932 728 983 ferat;
767 937 919 974 contra
958 933 1030 974 ille
1067 945 1311 987 repugnans

122 991 314 1033 Sustinet
350 1005 376 1032 a
407 991 555 1045 iugulo
593 990 790 1031 dextram
828 994 870 1032 et
907 991 991 1032 vim
1027 991 1189 1033 viribus
1231 989 1332 1031 exit.
1686 991 1722 1028 7.

168 1154 243 1185 735.
271 1164 336 1195 quo
362 1155 404 1184 cf.
431 1154 467 1190 2,
501 1154 573 1183 t50.
602 1171 638 1174 —
666 1152 751 1194 qnid
785 1163 854 1184 acc.
889 1159 920 1183 ut

126 1202 154 1240 1,
181 1201 257 1230 518.
284 1217 328 1220 —
354 1202 456 1229 Etiam
484 1209 516 1229 re
540 1203 689 1230 venerea
714 1203 844 1230 Tuscos
870 1201 921 1229 in-

121 1249 228 1277 fames
256 1247 361 1275 fuisse
387 1247 525 1275 Romani
549 1252 692 1275 narrant.

169 1292 245 1322 736.
272 1296 444 1322 nocturna
473 1290 564 1320 bella
595 1289 752 1326 seruerim
778 1293 822 1320 ita
842 1289 920 1319 Τρ-

122 1336 216 1368 neris
241 1336 378 1378 proelia
410 1339 563 1367 (licuntur
591 1340 626 1367 G.
654 1337 684 1374 3,
717 1337 761 1366 98
789 1342 818 1365 et
852 1338 922 1365 usi·

123 1391 223 1414 tatum
257 1390 324 1413 est:
371 1392 490 1413 amore
519 1382 620 1420 vinci,
656 1382 790 1412 vincere
821 1379 921 1422 puel-

124 1429 195 1460 lam
222 1436 282 1459 etc.

171 1476 250 1505 737.
280 1478 317 1505 Ει
342 1474 506 1504 Bacchica
529 1481 626 1502 sacra
653 1481 672 1503 a
694 1474 832 1502 Graecis
859 1473 923 1508 pri-

124 1531 212 1552 mum
245 1522 404 1550 Etruriam
440 1520 632 1555 recepisse,
675 1521 759 1548 unde
785 1521 920 1548 Romam

125 1569 347 1605 pervenerim,
372 1569 463 1595 docet
482 1566 551 1594 Liv.
569 1565 623 1599 49,
640 1564 662 1592 8
678 1575 727 1600 sq·
753 1567 832 1594 Inde
850 1567 924 1598 Vgl.

125 1616 204 1644 facit
248 1622 322 1643 eum
374 1614 496 1641 cultum
550 1612 646 1640 etiam
696 1612 921 1646 antiquiorem.

127 1663 230 1697 Quam
258 1659 356 1689 dediti
381 1658 499 1687 suerint
524 1658 655 1686 Etrusci
674 1658 850 1686 Bacchicis
867 1665 923 1686 sa-

126 1708 211 1743 cris,
251 1708 371 1735 multae
405 1705 519 1732 docent
551 1704 705 1737 antiquae
742 1704 924 1739 imagines3

126 1758 331 1788 quantopere
357 1758 396 1779 ea
417 1750 646 1778 detestatisint
664 1750 812 1782 Romani,
837 1750 922 1777 idem

127 1800 254 1828 Livius.
278 1796 322 1817 -ἵ-
344 1803 450 1825 curva
477 1792 582 1823 tibia:
626 1795 667 1824 cf.
693 1796 725 1831 9,
757 1795 834 1823 618.
871 1795 924 1822 Ti-

127 1845 255 1874 bicines
274 1842 375 1873 Tusci
399 1843 536 1874 Romae,
563 1847 647 1874 (tuae
670 1843 828 1870 Etruscos
855 1849 925 1868 mo-

128 1899 184 1920 res
217 1896 334 1919 secuta
371 1892 437 1925 est,
478 1886 711 1921 praecinebant
748 1888 786 1915 ad
827 1893 924 1915 sacra

129 1937 200 1966 Liv.
218 1936 252 1973 9,
275 1934 330 1972 30,
356 1935 395 1962 ad
421 1940 560 1968 pompas
576 1934 636 1960 ov.
658 1935 731 1962 Am.
755 1934 786 1970 3,
805 1932 855 1970 13,
875 1932 927 1970 lt,

128 1984 170 2012 ad
195 1982 391 2011 saltationes
414 1979 486 2008 Liv.
516 1978 544 2013 7,
569 1976 600 2006 2.

176 2028 253 2057 738.
281 2027 478 2066 exspectate
491 2025 613 2062 MPybc
640 2029 668 2053 et
686 2027 717 2053 S.
743 2024 817 2058 qui:
844 2033 928 2061 „ez--

129 2075 285 2115 spectate
328 2080 385 2107 pro
425 2067 652 2110 exspectatis3
703 2072 830 2099 modum
868 2078 926 2106 pro

131 2122 226 2150 modo
253 2116 396 2154 posuit.“
417 2119 449 2145 S.
494 2117 556 2146 Ubi
586 2124 625 2144 ea
659 2117 851 2151 explicandi
874 2124 927 2145 ra-

130 2168 174 2196 tio
199 2165 350 2200 invaluit,
376 2163 438 2192 iam
465 2164 580 2192 mirum
606 2171 669 2191 non
696 2168 757 2198 est,
789 2163 818 2191 si
843 2170 926 2197 quae

130 2211 350 2242 describentis
374 2217 485 2238 errore
509 2210 656 2238 oriuntur
685 2209 827 2244 formae,
868 2209 929 2237 ali-

133 2266 197 2293 quo
239 2258 333 2286 modo
364 2256 576 2289 explicantur
615 2260 646 2283 et
688 2255 930 2283 confirmantur.

132 2306 212 2333 Rec.
254 2300 314 2332 Fb.
349 2299 411 2330 Rb.
449 2299 511 2338 Ld,
553 2301 625 2336 qui:
668 2304 735 2337 „So
773 2306 929 2329 erwartet

134 2345 439 2378 dennimmerhin.“
476 2345 714 2387 „Exspectate
740 2348 835 2376 codd.
859 2347 929 2375 sere

135 2403 270 2430 ornnes,
308 2394 404 2422 etiam
442 2394 581 2428 optimus
616 2393 756 2427 quisque
781 2394 863 2421 Pier.
898 2397 929 2421 et

135 2442 249 2471 Heins.
274 2447 348 2468 cum
377 2440 494 2467 Servio
519 2445 549 2468 et
572 2440 621 2469 sic
647 2441 719 2467 Atd.
747 2447 805 2475 pr.,
838 2447 930 2467 men-

136 2489 218 2516 dose
243 2490 367 2519 tamen:
397 2487 596 2523 exspectare
620 2485 690 2521 (sc.
706 2493 771 2514 non
786 2485 929 2520 segnes)

139 2533 263 2568 primae
299 2532 412 2559 statim
448 2531 520 2558 edd.
555 2531 628 2559 inde
660 2533 698 2561 ab
734 2532 808 2560 Ald.
848 2539 930 2567 sec„

137 2579 253 2612 sicque
287 2578 378 2606 Goth.
414 2584 460 2611 pr.
495 2581 525 2604 et
563 2574 656 2605 tert.“
703 2574 771 2605 Hn.
814 2577 930 2614 „Adde

138 2626 244 2654 Palat.
284 2627 314 2651 et
342 2621 373 2650 2.
406 2621 438 2650 3.
470 2621 501 2650 7.
542 2621 591 2650 11.
627 2620 700 2650 12.“
737 2620 820 2662 Wg.
864 2630 931 2651 rec.

142 2668 210 2700 Hn.
245 2666 328 2707 W'g.
377 2669 545 2702 Improbat
572 2665 633 2696 Rb.
655 2668 830 2703 „quoniam
871 2676 932 2696 ex-

138 2714 313 2752 spectandi
336 2714 478 2744 studium
503 2715 627 2741 nullum
641 2712 726 2742 est.“
752 2713 780 2741 l.
805 2722 835 2748 p.
855 2712 932 2742 36t.

144 2777 185 2783 —
209 2769 277 2790 non
299 2767 422 2801 segnes
435 2763 645 2796 exspectare,
670 2767 736 2788 non
753 2761 933 2795 tardantes,

140 2809 327 2837 dubitantes
355 2810 564 2839 exspectare.
617 2802 746 2844 Segnis
770 2805 859 2834 verbi
884 2805 935 2833 vi-

141 2861 201 2882 ces
226 2853 378 2888 sustinet,
412 2851 497 2885 quod
521 2850 711 2879 infinitivum
736 2858 850 2886 regere
879 2852 935 2879 de-

141 2901 248 2928 bebat.
298 2898 347 2928 cf.
373 2899 451 2926 Hor.
475 2897 508 2925 C.
530 2895 562 2934 3,
584 2894 639 2932 21,
661 2893 704 2923 22
733 2893 936 2936 Segnesque

142 2942 272 2974 nodum
299 2941 432 2973 solvere
459 2939 615 2971 Gratiae.
664 2940 704 2970 cf.
729 2939 765 2977 4,
795 2940 872 2970 564.
891 2957 937 2961 —

145 2990 182 3019 si
205 2991 245 3020 ad
271 2996 406 3019 mensas
430 2989 492 3017 iter
516 2992 578 3025 est,
603 2991 679 3016 tunc
696 2988 824 3016 celeres
840 2987 937 3025 estis,

1717 991 1737 1029 Q!

1742 991 1768 1029 Φ

968 1159 996 1183 et
1040 1163 1136 1189 uuum
1180 1156 1352 1188 haruspex
1386 1154 1559 1182 secundus
1589 1152 1704 1187 (vobis
1737 1157 1767 1180 et

968 1207 1102 1229 vestrae
1138 1200 1312 1235 edacitati)
1347 1199 1469 1227 nuntiat
1513 1205 1629 1233 sacra;
1680 1199 1766 1232 quod

970 1252 1018 1274 est
1055 1247 1203 1280 sianum,
1242 1254 1320 1273 esse
1349 1245 1534 1279 perlitatum
1558 1244 1620 1280 (cf.
1647 1242 1678 1280 4,
1703 1243 1767 1278 50)

969 1297 998 1320 et
1021 1294 1191 1326 epularum
1219 1291 1287 1319 fieri
1308 1290 1445 1318 initium.

1014 1347 1090 1376 7:39.
1116 1345 1170 1375 hic
1196 1355 1309 1384 amor,
1334 1344 1397 1375 hoc
1421 1343 1576 1375 studium
1603 1346 1690 1378 «2112,
1716 1346 1769 1374 10.

1018 1392 1095 1422 740.
1124 1393 1240 1422 Carnis
1272 1394 1352 1420 odor
1385 1392 1485 1420 allicit
1519 1400 1580 1420 vos
1613 1393 1644 1420 in
1674 1394 1770 1420 lucos

974 1439 1082 1476 [„illic
1118 1439 1202 1467 enim
1234 1440 1453 1473 epulabantur
1483 1438 1590 1467 sacris
1618 1438 1772 1466 diebus.“

973 1485 1044 1521 S.];
1071 1493 1135 1513 non
1161 1485 1268 1520 ipsum
1297 1492 1439 1520 sacrum,
1465 1492 1526 1512 nec
1558 1485 1666 1513 cultus
1692 1485 1771 1512 deo-

971 1540 1052 1560 rum.

1018 1575 1095 1605 741.
1122 1578 1275 1605 Tarchon
1299 1577 1462 1604 venutum
1490 1575 1601 1611 arripit
1633 1581 1662 1604 et
1696 1581 1770 1604 ante

972 1632 1009 1652 se
1035 1623 1066 1651 in
1101 1630 1185 1657 equo
1212 1622 1353 1657 positum
1387 1626 1415 1649 et
1445 1623 1587 1650 ablatum
1618 1622 1771 1651 occidere

972 1670 1097 1705 studet,
1143 1668 1266 1697 frustra
1313 1668 1513 1696 renitentem.
1562 1669 1610 1696 Ita
1661 1669 1769 1702 ipsum

973 1716 1152 1744 Caesarem
1185 1721 1205 1742 a
1238 1715 1330 1742 Gallo
1365 1713 1473 1746 equite
1506 1714 1682 1748 aliquando
1716 1722 1771 1741 ar-

971 1765 1097 1795 reptum
1132 1768 1209 1788 esse
1239 1764 1349 1787 narrat
1377 1759 1529 1787 Servius.
1579 1774 1616 1778 —
1666 1757 1771 1787 mori-

972 1809 1070 1834 turus
1112 1807 1143 1834 et
1184 1803 1274 1845 ipse,
1317 1810 1348 1833 ut
1382 1805 1437 1832 alii
1472 1805 1535 1832 iam
1569 1805 1771 1834 ceciderunt.

972 1855 1083 1886 Neque
1114 1852 1198 1879 enim
1234 1851 1296 1879 iam
1332 1856 1453 1879 tantum
1487 1851 1632 1880 dedecus
1671 1851 1771 1887 fugae

975 1903 1080 1933 potest
1107 1899 1238 1931 videre;
1276 1905 1382 1930 neque
1406 1901 1527 1924 tantum
1549 1898 1634 1926 alios
1659 1899 1771 1926 horta—

974 1950 1034 1980 tur,
1062 1948 1092 1972 ut
1120 1943 1233 1971 mortis
1256 1942 1364 1971 ineant
1393 1943 1590 1976 peric-utum.
1616 1944 1674 1972 sed
1698 1944 1771 1978 ipse

974 1990 1072 2019 subit.
1121 1991 1228 2023 Atque
1272 1989 1316 2016 ita
1357 1989 1405 2016 ira
1442 1993 1491 2016 est
1527 1989 1673 2018 turbidus
1708 1989 1770 2024 (cf.

980 2035 1118 2072 1210),
1146 2041 1176 2064 ut
1204 2042 1265 2063 non
1290 2039 1451 2063 consueto
1478 2040 1585 2063 utatur
1606 2036 1773 2070 pugnandi

974 2090 1105 2119 genere,
1126 2082 1185 2110 sed
1210 2089 1262 2117 eo,
1285 2082 1368 2115 quod
1390 2085 1419 2108 et
1438 2075 1662 2114 periculosius
1679 2086 1773 2110 estet

974 2128 1079 2163 magis
1105 2128 1178 2156 eius
1206 2127 1286 2155 iram
1313 2126 1426 2161 prodit.

1022 2183 1099 2213 742.
1130 2182 1241 2217 Infert
1284 2186 1359 2213 dant
1398 2180 1481 2223 Wg.
1511 2180 1573 2212 th.
1602 2179 1673 2220 Rb,
1718 2183 1772 2217 uui

977 2228 1077 2270 offert
1109 2231 1174 2265 legi
1203 2235 1311 2259 narrat.
1337 2231 1370 2258 in
1399 2231 1458 2268 Ry.
1506 2230 1627 2263 Aptum
1652 2229 1684 2257 id
1710 2231 1772 2258 boc

976 2279 1050 2305 loco
1094 2285 1159 2304 rec.
1207 2273 1275 2311 L‹1;
1320 2277 1426 2309 'neque
1467 2272 1575 2311 infert
1615 2274 1774 2310 ineptum,

976 2323 1072 2352 immo
1098 2322 1226 2359 fortius,
1251 2330 1290 2351 ac
1315 2323 1407 2350 libris
1434 2321 1552 2349 firmari
1578 2321 1718 2349 videtur.

1022 2379 1100 2408 745.
1132 2377 1281 2408 'Fallitur
1301 2376 1448 2407 clamor.-
1475 2378 1546 2416 „rei
1565 2378 1693 2407 scilicet
1717 2379 1775 2407 ad-

977 2424 1182 2455 miratione.“
1210 2428 1242 2454 S.

1024 2481 1099 2511 7⁴6.
1127 2479 1254 2522 igneus
1277 2481 1318 2510 cs.
1344 2480 1420 2510 718.

1026 2527 1100 2557 747.
1133 2525 1309 2567 defringit
1331 2526 1484 2565 ferrum:
1511 2528 1612 2555 Docet
1636 2529 1698 2555 hoc
1724 2527 1776 2556 vi-

979 2576 1060 2604 rium
1087 2574 1352 2609 magnitudinem.

1025 2618 1100 2648 748.
1131 2617 1315 2648 Rimatur:
1338 2616 1513 2655 „inquirit“
1531 2620 1562 2647 S.
1587 2620 1637 2647 Ab
1655 2619 1775 2647 avibus

980 2667 1118 2700 paludes
1145 2665 1406 2700 perquirentibus
1431 2666 1625 2693 translatum
1652 2666 1691 2693 ad
1715 2667 1777 2693 ho-

980 2712 1110 2747 mines,
1151 2715 1249 2745 atque
1279 2710 1325 2739 ita
1356 2712 1453 2739 etiam
1477 2718 1529 2745 ap.
1550 2711 1615 2739 Cic.
1641 2710 1715 2738 Div.
1746 2709 1774 2745 1,

981 2757 1036 2793 57,
1062 2755 1135 2785 130.
1185 2756 1231 2785 Cf.
1256 2756 1287 2793 6,
1313 2756 1391 2785 599.
1430 2754 1467 2793 7,
1492 2755 1570 2785 508.
1593 2771 1637 2775 —
1657 2758 1776 2795 partes

983 2805 1125 2842 apertas
1142 2802 1162 2830 i.
1180 2810 1209 2831 e.
1229 2803 1389 2839 corporis,
1412 2803 1465 2831 ubi
1484 2802 1590 2837 possit
1611 2802 1775 2830 intrudere

981 2848 1163 2883 cuspidem.

1027 2893 1104 2922 750.
1132 2894 1179 2923 Cf.
1204 2896 1284 2922 Stat.
1309 2896 1410 2923 Theb.
1442 2892 1474 2929 2,
1499 2891 1566 2922 648
1597 2901 1618 2922 a
1649 2891 1777 2933 iugulo

981 2937 1129 2968 sustinet
1155 2937 1304 2969 kastam.
1350 2955 1395 2961 -
1439 2937 1509 2968 vim
1541 2936 1674 2968 viribus
1698 2937 1780 2977 exit,

982 2986 1107 3014 evitare
1129 2990 1267 3014 conatur
1293 2985 1336 3014 cf.
1360 2986 1392 3023 5,
1414 2983 1493 3014 438.
