2023 3350
316 87 397 126 602

314 198 506 249 Desuper
544 197 655 237 altus
695 209 802 250 equo
839 180 1037 250 graviter
1061 199 1178 249 ferit,
1220 206 1350 256 atque
1379 206 1441 246 ita
1482 206 1613 247 fatur:

892 87 929 118 P.
955 87 1149 121 vfflfflLu
1175 90 1383 124 MAROMS

315 253 404 294 Hoc
441 252 592 303 habet,
627 253 731 294 haec
767 254 916 296 melior
951 255 1116 309 magnis
1158 257 1262 299 data
1291 261 1462 304 victima
1502 263 1620 305 divis.

315 310 581 351 Concurrunt
619 310 739 361 Itali,
776 311 1048 365 spoliantque
1089 313 1271 356 calentia
1304 319 1504 363 membra.

315 366 470 406 Obvius
508 366 751 408 ambustum
785 372 946 410 torrem
986 370 1226 424 Corynaeus
1263 371 1315 413 ab
1352 388 1430 418 ara

314 422 519 476 Corripit,
564 428 607 465 et
646 425 831 467 venienti
864 427 1008 468 Ebuso
1047 427 1304 481 plagamque
1342 431 1494 475 ferenti

312 479 505 533 Occupat
543 494 591 522 os
630 482 824 525 flammis.

310 536 599 592 Nidoremque
639 540 836 583 ambusta
875 541 1003 583 dedit.

310 594 548 637 Caesariem
583 596 706 639 laeva
740 599 905 641 turbati
940 600 1119 653 corripit
1157 600 1306 653 hostis,

307 652 606 707 Impressoque
644 669 751 708 genu
791 657 931 698 nitens
966 661 1107 699 terrae
1146 658 1336 711 adplicat
1371 659 1530 712 ipsum:

310 710 379 752 Sic
417 711 556 764 rigido
592 712 705 754 latus
747 728 844 756 ense
881 714 991 756 ferit.

307 768 529 810 Pastorem
566 770 788 823 primaque
825 772 915 813 acie
948 787 1024 826 per
1063 773 1150 814 tela
1185 777 1377 815 ruentem

308 826 419 867 Ense
456 840 634 880 sequens
673 828 787 871 nudo
824 830 1164 883 superimminet:
1202 830 1274 872 ille
1314 831 1451 872 securi

308 883 487 924 Adversi
522 883 706 926 frontem
741 887 927 929 mediam
962 891 1234 942 mentumque
1269 888 1448 930 reducta

305 941 491 993 Disiicit,
530 945 573 983 et
612 956 761 996 sparso
794 945 880 987 late
914 945 1029 999 rigat
1063 959 1183 987 arma
1222 960 1384 988 cruore.

305 998 389 1040 Olli
429 998 537 1041 dura
576 1001 696 1053 quies
734 1003 880 1044 oculos
921 1006 964 1044 et
995 1002 1157 1045 ferreus
1191 1006 1346 1056 urguet

305 1057 508 1109 Somnus,
548 1057 592 1098 in
627 1061 846 1101 aeternam
882 1060 1142 1102 clauduntur
1177 1061 1338 1103 lumina
1378 1064 1556 1102 noctem.

420 1115 477 1156 At
511 1115 606 1168 pius
643 1117 809 1159 Aeneas
848 1117 1045 1160 dextram
1081 1118 1288 1160 tendebat
1319 1119 1521 1160 inermem

306 1172 478 1214 Nudato
519 1173 658 1226 capite
694 1179 824 1229 atque
857 1189 956 1217 suos
994 1176 1181 1217 clamore
1215 1176 1414 1218 vocabat:

304 1231 395 1280 Quo
435 1230 589 1272 ruitis?
625 1246 784 1285 quaeve
825 1233 910 1275 ista
949 1247 1100 1287 repens
1133 1233 1348 1275 discordia
1387 1233 1554 1287 surgit?

305 1288 339 1329 O
379 1287 574 1329 cohibete
613 1289 721 1332 iras!
761 1291 893 1332 ictum
928 1291 1014 1332 iam
1058 1291 1229 1342 foedus,
1266 1295 1308 1333 et
1346 1305 1491 1333 omnes

305 1345 577 1399 Compositae
614 1348 750 1402 leges3
791 1348 894 1390 mihi
934 1349 1000 1391 ius
1038 1363 1292 1391 concurrere
1327 1349 1426 1400 soli,

346 1519 423 1549 296.
453 1518 524 1549 Hoc
553 1519 673 1550 habet.-
697 1522 740 1557 „i.
759 1530 785 1551 e.
804 1522 894 1551 letali
918 1531 1094 1557 percussus

301 1571 349 1596 est
366 1566 522 1596 vulnere“
538 1570 569 1596 S.
588 1571 617 1596 et
639 1571 687 1596 est
705 1568 843 1596 formula
866 1569 1090 1604 gladiatorum.

300 1611 493 1641 [insultantis
507 1618 555 1642 est
568 1616 627 1642 hoc
643 1615 721 1647 loco,
747 1618 779 1642 ut
797 1616 896 1642 verba
913 1615 1090 1649 sequentia.

299 1674 343 1678 -
373 1655 467 1687 Haec
490 1656 610 1687 melior
631 1664 687 1687 etc.
714 1660 795 1687 idem
820 1660 935 1688 dictum
962 1660 991 1695 5,
1015 1658 1089 1688 ⁴83.

302 1705 432 1732 Hostem
458 1704 563 1738 potius
585 1706 717 1734 caedam
737 1711 832 1738 quam
858 1706 1008 1733 lio-stiam.

346 1747 424 1778 297.
452 1751 564 1784 ltaque
587 1752 702 1779 caedes
726 1754 754 1778 et
775 1750 926 1784 spoliatio
954 1751 988 1778 in
1009 1751 1092 1785 ipsis

298 1796 367 1824 aris
396 1796 491 1824 facta.

346 1839 422 1868 300.
448 1837 576 1870 reluxit
602 1843 703 1875 „bene
728 1841 767 1869 ad
791 1841 981 1870 brevitatem
1007 1842 1094 1878 ignis

301 1885 442 1916 retulit.‘⁸
467 1888 497 1914 S.
525 1895 569 1916 sc.
599 1886 730 1921 perfecti
759 1887 902 1916 formam.
932 1903 968 1907 —
996 1897 1093 1915 occu-

298 1936 361 1972 pat
388 1941 434 1961 os.
472 1933 583 1969 Ebusi,
611 1937 782 1967 antequam
800 1933 828 1961 is
850 1937 958 1968 posset
984 1934 1092 1969 gladio

299 1979 403 2007 ferire.
453 1979 489 2006 In
534 1986 702 2017 occupare
739 1979 821 2007 inest
862 1980 1093 2015 praeveniendi

300 2025 397 2061 notio,
427 2024 457 2052 si
480 2032 542 2052 non
562 2028 611 2053 est
632 2024 721 2058 prius
745 2032 858 2059 capere
883 2033 977 2060 quam
1004 2026 1092 2054 alius

299 2071 395 2105 capit,
420 2074 524 2098 tamen
551 2076 598 2099 est
622 2070 713 2104 prius
737 2078 860 2107 capere,
885 2079 981 2106 quam
1002 2072 1090 2100 alius

299 2116 374 2152 quid
398 2115 485 2145 facit.
535 2116 581 2145 cf.
612 2113 664 2152 10,
690 2114 765 2143 699.

346 2160 422 2190 301.
448 2158 605 2190 nidorem
632 2160 819 2198 „putorem“
845 2164 877 2191 S.

347 2206 421 2236 303.
448 2204 572 2244 ipsum.
597 2208 789 2237 Pronomiue
806 2205 879 2246 ipse
894 2211 991 2236 totum
1007 2209 1091 2243 parti

298 2254 398 2283 alicui
423 2254 601 2288 opponitur.
650 2254 704 2284 Sic
730 2251 760 2290 7,
781 2252 857 2282 816.
896 2256 930 2282 G.
958 2252 987 2290 2,
1013 2252 1090 2282 297.

299 2298 329 2335 4,
356 2297 432 2328 274,

344 2343 427 2374 304:
458 2342 521 2373 sic:
552 2345 610 2373 tali
635 2346 740 2378 modo:
774 2345 803 2373 id
830 2353 926 2380 quum
952 2345 1090 2375 fecisset.

300 2395 349 2421 Ita
374 2389 422 2419 sic
447 2396 519 2425 post
551 2391 751 2425 perticipium
780 2389 808 2427 1,
835 2389 908 2419 225.
933 2405 976 2411 ——
1000 2389 1091 2431 >rigi-

298 2436 381 2475 dus,
423 2436 461 2466 cf.
488 2439 523 2465 G.
550 2435 576 2473 l,
604 2435 670 2465 508
698 2434 741 2465 [δε
768 2444 894 2465 curvae
930 2434 1087 2474 rigidum

292 2481 408 2522 falces
439 2481 645 2519 formantur
681 2480 714 2510 in
747 2490 871 2511 ensem.
918 2483 1009 2511 Adde
1036 2480 1088 2520 1⁰,

301 2527 377 2558 2546.
429 2544 466 2548 —-
519 2529 623 2557 Alsus
650 2529 682 2556 in
706 2528 862 2557 Podalirii
888 2532 999 2563 caput,
1034 2529 1088 2563 qui

299 2576 364 2604 iam
390 2582 409 2603 a
431 2578 517 2611 tergo
541 2583 619 2603 ense
645 2577 823 2612 premebat,
861 2578 943 2603 retro
973 2582 1088 2603 versus

298 2621 436 2650 securim
459 2621 575 2654 adegit.

345 2665 419 2694 305.
443 2669 595 2694 ruentem
620 2673 758 2701 „magno
789 2665 907 2700 impetu
938 2673 972 2694 se
1006 2666 1088 2694 infe-

299 2710 452 2746 rentem,“
477 2716 510 2740 ut
532 2720 564 2740 v.
590 2709 666 2740 535.
700 2709 731 2745 9,
757 2708 834 2739 727.
866 2710 916 2749 tt,
942 2709 1017 2740 886.
1043 2714 1086 2740 al.

303 2755 352 2786 Ρί.
377 2757 460 2786 coni.
487 2754 697 2795 intrepidum
724 2765 779 2792 pro
803 2758 988 2795 pastorem.

344 2802 419 2831 307.
446 2801 624 2832 reductam
654 2803 673 2830 i.
690 2812 716 2831 e.
735 2804 864 2831 reducta
888 2809 985 2831 manu
1010 2803 1087 2832 ada-

300 2853 394 2877 ctam.

345 2892 418 2922 309.
451 2891 501 2922 to.
529 2894 626 2922 Iidem
668 2901 785 2923 versus
824 2890 876 2929 10,
917 2891 994 2923 745.
1031 2891 1085 2923 46.

298 2936 510 2968 clauduntur
537 2940 600 2967 MR
626 2947 687 2968 rec.
723 2937 806 2980 lVg.
841 2935 902 2968 Ld.
929 2955 966 2960 -
1007 2948 1087 2970 con-

300 2980 432 3013 duntur
455 2986 490 3013 P.
515 2992 577 3014 rec.
606 2982 669 3014 Rb.

1855 207 1935 246 295

884 484 968 526 Olli
1008 485 1157 538 ingens
1192 486 1329 528 barba
1366 490 1533 543 reluxit,
1854 492 1934 530 300

1063 543 1199 596 Super
1233 544 1324 596 ipse
1364 552 1534 590 secutus

1049 715 1289 757 Podalirius
1325 716 1473 758 Alsum

1852 777 1932 815 305

1850 1060 1932 1098 310

1849 1347 1929 1386 315

1162 1523 1352 1557 311—-323,
1401 1522 1538 1554 Aeneas
1572 1530 1691 1563 pacem
1717 1519 1905 1552 restituens

1430 1580 1642 1611 vulneratur.

1184 1649 1260 1680 311.
1286 1654 1416 1681 Aeneas
1441 1659 1532 1681 sacro
1567 1652 1723 1687 intentus,
1757 1658 1853 1686 quum
1879 1654 1928 1678 tu-

1137 1699 1273 1726 multum
1296 1698 1418 1726 moveri
1443 1698 1584 1732 sentiret,
1611 1702 1643 1725 ut
1664 1701 1742 1732 erat,
1769 1698 1838 1726 sine
1856 1697 1928 1731 telo,

1137 1743 1209 1771 sine
1235 1744 1347 1779 armiS,
1375 1745 1491 1771 nudato
1506 1743 1602 1772 etiam
1623 1743 1728 1778 capite
1755 1743 1787 1771 in
1805 1743 1928 1772 medios

1138 1788 1231 1817 irruit
1260 1797 1377 1823 eosque
1406 1790 1536 1823 placare
1560 1789 1685 1822 studet;
1725 1790 1781 1817 sed
1814 1789 1847 1817 in
1878 1793 1928 1818 tu-

1138 1836 1239 1863 multu
1269 1835 1338 1869 ipse
1362 1836 1561 1863 vulneratur.
1588 1850 1625 1854 -
1661 1831 1744 1863 Pius
1761 1838 1819 1870 est,
1845 1836 1927 1870 quod

1138 1880 1189 1909 ius
1212 1881 1381 1909 iurandum
1408 1885 1527 1909 servat.
1560 1882 1673 1914 Itaque
1691 1880 1828 1915 epitheto
1842 1882 1929 1919 Vgl.,

1138 1931 1171 1955 ut
1196 1927 1324 1961 ubique,
1352 1927 1483 1963 indicat,
1508 1927 1582 1961 quid
1608 1926 1681 1961 quis
1707 1926 1851 1956 facturus
1875 1927 1927 1956 sit.

1184 2004 1259 2035 312.
1287 2003 1420 2034 nudato
1452 2003 1586 2045 capite.-
1632 2008 1666 2035 ln
1694 2007 1801 2036 sacris
1830 2007 1926 2043 enim,

1138 2060 1233 2087 quum
1258 2053 1388 2087 iuraret,
1412 2054 1540 2089 galeam
1563 2060 1625 2080 non
1649 2055 1788 2089 gerebat,
1824 2062 1926 2088 neque

1136 2103 1280 2127 armatus
1308 2102 1384 2127 erat.
1432 2099 1539 2133 Atque
1570 2101 1733 2132 tantopere
1764 2099 1850 2134 cupit
1874 2104 1924 2128 tu-

1137 2146 1270 2173 multum
1294 2152 1505 2178 compescere,
1540 2148 1574 2172 ut
1597 2151 1677 2173 suae
1701 2145 1820 2173 salutis
1843 2147 1924 2174 obli-

1135 2190 1325 2219 visceretur.
1355 2205 1392 2209 —
1419 2191 1525 2219 Nescit
1550 2194 1673 2227 autem,
1714 2193 1753 2220 ab
1778 2191 1925 2221 hostibus

1137 2240 1237 2264 ortam
1262 2244 1335 2265 esse
1360 2236 1488 2264 caedem
1517 2243 1657 2269 suosque
1688 2238 1793 2266 studet
1820 2244 1840 2266 a
1863 2246 1922 2273 pu—

1136 2283 1261 2316 gnando
1309 2282 1462 2317 retinere3
1511 2281 1667 2315 siquidem
1710 2283 1848 2312 Latinus
1894 2287 1924 2313 et

1137 2328 1265 2356 'l'urims
1296 2331 1425 2356 manent
1458 2327 1491 2355 in
1520 2327 1632 2355 officio.
1680 2329 1725 2356 Eo
1754 2329 1787 2357 in
1812 2331 1923 2359 labore

1137 2375 1211 2402 dum
1233 2377 1290 2405 est.
1313 2375 1352 2401 ab
1383 2373 1424 2401 iis
1446 2374 1644 2408 vulneratur,
1668 2380 1689 2402 a
1712 2374 1828 2409 quihus
1851 2377 1925 2405 vult

1137 2427 1229 2448 arma
1260 2419 1398 2448 retineri.
1447 2419 1564 2447 Contra
1593 2419 1622 2447 si
1648 2426 1728 2447 snos
1750 2420 1808 2449 illo
1831 2423 1922 2451 modo

1137 2465 1255 2494 dictum
1291 2464 1413 2499 accipis
1445 2472 1505 2498 quo
1531 2468 1721 2501 „utrumque
1744 2467 1921 2496 exercitum

1138 2511 1201 2539 iam
1232 2519 1325 2539 suum
1356 2508 1514 2539 vocabat“
1534 2512 1565 2539 S.
1596 2514 1651 2538 aut
1681 2508 1772 2539 viros
1801 2513 1920 2542 substi-

1136 2557 1200 2585 tuis
1219 2565 1289 2586 cum
1321 2553 1392 2592 Plo,
1412 2556 1543 2584 Aeneas
1569 2556 1703 2585 Latinos
1727 2559 1920 2592 appellando

1135 2603 1230 2637 quasi
1261 2610 1338 2631 suos
1368 2602 1571 2638 arrogantiae
1605 2605 1635 2631 et
1669 2604 1841 2638 superbiae
1869 2605 1919 2633 in-

1135 2648 1226 2683 signe
1245 2650 1463 2677 documentum
1489 2648 1668 2684 exhiheret,
1704 2652 1734 2677 et
1766 2649 1835 2678 iure
1855 2651 1918 2679 ali-

1136 2694 1209 2728 quis
1235 2703 1275 2723 ex
1296 2693 1442 2722 hostibus
1469 2696 1631 2728 tantopere
1651 2693 1852 2729 irasceretur,
1883 2700 1917 2724 ut

1135 2748 1206 2769 eum
1233 2743 1359 2774 cuperet
1378 2746 1502 2768 necare.
1540 2740 1636 2769 obest
1658 2740 1753 2769 etiam
1779 2748 1811 2770 v.
1831 2738 1915 2778 3173

1134 2787 1286 2820 quomodo
1326 2784 1409 2813 enim
1448 2787 1550 2813 verba
1580 2782 1617 2813 T.
1644 2781 1676 2813 d.
1703 2781 1734 2813 h.
1764 2781 1784 2814 ἰ.
1814 2794 1856 2814 m.
1888 2795 1913 2816 s.

1134 2832 1272 2860 Rutulos
1312 2838 1332 2859 a
1370 2830 1541 2859 certamine
1574 2833 1716 2865 poterant
1756 2831 1915 2861 retinere?

1134 2877 1194 2905 Sed
1233 2877 1354 2912 metuit,
1393 2884 1432 2904 ne
1469 2876 1543 2911 quis
1581 2875 1668 2905 alius
1704 2875 1913 2907 Troianorum

1132 2923 1272 2952 Turnum
1294 2921 1469 2951 interficiat.

1175 2985 1253 3017 313.
1282 2986 1418 3029 Repens
1442 2996 1515 3018 cum
1536 2983 1654 3027 surgit
1676 2986 1802 3024 iungas.
