2023 3350
74 193 142 235 Me
179 193 326 243 sinite,
363 195 495 244 atque
530 188 698 230 auferte
735 194 883 232 metus.

73 251 218 292 Firma
250 263 399 291 manu:
433 247 620 288 Turnum
657 246 814 289 debent
853 248 959 290 haec
997 250 1084 291 iam
1114 249 1219 290 mihi
1258 263 1392 291 sacra.

72 308 163 350 Has
198 309 310 349 inter
345 318 487 356 voces,
522 304 664 345 media
702 305 816 346 inter
850 307 959 348 talia
993 307 1134 358 verba,

72 366 200 417 Ecce,
238 365 328 406 viro
361 362 546 404 stridens
585 362 665 404 alis
705 363 886 417 adlapsa
926 365 1086 418 sagitta
1126 368 1201 414 est,

72 423 305 471 Incertum,
347 433 434 474 qua
469 419 594 473 pulsa
628 434 775 472 manu,

74 481 175 531 Quis
212 482 379 521 tantam
415 477 583 518 Rutulis
618 477 810 529 laudem,
853 493 1031 521 casusne
1068 479 1239 531 deusne,

71 536 296 587 Attulerit3
338 548 488 589 pressa
528 539 592 576 est
627 536 806 590 insignis
843 538 981 590 gloria
1021 537 1136 584 facti,

70 596 158 637 Nec
194 607 286 635 sese
318 594 487 634 Aeneae
519 593 695 634 iactavit
733 594 902 636 volnere
943 595 1182 648 quisquam.

184 651 372 701 Turnus,
406 656 453 692 ut
494 652 667 692 Aenean
708 652 927 693 cedentem
966 666 1016 693 ex
1052 652 1221 705 agmine
1258 650 1368 692 vidit

69 707 369 762 Turbatosque
408 709 556 760 duces,
591 708 734 751 subita
770 723 844 764 spe
883 709 1071 751 fervidus
1106 708 1248 759 ardet3

67 766 211 808 Poscit
251 780 383 820 equos
419 770 550 820 atque
590 781 710 808 arma
741 767 868 809 simul
902 767 1101 820 saltuque
1140 764 1349 820 superbus

66 824 236 866 Emicat
268 824 312 866 in
352 839 522 866 currum
561 829 603 866 et
638 825 834 867 manibus
872 825 1048 867 molitur
1086 824 1290 866 habenas.

17 889 25 899 ·
66 882 206 923 Multa
237 882 376 923 virum
414 883 598 924 volitans
639 882 715 924 dat
752 883 884 924 fortia
922 897 1108 937 corpora
1142 882 1242 933 leto,

67 939 306 982 Semineces
345 940 477 981 volvit
511 941 691 991 multos,
731 944 807 982 aut
845 941 1018 994 agmina
1053 955 1181 982 curru

667 76 899 110 AENEIDOS
926 79 1012 111 Lm.
1035 79 1112 111 xu.
1625 79 1705 118 603

943 192 1034 245 Ego
1069 191 1243 233 foedera
1281 191 1379 233 faxo

814 436 898 476 quo
934 422 1106 464 turbine
1148 420 1315 473 adacta,
1627 426 1710 464 320

1626 712 1707 750 325

1625 998 1707 1037 330

65 998 274 1049 Proterit‚
307 1001 383 1039 aut
417 1002 566 1051 raptas
603 997 864 1051 fugientibus
898 999 1055 1052 ingerit
1094 998 1254 1040 hastas.

70 1055 219 1105 Qualis
258 1056 373 1109 apud
414 1056 546 1109 gelidi
581 1070 713 1110 quum
747 1056 924 1098 fiumina
959 1056 1150 1098 concitus
1187 1051 1320 1096 Hebri

65 1112 334 1166 Sanguineus
371 1113 543 1155 Mavors
587 1113 722 1167 clipeo
759 1114 973 1167 increpat,
1010 1118 1141 1167 atque
1177 1113 1369 1154 furentes

65 1171 187 1212 Bella
224 1185 398 1212 movens
433 1172 627 1212 immittit
665 1185 817 1225 equos:
857 1172 919 1213 illi
958 1184 1144 1226 aequore
1179 1174 1328 1225 aperto

111 1343 186 1375 316.
208 1345 310 1383 faro.
351 1348 396 1375 De
419 1346 476 1376 fut.
503 1352 615 1376 exacto
639 1347 677 1376 cf.
706 1346 735 1382 6,
760 1345 813 1376 89.

110 1401 185 1432 318.
213 1405 258 1433 De
293 1404 412 1433 iuncus
448 1404 558 1432 verbis
611 1402 727 1433 media
772 1401 861 1432 inter

64 1447 155 1478 talia
182 1448 284 1478 verba
308 1450 347 1479 cf.
376 1447 405 1485 4,
432 1448 507 1477 6613.

110 1504 187 1534 319.
218 1504 310 1543 viro,
336 1507 356 1535 i.
381 1514 407 1534 e.
432 1506 462 1534 ei
486 1510 516 1534 ut
544 1503 574 1541 G,
600 1503 675 1533 615.
730 1501 779 1533 ΡΙ.
806 1511 861 1540 pro

64 1549 141 1581 viro
163 1553 245 1582 coni.
273 1548 437 1580 humero!
490 1553 594 1587 Male,
635 1558 710 1580 nam
740 1552 862 1580 vulnus

61 1599 168 1627 tardat
193 1603 329 1627 euntem.
358 1613 395 1617 ——-
424 1593 492 1626 alis
510 1594 665 1636 adlapsa
683 1601 715 1625 ut
736 1595 766 1634 9,
782 1596 862 1626 578.

109 1653 185 1683 320.
214 1652 386 1684 Incertum
413 1656 473 1683 etc.
517 1655 684 1683 Iuturnam
706 1662 860 1683 caussam

64 1701 184 1737 fuisse.
226 1706 260 1730 ut
299 1701 419 1737 sagitta
458 1701 490 1728 in
529 1701 676 1729 Aeneam
713 1700 859 1735 ferretur,

64 1747 172 1777 sciunt
211 1748 256 1776 dii
281 1755 314 1776 v.
346 1745 423 1775 ⁸15.
467 1747 528 1775 Sed
561 1755 662 1781 neque
690 1746 720 1774 id
751 1750 859 1774 notum

64 1798 131 1822 erat
155 1793 325 1830 Troianis,
365 1800 424 1821 nec
461 1800 482 1820 a
514 1800 574 1827 quo
606 1792 733 1820 homine
757 1792 860 1820 missa

66 1843 162 1868 esset

110 1883 185 1914 321.
214 1890 359 1912 casusne
383 1879 512 1911 deusne
534 1882 572 1912 cf.
601 1880 630 1919 1,
656 1881 732 1912 308.

111 1940 187 1970 322.
214 1941 359 1977 Insignis
382 1940 458 1970 facti
483 1949 660 1976 suppressa
687 1946 733 1971 est
758 1942 861 1976 gloria

64 1989 205 2018 silentio.

85 2066 151 2099 324
168 2083 211 2087 ——
229 2064 306 2097 352.
354 2065 497 2096 Turnus
525 2068 558 2096 et
595 2064 671 2106 ipse
698 2063 838 2097 foedere

266 2115 370 2152 rupto
395 2110 430 2142 in
456 2120 549 2142 arma
576 2111 656 2144 ruit.

111 2167 188 2200 324.
214 2171 363 2208 Turnus,
394 2175 513 2200 remoto
535 2171 650 2200 Aenea
671 2175 699 2200 et
724 2170 862 2199 turbatis

64 2225 106 2247 ex
131 2218 202 2246 eius
225 2219 363 2246 vulnere
386 2217 597 2246 Troianorum
620 2217 765 2251 ducibus,
797 2221 862 2246 tam

65 2263 249 2293 vehementi
272 2263 305 2291 in
327 2266 435 2292 hostes
464 2263 562 2292 fertur
583 2264 714 2299 impetu,
740 2267 772 2291 ut
788 2263 862 2297 ipsa

65 2309 230 2339 celeritate
254 2317 367 2339 omnes
392 2311 566 2345 proturbet.
611 2311 671 2338 Sed
697 2309 863 2344 probabile

66 2359 115 2384 est
143 2356 240 2383 talem
258 2364 320 2385 non
352 2363 448 2391 posse
484 2356 539 2384 diu
560 2356 671 2393 vigere
696 2356 861 2392 pugnandi

67 2402 226 2431 ardorem.

112 2445 188 2475 325.
217 2454 276 2486 spe
296 2443 472 2484 fervidus.
518 2447 564 2476 Cf.
592 2449 686 2482 Soph.
713 2448 768 2477 Ai.
795 2445 859 2476 478

67 2484 165 2527 ὅστις
213 2490 373 2521 κεναῖσιν
427 2485 561 2522 ἐλπίσιν
613 2489 861 2531 θερμαίνεται,

67 2540 224 2573 Sperabat
247 2542 352 2567 autem
377 2539 523 2567 Aeneam
546 2540 682 2568 vulnere
707 2545 761 2569 aut
797 2544 864 2568 sta-

65 2584 123 2613 tim
147 2584 323 2618 periturum
345 2592 430 2621 esse,
455 2588 511 2613 aut
541 2585 596 2614 diu
620 2592 640 2614 a
665 2588 786 2621 proelio
804 2586 865 2615 im-

67 2630 211 2666 peditum
233 2629 285 2658 iri.

112 2674 188 2704 327.
216 2673 375 2703 manibus
395 2672 538 2704 molitur
558 2672 724 2706 habenas.
759 2678 865 2706 Tanta

66 2726 116 2752 est
137 2721 296 2751 alacritas
322 2721 441 2758 Turni,
481 2725 515 2750 ut
551 2726 581 2750 et
612 2724 801 2760 pugnatoris
835 2727 865 2752 et

67 2769 202 2805 aurigae
227 2767 327 2796 simul
352 2766 457 2796 officia
484 2772 645 2801 capessat.
687 2771 774 2798 Male
797 2771 865 2799 cul-

67 2819 165 2850 patus
188 2817 237 2842 est
266 2817 369 2849 poeta,
402 2813 485 2847 quod
503 2813 555 2842 hic
580 2821 697 2843 versus
720 2823 740 2844 a
766 2823 867 2845 versu

69 2859 134 2888 469
166 2862 354 2896 abhorreat,
392 2859 447 2888 ubi
481 2858 636 2887 Metiscus
675 2862 792 2897 auriga
832 2862 864 2889 in

70 2914 167 2936 curru
192 2913 267 2935 esse
291 2906 419 2935 dicitur.
455 2905 535 2933 Tam
560 2904 613 2932 sui
635 2905 800 2936 immemor
818 2911 868 2936 est

21 2972 24 2975 ψ
69 2960 110 2981 ne
134 2952 435 2989 negligentissimus
456 2950 583 2985 quidem
601 2951 747 2986 scriptor.
785 2953 866 2987 Quid

71 2998 176 3036 enim,
224 3005 339 3028 currus
371 3000 400 3026 et
429 2996 503 3032 equi
531 2995 586 3025 ubi
609 2999 722 3027 erant?
760 3006 867 3028 nonne

908 1347 1050 1376 mandati
1076 1354 1174 1375 curae
1196 1345 1342 1374 Metisci?
1373 1345 1533 1378 Quomodo
1553 1344 1592 1372 is.
1619 1344 1706 1379 regis

909 1394 1040 1427 auriga,
1083 1393 1127 1420 ita
1161 1391 1279 1420 oblitus
1320 1395 1405 1418 esset
1439 1389 1535 1418 officii
1567 1390 1636 1422 sui,
1673 1395 1705 1417 ut

907 1447 1007 1473 equos
1039 1438 1244 1471 relinqueret,
1280 1440 1309 1464 et
1351 1443 1458 1464 errare
1490 1436 1610 1464 sineret
1644 1443 1705 1470 quo

909 1486 1052 1513 vellent?
1103 1485 1171 1512 ‚Non
1198 1482 1325 1517 putavit
1363 1486 1456 1516 poeta
1496 1489 1577 1516 opus
1622 1489 1705 1517 esse,

909 1535 942 1559 ut
973 1534 1131 1563 moneret,
1172 1530 1254 1563 quod
1280 1528 1392 1563 quivis
1421 1528 1575 1562 equarius
1598 1527 1704 1556 sciret.

909 1577 1000 1605 Unde
1034 1576 1144 1604 babuit
1174 1583 1284 1604 ensem
1310 1574 1436 1603 Metisci
1461 1582 1493 1602 v.
1517 1571 1601 1608 737,
1642 1573 1707 1602 nisi

909 1627 975 1652 erat
1001 1622 1158 1651 Metiscus
1189 1621 1222 1649 in
1248 1621 1332 1657 bigis
1356 1620 1477 1649 Turni?
1524 1620 1642 1648 Desilit
1667 1620 1706 1648 de

907 1677 1002 1698 curru
1020 1676 1079 1697 suo
1099 1668 1228 1696 'l'urnus
1248 1675 1280 1695 v.
1301 1666 1378 1700 355,
1400 1667 1483 1701 quod
1505 1674 1567 1694 non
1582 1669 1706 1700 poterat

907 1715 1025 1747 facere,
1049 1714 1114 1742 nisi
1140 1713 1227 1741 alius
1250 1721 1349 1747 equos
1370 1721 1424 1747 per
1449 1713 1480 1740 id
1505 1715 1629 1746 tempus
1651 1720 1705 1741 co-

907 1762 1045 1789 hibebat.
1066 1775 1110 1779 —
1137 1756 1262 1787 emicat
1287 1758 1326 1787 cf.
1353 1757 1384 1793 5,
1412 1756 1488 1786 319.

954 1828 1028 1857 33⁰.
1056 1830 1180 1867 raptas
1201 1825 1340 1861 hastas,
1378 1827 1523 1856 celeriter
1546 1831 1706 1861 arreptas.

908 1878 1017 1910 Neque
1050 1875 1186 1903 otiosum
1213 1878 1278 1903 est:
1326 1874 1445 1902 indicat
1485 1873 1569 1901 enim
1608 1881 1705 1907 quum

910 1922 1008 1950 simul
1030 1930 1128 1956 equos
1155 1921 1301 1949 flecteret.
1327 1920 1424 1948 simul
1445 1922 1557 1948 hastas
1576 1919 1705 1955 iaceret,

909 1975 1037 1996 summa
1062 1967 1226 1996 celeritate
1254 1965 1358 1994 fuisse
1383 1974 1474 2000 opus.
1498 1974 1580 2000 quae
1595 1968 1707 1994 subest

909 2016 1007 2043 verbo
1045 2020 1179 2051 rapere.
1225 2011 1279 2040 Sic
1316 2019 1440 2050 rapere
1470 2008 1593 2040 hastas
1626 2012 1706 2041 alibi

909 2060 947 2089 cf.
977 2057 1028 2096 11,
1057 2057 1133 2086 651.
1179 2054 1229 2087 ΡΙ.
1255 2058 1336 2087 coni.
1361 2054 1521 2095 rapidas.

956 2125 1032 2156 331.
1061 2130 1193 2156 Sunnna
1217 2128 1293 2155 laus
1324 2131 1352 2154 et
1377 2126 1567 2154 terribilitas
1593 2127 1706 2164 Turni,

909 2174 964 2209 qni
994 2182 1066 2203 cum
1098 2176 1202 2202 Marte
1233 2177 1442 2207 comparetur.
1486 2187 1530 2192 —
1579 2174 1706 2202 Hebrus

908 2220 1067 2249 Thraciae
1083 2220 1201 2248 fluvius
1222 2219 1261 2248 cf.
1281 2216 1309 2255 1,
1328 2216 1405 2245 317.
1428 2234 1472 2237 —
1493 2220 1582 2246 Mars
1596 2224 1704 2248 autem

908 2266 1069 2302 imprituis
1091 2266 1125 2294 in
1150 2265 1289 2295 Thracia
1314 2266 1420 2294 cultus
1445 2264 1484 2293 ef.
1513 2263 1543 2298 3,
1571 2263 1623 2294 35.

955 2334 1030 2364 332.
1058 2332 1288 2375 sanguineus,
1309 2325 1521 2372 αὶμοχαρής,
1541 2334 1586 2362 ita
1608 2330 1706 2363 Mars

908 2379 1128 2419 sanguineus
1185 2383 1244 2410 ΟΥ.
1290 2380 1361 2408 RA.
1416 2375 1488 2407 153.
1569 2381 1705 2414 Propria

907 2432 1012 2456 tamen
1040 2428 1093 2456 vis
1115 2431 1179 2456 est:
1221 2426 1381 2462 sanguine
1405 2427 1557 2461 pollutus
1582 2441 1624 2445 —
1650 2423 1703 2454 in-

908 2475 1027 2513 crepat
1074 2474 1141 2511 Pyb
1185 2474 1274 2501 Serv.
1313 2481 1374 2500 rec.
1422 2469 1480 2500 Hb.
1511 2469 1593 2508 Wg.
1647 2469 1704 2500 1η-

910 2527 1053 2561 crgpure
1077 2523 1125 2548 est
1148 2519 1266 2554 clipeo,
1299 2518 1406 2554 gladio
1436 2519 1488 2546 vel
1514 2520 1608 2546 hasta
1629 2526 1703 2547 con-

911 2573 1011 2595 cussa
1025 2566 1154 2601 signum
1169 2566 1245 2593 dare
1259 2564 1373 2599 proelii
1385 2564 1534 2598 ineundi;
1560 2565 1701 2598 crepitus

912 2616 1018 2641 autem
1042 2612 1140 2640 etiam
1171 2610 1251 2639 alibi
1282 2610 1420 2638 sonitum
1456 2610 1562 2645 signat
1594 2617 1701 2639 armo-

908 2666 989 2687 rum.
1019 2654 1215 2685 —intonat
1239 2657 1302 2684 MR
1330 2664 1392 2684 rec.
1422 2651 1507 2689 Ld.‚·
1540 2660 1569 2684 et
1590 2656 1620 2684 id
1647 2658 1703 2685 bo-

910 2712 997 2739 num,
1025 2710 1219 2737 quamquam
1244 2704 1303 2731 hoc
1327 2698 1369 2730 ad
1398 2709 1510 2730 sonum
1531 2702 1702 2740 ingentem,

910 2749 991 2778 illud
1015 2749 1055 2777 ad
1077 2756 1204 2784 pugnae
1226 2747 1479 2776 exhortationem
1505 2748 1650 2783 pertinet.

956 2814 1034 2844 333.
1062 2812 1218 2844 immittit
1241 2823 1362 2854 equos,
1408 2816 1436 2844 si
1468 2819 1612 2845 habenas
1642 2817 1703 2846 im-

911 2862 1016 2891 mittit.
1041 2861 1096 2890 Sic
1113 2861 1144 2897 5,
1169 2858 1241 2890 146.
1272 2876 1309 2881 -
1338 2857 1394 2889 illi
1410 2866 1438 2891 et
1461 2869 1543 2897 quae
1560 2871 1702 2898 sequun-

912 2912 973 2942 tur,
999 2907 1228 2942 comparationi
1253 2907 1370 2936 iniecta
1388 2913 1461 2936 sunt
1488 2909 1528 2937 ad
1546 2909 1702 2939 maiorem

912 2956 1069 2986 ornatum.
1094 2957 1129 2982 ut
1155 2951 1184 2989 1,
1207 2950 1282 2989 499,
1321 2968 1360 2972 —
1396 2961 1546 2994 aequore
1569 2957 1701 2995 aperto,

914 3000 1014 3035 plano
1039 3005 1150 3034 campo
1176 2998 1215 3028 cf.
1243 2995 1273 3036 1,
1296 2995 1372 3028 394.
