2023 3350
263 184 341 222 102

823 181 860 212 P.
885 179 1083 212 VlRGlLll
1106 178 1314 213 MARONIS

259 295 395 344 Quum
437 293 539 334 mihi
575 307 634 343 sc,
673 305 756 333 non
794 293 895 333 ante
929 290 1062 333 oculis
1097 294 1187 333 tam
1224 293 1363 344 clara,
1402 292 1628 335 videndam

259 350 425 393 Obtulit
462 355 503 392 et
539 364 648 404 pura
681 363 758 403 per
793 352 962 390 noctem
996 349 1040 389 in
1075 349 1169 390 luce
1204 349 1372 392 refulsit

260 409 382 449 Alma
419 421 591 461 parens,
628 406 822 448 confessa
857 405 980 448 deam
1015 407 1237 460 qualisque
1275 407 1410 449 videri

260 465 483 507 Caelicolis
519 468 561 506 et
597 467 758 518 quanta
797 463 926 516 solet,
968 462 1206 518 dextraque
1239 465 1495 518 prehensum

260 522 479 564 Continuit
514 535 723 575 roseoque
761 520 868 562 haec
902 521 1074 575 insuper
1111 521 1279 563 addidit
1314 537 1409 564 ore:

258 579 388 631 Nate,
430 579 523 632 quis
560 578 790 620 indomitas
826 582 971 620 tantus
1006 578 1130 620 dolor
1168 580 1327 622 excitat
1358 580 1482 622 iras‘?

259 635 369 686 Quid
403 636 540 677 furis?
581 640 656 677 aut
690 649 875 690 quonam
913 636 1049 677 nostri
1083 636 1163 678 tibi
1199 651 1301 679 cura
1336 637 1543 679 recessit‘.>

1805 639 1886 698 595

259 694 355 735 Non
388 694 507 747 prius
546 693 776 747 adspicies,
820 693 893 735 ubi
931 693 1088 735 fessum
1125 698 1265 736 aetate
1297 699 1518 748 parentem

260 751 453 804 Liqueris
484 751 724 792 Anchisen?
763 754 932 805 superet
969 751 1202 793 coniunxne
1242 752 1400 794 Creusa

260 808 550 862 Ascaniusque
581 808 714 862 puer‘?
754 823 862 862 quos
898 822 1040 850 omnes
1074 809 1262 862 undique
1299 809 1455 850 Graiae

261 865 429 907 Circum
464 870 609 908 errant
644 866 772 918 acies,
814 869 875 917 et,
913 866 956 907 ni
989 879 1083 907 mea
1117 880 1219 908 cura
1253 867 1437 917 resistat,

258 923 350 964 Iam
382 922 578 965 fiammae
614 924 790 965 tulerint
825 923 1019 965 inimicus
1058 926 1100 965 et
1132 924 1323 965 hauserit
1362 924 1484 965 ensis.

1807 924 1890 963 600

258 980 356 1021 Non
395 980 475 1021 tibi
510 980 762 1035 Tyndaridis
800 980 930 1023 facies
970 981 1105 1022 invisa
1141 982 1361 1023 Lacaenae

261 1038 516 1092 Culpatusve
548 1038 685 1090 Paris,
725 1038 865 1080 divom
898 1039 1183 1090 inclementia,
1225 1038 1365 1080 divom

260 1095 350 1137 Has
385 1096 537 1137 evertit
576 1110 676 1149 opes
715 1096 950 1150 sternitque
989 1110 1015 1138 a
1056 1097 1236 1138 culmine
1276 1096 1457 1138 Troiam.

261 1153 443 1206 Adspice
479 1178 532 1183 —
568 1167 751 1208 namque
790 1167 974 1205 ornnem,
1016 1167 1125 1207 quae
1161 1167 1271 1195 nunc
1312 1153 1499 1196 obducta
1532 1151 1672 1194 tuenti

261 1280 300 1299 se
332 1276 479 1300 secutam
514 1279 591 1299 esse
620 1275 783 1306 raptorem
814 1274 1052 1309 comprobaret,

262 1318 400 1351 prodere
436 1317 598 1345 'rroianos
641 1321 671 1345 et
711 1318 932 1352 Deipliobum;
979 1322 1053 1352 post

263 1367 382 1391 autem⁴
409 1362 508 1397 primo
533 1362 641 1390 furore
668 1362 763 1397 finito,
791 1367 962 1398 postquam
984 1365 1056 1391 Me-

262 1410 391 1436 nelaum
427 1408 503 1436 vidit
534 1409 597 1436 alio
635 1408 741 1446 abire,
782 1409 906 1437 tristem
936 1409 1053 1437 Troiae

262 1461 377 1482 casum
417 1454 627 1488 conspiciens
666 1459 696 1482 et
731 1455 869 1483 sceleris
909 1454 1053 1489 conscia,

263 1500 347 1533 quod
361 1501 544 1528 Menelaum
560 1504 658 1527 antea
672 1499 879 1528 fraudaverat
895 1506 923 1529 et
936 1499 1053 1527 Troiae

263 1545 454 1573 intereuntis
476 1552 601 1573 caussa
625 1550 704 1581 erat,
729 1545 760 1574 in
790 1547 930 1574 obscuro
955 1545 1055 1573 anxia

263 1592 376 1619 latere.
425 1592 515 1625 Quae
536 1590 658 1619 timoris
677 1598 822 1619 caussae
838 1591 867 1620 si
887 1598 951 1619 non
972 1590 1055 1618 fnis-

262 1641 351 1671 sent,
386 1635 526 1664 feminae
552 1636 614 1664 iam
645 1636 819 1665 timendum
844 1640 913 1664 erat
938 1636 970 1664 in
998 1636 1054 1664 illo

260 1682 419 1710 incensae
444 1686 474 1709 et
500 1682 645 1716 direptae
669 1682 757 1710 urbis
781 1687 911 1710 terrore.
927 1682 1053 1710 —Ae-

262 1735 358 1756 neam
385 1733 492 1756 autem
518 1727 549 1755 in
568 1729 725 1756 Helenam
752 1732 921 1762 tantopere
944 1727 1053 1763 irasci,

264 1778 518 1801 consentaneum
543 1777 602 1801 est.
651 1774 849 1803 Laudandus
875 1777 941 1808 est,
967 1774 1051 1807 quod

262 1819 426 1853 oppressit
461 1818 641 1847 ulciscendi
672 1819 875 1855 cupidinem,
908 1826 973 1846 non
1002 1818 1052 1846 vi-

261 1866 462 1899 tuperandus
495 1865 578 1898 quod
609 1871 648 1892 ea
683 1865 800 1899 cupido
832 1864 967 1892 exstitit.
1007 1877 1052 1883 —

262 1910 297 1938 si
319 1915 426 1938 autem
450 1909 483 1937 ni
509 1917 627 1938 versus
649 1912 814 1946 tolluntur,
838 1909 892 1944 qui
915 1913 1051 1945 restant,

261 1964 327 1984 non
364 1958 559 1991 cohaeren13
602 1963 707 1989 neque
749 1952 826 1995 quis
863 1951 1053 1983 indomitus

262 2003 383 2030 tantus
408 1998 506 2029 dolor
539 1998 666 2030 excitat
699 1999 771 2029 iras
795 2001 834 2029 ad
861 2000 958 2029 aliam
984 2007 1052 2028 rem

264 2051 368 2081 potest
396 2046 523 2081 referri,
560 2053 653 2080 quarn
679 2047 719 2074 ad
749 2046 836 2075 illam
863 2047 900 2073 de
925 2047 1052 2074 Helena

263 2092 498 2125 narrationem3
524 2099 628 2126 neque
649 2093 760 2120 Venus
782 2091 991 2120 festinantem
1012 2092 1053 2119 ad

263 2138 400 2172 patriam
424 2138 550 2165 domum
578 2138 714 2166 Aenean
739 2142 772 2166 ut
799 2137 969 2165 festinaret
995 2138 1052 2164 ad-

262 2185 397 2211 hortans
426 2182 569 2211 efficeret
600 2183 704 2220 aliud,
740 2190 836 2217 quam
862 2187 894 2211 ut
920 2190 1053 2217 operam

263 2230 411 2263 perderet
437 2236 576 2262 eumque
609 2230 798 2257 retardaret.
847 2229 968 2258 Contra
994 2236 1053 2262 ap-

263 2275 410 2302 tissimus
442 2279 491 2302 est
522 2274 572 2302 liic
600 2274 738 2302 Veneris
766 2274 986 2307 interventus,
1024 2273 1055 2302 si

264 2327 384 2348 versus
412 2321 599 2348 retinentur.
655 2317 735 2348 Wcl.
768 2328 888 2348 versus
917 2327 937 2348 a
959 2319 1053 2354 Vglio

263 2366 466 2400 compositos
492 2366 664 2400 statimque
691 2366 816 2394 deletos
842 2369 931 2400 putat
956 2372 1054 2399 quum

262 2412 302 2439 iis
336 2412 481 2440 Aeneam
515 2419 579 2439 non
617 2411 784 2440 honestari
822 2411 1053 2445 intellexisset,

263 2458 371 2491 itaque
402 2457 496 2485 etiam
529 2464 549 2485 a
572 2458 683 2485 Tucca
712 2461 741 2484 et
768 2456 865 2485 Vario
897 2456 1053 2484 omissos.

270 2499 319 2530 Pl.
351 2503 436 2531 eiicit
463 2507 493 2530 et
516 2505 578 2531 hos
606 2507 636 2530 et
664 2510 693 2529 ν.
726 2500 935 2536 589-623ς
969 2501 1055 2529 eiicit

263 2552 293 2575 et
318 2545 374 2576 Gr.
400 2548 453 2582 qui
475 2550 625 2577 lacunam
650 2555 669 2576 a
691 2552 787 2582 poeta
806 2547 951 2575 relictam
975 2554 1054 2574 esse

265 2597 350 2627 putat
367 2595 541 2628 aliquando
559 2594 767 2629 explendam,
785 2600 921 2627 eamque
937 2596 1053 2627 postea

264 2641 303 2666 ab
328 2640 392 2667 alio
421 2648 483 2668 suo
505 2642 607 2668 Marte
633 2641 807 2673 expletam.

266 2715 469 2747 &sil-(334.
521 2717 640 2748 Venus
664 2714 818 2746 Aeneam
843 2713 985 2751 retinet,
1018 2717 1055 2744 ut

265 2760 339 2791 suis
367 2766 547 2793 succurrat
572 2761 744 2797 hortatum
781 2759 919 2790 Troiam
943 2767 959 2789 a
985 2757 1053 2790 diis

503 2806 610 2839 deleri
637 2809 815 2838 monstrat.

311 2864 386 2892 591.
420 2863 585 2902 Confessa
615 2863 733 2899 deam‚·
770 2863 810 2892 cf.
842 2861 907 2891 549
937 2869 965 2891 et
993 2865 1053 2892 Ov.

266 2913 308 2938 M.
340 2910 377 2945 3,
412 2910 422 2938 1
460 2908 542 2939 deus
572 2909 687 2949 posita
719 2906 864 2947 fallacis
898 2906 1055 2947 imagine

267 2952 363 2984 tauri
385 2963 418 2983 se
435 2954 609 2992 confessus
629 2958 712 2984 crat.
749 2954 799 2991 ll,
817 2952 884 2982 264
901 2951 1053 2982 exhibita

266 3002 316 3028 cst
345 2997 474 3029 Thetis.
529 2998 728 3037 Confessam
758 2997 977 3039 amplectitur
999 2996 1057 3028 lte-

265 3054 330 3074 νος.
378 3045 431 3085 12,
456 3044 519 3073 601
548 3043 670 3083 Apollo
691 3045 809 3079 fassus
835 3043 944 3080 deum,
971 3045 1054 3073 alios

267 3098 393 3126 poetas.
436 3106 476 3109 —
517 3088 630 3129 qualis
668 3093 697 3119 et
736 3093 867 3130 (planta
905 3090 944 3118 cf.
978 3089 1054 3119 772.

1101 1272 1162 1301 Dei
1202 1272 1286 1300 enim
1330 1273 1458 1306 quando
1496 1270 1682 1299 nominibus
1722 1274 1893 1308 apparent,

1101 1320 1207 1347 solent
1233 1317 1373 1346 hominis
1400 1317 1535 1345 formam
1562 1323 1733 1345 assumere
1764 1321 1792 1344 et
1818 1318 1894 1344 bre-

1100 1364 1232 1392 vitatem
1259 1363 1299 1392 cf.
1331 1362 1363 1399 l,
1389 1362 1465 1391 315.
1495 1377 1540 1381 ——
1564 1359 1705 1397 dextra,
1737 1369 1802 1396 qua
1826 1364 1894 1391 He-

1100 1411 1206 1437 lenam
1233 1413 1301 1437 erat
1327 1408 1511 1437 occisurus.

1146 1453 1222 1483 593.
1250 1451 1347 1483 Haec
1372 1451 1512 1493 insuper
1536 1449 1676 1481 addidit
1701 1460 1776 1489 ore,
1803 1453 1895 1482 addi-

1100 1501 1142 1529 dit
1169 1500 1254 1528 dicta
1277 1500 1336 1535 iis,
1361 1506 1445 1534 quae
1467 1499 1561 1534 facit;
1596 1498 1616 1526 i.
1642 1506 1670 1526 e.
1695 1499 1836 1527 continet
1862 1503 1892 1527 et

1100 1551 1269 1581 praeterea
1296 1545 1381 1573 dicit.
1431 1544 1479 1573 Cf.
1512 1544 1569 1581 ll,
1603 1543 1647 1572 95
1678 1542 1831 1574 substitit
1862 1547 1893 1573 et

1100 1589 1234 1632 gemitu
1259 1587 1343 1620 haec
1371 1587 1510 1619 addidit
1540 1587 1631 1619 alto.-
1662 1610 1689 1618 ..
1740 1588 1802 1626 12,
1827 1589 1894 1618 358

1105 1635 1303 1666 Μυετοηονη
1329 1657 1356 1665 ..
1387 1633 1522 1675 tinguit
1555 1637 1659 1674 atque
1688 1631 1772 1664 haec
1796 1632 1894 1664 insu—

1099 1690 1161 1723 per
1186 1679 1309 1717 addit,·
1335 1686 1516 1716 sequuntur
1540 1682 1642 1709 verba
1665 1683 1705 1709 ab
1732 1689 1771 1709 eo
1795 1681 1893 1711 dicta.

1144 1726 1221 1757 594.
1252 1724 1337 1765 Quis
1357 1724 1546 1755 indomitas
1568 1727 1688 1756 tantus
1711 1723 1810 1755 dolor
1835 1735 1893 1756 ea·-

1099 1770 1183 1804 citat
1209 1772 1250 1801 cf.
1276 1771 1314 1809 6,
1337 1772 1415 1801 561.

1144 1818 1220 1848 595.
1250 1815 1363 1854 Furis,
1389 1825 1461 1846 narn
1489 1817 1578 1845 furor
1601 1821 1670 1854 est,
1694 1817 1800 1846 virum
1823 1817 1892 1846 for-

1099 1869 1161 1892 tem
1180 1872 1276 1892 ruere
1294 1864 1326 1892 in
1345 1863 1492 1891 mulieris
1508 1863 1681 1891 interitum.
1695 1877 1740 1882 —
1761 1859 1892 1899 Nostri,

1099 1917 1173 1939 nam
1205 1910 1234 1939 si
1256 1909 1392 1938 Ascanii
1425 1912 1456 1936 et
1484 1908 1652 1936 Anchisae
1686 1916 1797 1937 curam
1826 1917 1892 1938 non

1098 1958 1213 1992 nabet,
1250 1963 1313 1983 non
1338 1957 1434 1983 habet
1462 1954 1621 1991 Veneris,
1661 1954 1714 1982 cui
1746 1955 1793 1983 illi
1824 1955 1893 1984 cari

1099 2006 1185 2031 sunt.
1235 2000 1281 2030 Cf.
1312 1999 1342 2037 l,
1366 1999 1443 2028 251.

1144 2045 1221 2074 596.
1253 2043 1329 2075 Non
1356 2052 1430 2074 cum
1462 2044 1569 2073 futuro
1598 2052 1654 2079 pro
1679 2052 1809 2081 nonne,
1841 2050 1890 2075 est

1100 2092 1218 2121 acriter
1240 2091 1428 2126 quaerentis
1453 2096 1483 2119 et
1505 2090 1600 2125 quasi
1625 2091 1828 2120 exhortantis
1849 2091 1890 2120 cf.

1100 2139 1166 2167 Cic.
1193 2140 1280 2166 Fam.
1313 2136 1351 2172 5,
1387 2135 1428 2165 14
1463 2134 1513 2165 'Fu
1544 2133 1638 2165 solus
1667 2138 1791 2175 aperta
1821 2145 1891 2165 non

1100 2181 1248 2220 videbis,
1287 2180 1346 2222 qui
1380 2183 1521 2222 propter
1554 2189 1697 2210 acumen
1731 2179 1891 2210 occultis-

1100 2227 1188 2258 sima
1221 2223 1416 2268 perspicis?
1463 2229 1499 2255 tn
1535 2235 1602 2255 non
1641 2223 1820 2266 intelliges
1860 2229 1892 2256 te

1101 2271 1248 2315 querelis
1271 2269 1486 2314 quotidianis
1507 2269 1595 2300 nihil
1618 2268 1809 2311 proficere?
1829 2278 1890 2302 etc.

1100 2337 1144 2340 —
1177 2318 1231 2349 Du
1257 2316 1351 2348 wirst
1372 2315 1466 2347 nicht
1487 2313 1664 2345 zuselzen?
1704 2315 1892 2358 Adspicere

1101 2375 1139 2395 eo
1172 2365 1331 2400 consilio,
1368 2368 1400 2393 ut
1430 2370 1689 2399 cognoscamus,
1728 2366 1889 2398 quomodo

1101 2420 1138 2441 se
1176 2419 1230 2439 res
1265 2410 1374 2443 aliqua
1407 2411 1540 2444 italie-at,
1585 2416 1781 2443 quamquam
1814 2417 1889 2439 raro

1100 2457 1216 2491 legitur
1250 2457 1346 2484 etiam
1379 2462 1431 2489 ap.
1466 2455 1567 2491 alios,
1600 2459 1631 2482 ut
1656 2455 1728 2484 Liv.
1752 2453 1814 2491 42,
1846 2454 1890 2483 37

1100 2502 1218 2538 legati,
1251 2501 1305 2535 qui
1339 2502 1379 2528 de
1412 2500 1571 2529 Graeciae
1604 2504 1689 2529 statu
1722 2500 1890 2536 referrent,

1102 2544 1281 2576 Boeotiam
1315 2548 1345 2575 et
1379 2543 1558 2574 Euboeam
1593 2542 1773 2585 adspicere
1806 2546 1891 2576 iussi

1101 2597 1186 2622 sunt.
1235 2591 1283 2621 Cf.
1308 2590 1368 2627 26,
1393 2590 1447 2619 51.
1494 2590 1555 2626 39,
1578 2589 1622 2619 48
1645 2593 1687 2619 al.

1146 2638 1222 2666 597.
1252 2636 1421 2676 Superat,
1446 2637 1475 2665 in
1503 2636 1590 2664 vivis
1611 2641 1662 2665 est
1685 2637 1725 2666 cf.
1749 2636 1787 2674 3,
1811 2635 1889 2666 339.

1100 2700 1142 2703 -—
1170 2681 1337 2712 coniurare
1364 2682 1404 2711 cf.
1434 2681 1494 2716 12,
1515 2680 1591 2710 904.

1145 2728 1222 2758 599.
1249 2726 1373 2757 circum
1397 2729 1526 2763 errant,
1546 2724 1827 2756 umschwdrmen.
1846 2743 1891 2748 --

1101 2772 1239 2804 resistat
1269 2790 1313 2793 —
1348 2770 1515 2802 Tulerint.
1575 2774 1623 2801 De
1654 2773 1748 2802 modo
1781 2772 1822 2801 cf.
1860 2772 1889 2811 l,

1099 2820 1154 2849 59.
1178 2836 1221 2839 —-
1247 2816 1408 2856 tulerint,
1434 2819 1640 2854 abstulerint,
1670 2817 1711 2846 cf.
1738 2816 1816 2847 554.

1145 2866 1221 2894 600.
1249 2873 1333 2904 qnos
1358 2861 1513 2893 hauserit
1537 2861 1626 2892 ensis
1647 2863 1687 2891 cf.
1716 2862 1772 2899 10,
1796 2862 1873 2892 314.

1146 2910 1221 2939 601.
1247 2913 1316 2939 Non
1352 2917 1435 2944 quae
1463 2909 1519 2937 tibi
1545 2909 1653 2937 invisa
1677 2913 1727 2937 est
1751 2911 1888 2945 Helena,

1101 2965 1160 2984 nec
1196 2956 1249 2990 qui
1283 2956 1422 2984 omnium
1447 2957 1603 2983 malorum
1631 2956 1729 2989 culpa
1753 2957 1889 2983 habetur

1102 3002 1194 3030 Paris
1224 3001 1341 3030 Troiae
1378 3003 1575 3035 paraverunt
1610 2999 1788 3037 interitum,
1828 3001 1888 3029 sed

1101 3048 1234 3075 deorum
1260 3046 1476 3074 inclementia.

1146 3091 1222 3121 604.
1249 3092 1344 3120 Acuit
1362 3093 1473 3120 venus
1491 3091 1644 3119 mortales
1659 3091 1794 3119 Aeneae
1809 3097 1889 3119 ocu-

2015 1830 2018 1892 ,42
2015 1793 2017 1820 -
2016 1774 2017 1787 ⁴
2011 1009 2023 1766 -——-———————--*-———-—-——-
