2023 3350
718 117 951 150 AENEIDOS
978 120 1063 153 LIB.
1092 120 1165 152 xli.

137 230 359 275 Mnesthea
394 230 724 283 Sergestumque
762 235 886 272 vocat
926 232 1163 285 fortemque
1202 235 1417 275 Serestum

135 288 369 337 Ductores,
404 286 699 339 tumulumque
739 289 874 341 capit,
913 303 996 343 quo
1031 293 1172 330 cetera
1210 290 1415 333 Teucrum

138 346 364 386 Concurrit
399 344 530 397 legio,
565 358 642 385 nec
682 348 806 386 scuta
841 349 917 387 aut
950 347 1114 399 spicula
1153 346 1270 387 densi

136 403 376 456 Deponunt.
437 401 556 442 Celso
596 401 758 443 medius
793 407 911 445 stans
948 417 1104 456 aggere
1140 403 1277 444 fatur:

135 460 198 501 Ne
236 474 321 513 qua
358 457 461 499 meis
496 461 587 499 esto
631 458 757 501 dictis
796 475 933 512 inora3
977 460 1170 514 Iuppiter
1206 460 1286 501 hac
1322 465 1431 513 stat,

136 518 229 558 Neu
267 516 360 569 quis
399 514 452 555 ob
496 515 711 569 inceptum
746 518 934 559 subitum
974 517 1079 558 mihi
1118 517 1290 570 segnior
1326 518 1399 559 ito.

1685 122 1765 160 615

1682 467 1762 506 565

136 574 293 616 Urbem
327 571 474 622 hodie,
517 587 710 615 caussam
747 575 867 627 belli,
904 589 1036 628 regna
1072 575 1166 627 ipsa
1200 574 1355 626 Latini,

133 631 187 672 Ni
226 630 392 670 frenum
427 630 621 683 accipere
664 635 706 673 et
744 633 844 673 victi
884 645 1035 686 parere
1068 631 1268 682 fatentur,

133 688 292 729 Eruam
331 690 374 728 et
411 701 548 741 aequa
587 689 678 730 solo
713 689 921 731 fumantia
956 689 1140 730 culmina
1176 702 1343 741 ponam.

134 745 304 786 Scilicet
340 749 602 798 exspectem,
638 747 771 788 libeat
809 747 908 788 dum
948 746 1114 800 proelia
1149 746 1291 787 Turno
1680 753 1762 790 570

133 803 291 844 Nostra
326 803 434 855 pati,
474 818 705 858 rursusque
740 805 841 846 velit
877 817 1129 845 concurrere
1163 804 1332 844 victus?

133 859 227 901 Hoc
263 864 410 914 caput,
448 874 471 901 o
509 861 637 913 cives,
676 862 780 903 haec
814 862 915 903 belli
948 875 1111 902 summa
1145 861 1329 902 nefandi.

131 918 257 959 Ferte
291 917 406 959 faces
442 932 640 972 propere,
682 920 916 973 foedusque
950 919 1162 973 reposcite
1195 918 1387 960 fiammis.

131 975 331 1025 Dixerat,
369 979 499 1028 atque
538 977 688 1019 animis
717 978 881 1031 pariter
917 977 1180 1018 certantibus
1222 990 1365 1018 omnes

131 1033 247 1074 Dant
280 1047 477 1084 cuneum,
516 1033 730 1088 densaque
761 1034 816 1077 ad
849 1048 992 1076 muros
1029 1034 1141 1075 mole
1175 1034 1380 1076 feruntur.
1679 1034 1760 1074 575

135 1090 286 1132 Scalae
321 1090 571 1144 improviso,
610 1092 861 1147 subitusque
897 1091 1100 1146 adparuit
1136 1092 1257 1145 ignis.

132 1148 390 1189 Discurrunt
423 1148 498 1190 alii
534 1148 589 1190 ad
626 1154 774 1203 portas
809 1150 1054 1203 primosque
1096 1149 1326 1199 trucidant,

132 1206 310 1247 Ferrum
345 1205 420 1246 alii
457 1209 680 1260 torquent,
716 1211 758 1249 et
792 1208 1049 1249 obumbrant
1088 1206 1264 1248 aethera
1294 1206 1401 1247 telis.

132 1264 228 1317 Ipse
265 1263 378 1304 inter
412 1264 574 1317 primos
612 1265 808 1307 dextram
845 1265 924 1306 sub
959 1265 1128 1306 moenia
1166 1265 1305 1306 tendit

132 1322 316 1372 Aeneas,
353 1335 594 1376 magnaque
623 1323 792 1364 incusat
824 1336 926 1364 voce
965 1322 1174 1373 Latinum,
1678 1321 1761 1360 580

131 1379 416 1432 Testaturque
454 1379 553 1421 deos
593 1380 749 1422 iterum
787 1394 832 1421 se
859 1380 915 1421 ad
953 1379 1118 1433 proelia
1157 1378 1264 1432 cogi,

130 1437 204 1478 Bis
239 1436 325 1477 iam
360 1436 494 1478 Italos
529 1436 695 1489 hostes,
735 1437 841 1479 haec
879 1437 1017 1478 altera
1049 1436 1224 1478 foedera
1262 1434 1412 1488 rumpi.

132 1494 336 1535 Exoritur
365 1494 556 1547 trepidos
586 1495 698 1536 inter
735 1494 951 1535 discordia
984 1495 1115 1535 cives:

132 1551 291 1593 Urbem
329 1551 403 1592 alii
437 1565 628 1593 reserare
660 1552 810 1593 iubent
842 1555 884 1593 et
916 1552 1102 1605 pandere
1136 1553 1286 1605 portas

130 1608 392 1651 Dardanidis
427 1610 651 1664 ipsumque
683 1609 861 1652 trahunt
900 1609 944 1651 in
983 1610 1152 1652 moenia
1189 1620 1351 1661 regem3
1447 1638 1455 1646 .
1676 1606 1757 1644 585

179 1782 255 1814 561.
278 1786 365 1814 Idem
389 1793 505 1814 versus
528 1782 559 1823 4,
581 1783 656 1814 288.

179 1840 257 1871 563.
285 1844 387 1871 Medio
420 1843 452 1871 in
483 1843 598 1878 proelii
634 1843 775 1877 periculo
804 1846 835 1871 et
865 1850 924 1877 pu-

135 1888 255 1924 gnandi
286 1889 458 1923 cupiditate
490 1891 601 1917 nolunt
635 1895 726 1917 arma
757 1889 923 1924 deponere,

136 1935 211 1962 duni
252 1934 424 1968 imperator
464 1935 648 1969 alloquitur.
698 1934 797 1963 Densi
838 1937 923 1962 stant

135 1980 245 2008 ordine
287 1980 449 2016 dispositi,
490 1985 523 2009 ut
560 1980 699 2008 Romani
734 1980 853 2008 milites
891 1979 924 2007 in

134 2026 290 2055 contione.
324 2042 362 2046 -—
403 2026 515 2063 „Nihil
542 2027 582 2054 ad
606 2034 672 2054 rem
696 2025 800 2055 facere
816 2024 924 2054 v.56:3

133 2079 181 2105 sq.
207 2069 504 2111 uec—deponunt
538 2072 706 2100 adnotavit
739 2069 834 2111 Wg„
870 2072 925 2099 sed

135 2118 217 2146 idem
249 2118 354 2146 studio
388 2122 498 2153 poetae
524 2118 671 2146 instituta
702 2119 848 2146 Romana
884 2125 925 2145 ex

134 2163 355 2197 antiquissimi
394 2164 470 2193 aevi
509 2163 738 2193 consuetudine
766 2163 926 2198 repetendi

135 2209 218 2238 satis
251 2216 424 2239 excusans.
473 2210 565 2238 Unus
596 2218 637 2238 ex
674 2210 796 2237 duobus
821 2209 927 2238 versi-

136 2255 220 2284 culis
245 2256 306 2292 fiat,
343 2256 373 2284 si
404 2258 610 2286 contrahatur
636 2257 690 2283 vel
719 2255 785 2284 sic:
839 2252 927 2284 Con-

134 2299 243 2330 currit
268 2299 378 2341 legio,
417 2299 506 2330 celso
535 2303 632 2330 stans
659 2308 795 2341 aggere
816 2298 927 2335 fatur,

134 2347 190 2376 vel
223 2348 272 2377 sic
298 2345 334 2376 C.
367 2344 387 2375 l.
413 2344 548 2376 medius
577 2348 617 2375 st.
650 2355 682 2375 a.
706 2345 765 2384 f.·‘
805 2343 869 2374 Πὸ.
900 2344 926 2383 t,

136 2401 165 2428 p.
193 2389 247 2422 87.
295 2393 420 2430 Dubius
448 2393 546 2429 igitur
573 2400 611 2422 ac
635 2396 749 2421 cautus
780 2396 925 2421 neutram

138 2438 354 2468 coniecturam
379 2439 412 2467 in
435 2443 557 2468 textum
580 2439 697 2467 intulit.

182 2494 258 2524 565.
285 2492 441 2535 Iuppiter
460 2493 524 2524 hac
550 2497 619 2525 slat
645 2504 691 2525 sc.
707 2500 806 2532 parte,
826 2503 846 2524 a
869 2504 925 2523 no-

139 2541 190 2570 bis
215 2546 324 2570 contra
351 2542 497 2573 Latinos.
519 2542 572 2577 qui
600 2541 711 2570 foedus
727 2543 901 2570 laeserunt.

185 2596 261 2626 566.
283 2600 329 2627 Ne
352 2599 435 2636 quis,
460 2601 542 2633 quod
565 2601 629 2627 tale
654 2600 837 2627 mandatum
863 2607 927 2626 non

138 2645 192 2673 diu
217 2644 428 2673 deliberatum
451 2649 515 2682 est,
552 2645 659 2673 minus
688 2645 731 2673 sit
763 2649 928 2680 promptus

138 2692 180 2720 ad
204 2691 454 2725 exsequendum.

184 2746 261 2776 567.
297 2744 383 2776 Urbs
407 2750 457 2775 est
480 2753 600 2776 caussa
631 2747 724 2783 belli,
767 2749 850 2782 quod
887 2749 927 2775 ab

138 2795 211 2824 eius
237 2793 353 2823 incolis
375 2796 494 2821 motum
518 2795 576 2819 est.

185 2838 262 2868 568.
297 2835 386 2867 Victi
410 2839 450 2866 ad
473 2837 606 2866 Latinos
628 2838 772 2873 pertinet,
792 2846 855 2866 non
880 2841 929 2866 est.

140 2894 196 2922 per
225 2884 467 2922 grammaticam
497 2883 696 2912 referendum
730 2884 770 2911 ad
801 2881 929 2912 urbem.

140 2946 182 2952 —
205 2929 243 2961 ni
266 2930 432 2970 fatentur
461 2945 504 2948 —-
532 2936 662 2957 ernam.
713 2930 874 2957 Praesens
897 2929 930 2957 in

141 2977 387 3008 comminatione
418 2975 457 3005 cf.
489 2974 563 3003 Liv.
594 2972 625 3011 6,
659 2971 699 3001 15
736 2970 835 3010 Quod
862 2971 933 3003 nisi

135 3021 251 3062 facis,
288 3021 324 3052 in
365 3018 509 3051 vincula
550 3022 583 3050 te
613 3017 695 3049 (luci
726 3016 858 3049 iubebo.
891 3034 935 3040 —

968 1780 1141 1819 „Frenum
1184 1783 1343 1820 singulari
1373 1789 1505 1810 numero
1539 1786 1611 1808 raro
1644 1781 1759 1807 lectum

967 1829 1048 1859 est.⁴⁴
1074 1831 1104 1858 S.
1131 1829 1164 1857 in
1190 1831 1267 1864 alqt.
1315 1827 1362 1857 Cf.
1388 1829 1440 1856 Gr.
1467 1826 1499 1861 §.
1531 1822 1605 1853 104.

1012 1884 1088 1914 569.
1119 1894 1231 1925 aequa
1256 1893 1383 1924 ponam
1411 1885 1431 1913 i.
1457 1893 1485 1912 e.
1510 1884 1578 1911 solo
1602 1882 1756 1915 aequabo.

971 1948 1007 1952 ——
1048 1929 1201 1960 culmina
1223 1927 1408 1970 fumantia
1439 1930 1459 1958 i.
1486 1938 1512 1958 e.
1537 1928 1704 1957 incendam
1729 1929 1759 1954 et

968 1980 1141 2007 destruam.

1014 2033 1089 2063 572.
1115 2031 1178 2064 hoc
1201 2037 1323 2075 caput,
1348 2034 1387 2064 cf.
1414 2030 1489 2060 600.

1013 2090 1089 2120 573.
1115 2093 1187 2128 Igni
1209 2093 1301 2121 illato
1325 2091 1428 2127 cogite
1450 2091 1490 2118 ad
1510 2089 1621 2118 foedus
1643 2088 1757 2115 iterum

968 2139 1151 2167 ineundum.

1014 2182 1090 2213 575.
1123 2181 1216 2212 Dant
1241 2190 1398 2217 cuneum,
1420 2181 1553 2216 faciunt,
1579 2179 1618 2208 cf.
1637 2175 1756 2215 2,698.

968 2230 1113 2264 ..quoties
1158 2229 1190 2257 in
1224 2228 1470 2257 similitudinem
1505 2225 1599 2255 cunei
1639 2224 1759 2253 milites

969 2274 1213 2311 disponunturf'*
1241 2277 1271 2302 S.
1299 2274 1345 2303 Cf.
1364 2270 1439 2301 457.
1466 2288 1509 2291 —
1533 2268 1640 2300 densa
1659 2265 1759 2305 mole,

969 2319 1004 2350 ἰη
1031 2318 1167 2349 dichten
1197 2318 1350 2349 Massen.

1015 2376 1089 2406 577.
1121 2375 1263 2417 primos,
1289 2377 1343 2412 qui
1369 2378 1529 2406 excubant
1554 2374 1702 2403 custodes
1718 2373 1759 2400 ad

969 2428 1077 2460 portas
1101 2424 1139 2453 cf.
1166 2421 1197 2458 2,
1219 2421 1294 2451 612.

1013 2468 1088 2498 578..
1112 2466 1317 2498 obumbrant
1343 2464 1485 2496 aethera
1507 2466 1546 2495 cf.
1574 2462 1625 2496 tt.
1647 2462 1722 2492 611.

1013 2514 1090 2544 582.
1118 2517 1225 2544 Semel
1254 2523 1310 2550 per
1340 2514 1497 2541 Ilioneum
1530 2509 1561 2546 7.
1587 2508 1664 2547 285,
1689 2513 1762 2545 post

970 2565 1009 2591 ab
1034 2563 1104 2597 ipso
1134 2562 1248 2590 Aenea
1273 2561 1384 2589 foedus
1408 2562 1475 2588 erat
1502 2559 1631 2586 factum.
1675 2557 1761 2584 Inter

970 2606 1053 2637 haec
1086 2611 1113 2637 et
1147 2604 1260 2635 altera
1292 2607 1327 2634 in
1360 2608 1403 2634 Μ.
1430 2603 1684 2639 suprascriptum
1714 2605 1760 2629 est

970 2652 1039 2682 iam
1065 2654 1146 2688 quod
1174 2661 1235 2681 rec.
1277 2649 1359 2691 Wg.
1406 2651 1529 2679 Bonum
1560 2649 1593 2676 id
1623 2648 1760 2683 quidem,

973 2707 1075 2734 neque
1100 2703 1206 2728 tamen
1236 2706 1272 2725 eo
1296 2700 1343 2725 est
1370 2704 1468 2733 opus,
1509 2699 1538 2724 et
1563 2694 1662 2723 facile
1686 2693 1760 2728 quis

970 2743 1040 2773 iam
1065 2746 1271 2779 repetendum
1302 2744 1451 2777 putabat,
1500 2749 1602 2776 neque
1630 2740 1662 2768 in
1694 2739 1761 2768 alio

971 2791 1052 2819 libro
1077 2794 1134 2819 est.

975 2866 1165 2899 583—592.
1224 2862 1488 2907 oppidanorum
1520 2870 1656 2894 summa
1688 2871 1760 2904 per·

1289 2908 1451 2941 turbatio.

1025 2969 1101 3000 584.
1130 2977 1286 2999 reserare
1310 2966 1427 2998 iubent
1452 2968 1494 2996 cs.
1514 2968 1546 3006 2,
1571 2967 1602 2996 3.

1026 3015 1102 3046 585.
1136 3013 1295 3046 Trahunt
1332 3016 1371 3044 de
1413 3019 1531 3044 conatu
1555 3014 1597 3044 cf.
1633 3011 1664 3051 6,
1686 3011 1761 3042 468.
