2023 3350
356 173 435 217 614

911 173 945 202 P.
976 171 1167 203 vlnGth
1202 173 1408 205 MAROMS

351 292 433 331 Olli
470 303 543 341 per
579 286 743 339 galeam
781 286 862 326 fixo
899 285 1019 326 stetit
1053 285 1178 327 hasta
1216 287 1400 329 cerebro.

352 350 535 389 Dextera
571 358 646 384 nec
682 346 757 384 tua
788 345 846 388 te,
889 342 1063 383 Graium
1096 341 1345 394 fortissime,
1384 345 1575 396 Cretheu,

352 402 519 456 Eripuit
550 400 709 451 Turno3
745 413 822 440 nec
856 399 899 440 di
937 402 1078 440 texere
1117 398 1355 452 Cupencum

352 463 493 501 Aenea
527 459 717 498 veniente
752 456 834 507 sui3
875 456 992 498 dedit
1026 456 1151 498 obvia
1188 456 1301 497 ferro

1879 462 1960 502 540

351 518 548 565 Pectora,
585 528 662 555 nec
698 514 852 555 misero
894 513 1019 567 clipei
1056 527 1175 555 mora
1212 513 1375 567 profuit
1411 518 1534 559 aerei.

351 575 407 615 Te
447 585 617 626 quoque
650 572 883 613 Laurentes
918 571 1129 622 viderunt,
1169 571 1319 621 Aeole,
1355 575 1495 627 campi

352 632 562 684 Oppetere
594 632 637 670 et
674 629 760 670 late
791 632 949 670 terram
983 632 1248 670 consternere
1285 632 1429 681 tergo3

352 688 538 737 Occidis,
570 687 750 739 Argivae
790 700 913 739 quem
951 700 1035 727 non
1072 689 1249 739 potuere
1284 686 1517 739 phalanges

353 746 563 795 Sternere,
603 758 679 785 nec
717 744 873 785 Priami
908 757 1135 796 regnorum
1167 757 1334 785 eversor
1368 742 1575 788 Achilles:

1875 751 1955 791 545

353 803 434 844 Hic
471 801 550 843 tibi
588 801 737 842 mortis
776 805 898 843 erant
932 805 1090 852 metae,
1130 801 1277 842 domus
1312 801 1401 842 alta
1433 801 1512 843 sub
1550 803 1640 856 Ida,

353 859 527 913 Lyrnesi
563 858 713 899 domus
744 858 856 909 alta,
895 858 985 900 solo
1022 859 1234 900 Laurente
1273 858 1525 912 sepulcrum.

354 918 485 958 Totae
518 916 623 957 adeo
661 929 886 957 conversae
921 916 1051 966 acies,
1089 929 1315 969 omnesque
1348 916 1498 967 Latini,

355 974 507 1016 Omnes
544 973 834 1024 Dardanidae3
872 973 1132 1025 Mnestheus,
1168 987 1349 1026 acerque
1382 972 1586 1026 Serestus,

354 1032 410 1073 Et
446 1031 664 1084 Messapus
701 1044 853 1084 equum
891 1031 1091 1082 domitor,
1124 1038 1163 1072 et
1202 1030 1326 1072 fortis
1364 1031 1514 1082 Asilas,

1888 1039 1968 1077 550

355 1089 667 1142 Tuscorumque
703 1088 902 1141 phalanx.
962 1088 1233 1141 Euandrique
1269 1087 1454 1130 Arcades
1492 1089 1604 1131 alae:

355 1146 437 1187 Pro
476 1159 519 1187 se
558 1146 736 1199 quisque
772 1146 849 1187 viri
884 1160 1047 1187 summa
1080 1147 1273 1187 nituntur
1308 1159 1436 1199 opum
1472 1146 1524 1187 vi.

354 1204 441 1245 Nec
478 1216 613 1253 mora,
652 1216 728 1244 nec
762 1204 951 1256 requies3
985 1206 1105 1244 vasto
1144 1203 1373 1244 certamine
1407 1202 1598 1246 tendunt.

468 1260 548 1301 Hic
587 1264 771 1301 mentem
809 1262 973 1302 Aeneae
1013 1261 1202 1314 genetrix
1243 1260 1527 1314 pulcherrima
1563 1261 1690 1312 misit,

357 1317 445 1358 Iret
480 1322 527 1358 ut
563 1317 618 1359 ad
650 1332 794 1359 muros
831 1318 1011 1372 urbique
1047 1317 1288 1360 adverteret
1323 1331 1474 1371 agmen

1887 1323 1968 1364 555

359 1374 485 1416 Ocius
527 1378 569 1416 et
602 1375 744 1416 subita
779 1375 975 1416 turbaret
1011 1375 1130 1417 clade
1165 1375 1351 1416 Latinos.

357 1432 435 1473 Ille
470 1435 519 1473 ut
554 1433 765 1485 vestigans
803 1432 968 1474 diversa
1001 1447 1079 1486 per
1120 1433 1290 1486 agmina
1329 1432 1514 1473 Turnum

358 1488 452 1530 Huc
490 1493 617 1542 atque
649 1489 732 1530 huc
766 1490 877 1531 acies
913 1490 1187 1540 circumtulit,
1225 1490 1407 1542 adspicit
1440 1490 1588 1532 urbem

357 1546 589 1587 Immunem
626 1547 737 1587 tanti
770 1546 870 1588 belli
906 1550 1035 1599 atque
1066 1547 1235 1600 impune
1267 1546 1466 1599 quietam.

361 1603 568 1645 Continuo
612 1617 778 1657 pugnae
810 1604 1004 1646 accendit
1040 1604 1214 1645 maioris
1253 1604 1416 1659 imag03

405 1777 479 1807 538.
505 1776 646 1807 dea-tera
670 1780 751 1807 cta:
793 1780 863 1814 „Ita
887 1783 1051 1813 comparat
1074 1779 1139 1807 Ae-

359 1833 451 1855 neam
486 1826 609 1859 Turno,
651 1828 683 1852 ut
721 1832 793 1853 eum
833 1826 1029 1859 superiorem
1068 1831 1140 1852 esse

358 1872 523 1906 significet.
570 1872 650 1899 Nam
686 1878 777 1904 quem
810 1871 937 1899 Turnus
973 1869 1140 1905 interemit,

359 1918 506 1946 fortitudo
528 1924 589 1944 sua
614 1916 750 1945 liberare
774 1925 837 1945 non
855 1917 971 1951 potuit:
997 1917 1027 1945 ei
1052 1925 1140 1952 vere,

359 1971 453 1997 quem
492 1962 605 1991 occidit
646 1963 790 1998 Aeneas,
837 1971 877 1990 ne
917 1969 977 1991 sua
1015 1962 1141 1997 quidem

359 2009 491 2037 numina
513 2009 662 2042 prodesse
686 2006 884 2042 potuerunt.“
911 2010 941 2036 S.
972 2023 1009 2027 -
1041 2004 1142 2036 Graii

360 2055 506 2083 dicuutur
536 2060 556 2081 a
581 2054 682 2088 poetis
714 2053 837 2087 antiqui
865 2054 914 2081 illi
939 2054 1051 2082 Graeci
1074 2053 1143 2082 vir-

359 2104 423 2129 tute
468 2103 678 2134 praestanteS,
712 2107 775 2127 non
800 2100 949 2128 Graeculi
986 2099 1141 2135 homines,

360 2147 473 2179 quales
499 2148 608 2179 postea
632 2145 788 2173 Romanis
820 2149 910 2181 erant
941 2144 1141 2179 contemptui.

361 2191 406 2220 Cf.
437 2190 559 2218 Horatii
588 2188 746 2229 praemia
774 2188 921 2226 fortium
958 2187 1141 2219 Graiorum

360 2241 389 2265 et
431 2233 562 2264 Graeco
603 2232 730 2264 trocho.
780 2237 856 2265 Inde
901 2235 1002 2270 epicis
1043 2236 1144 2270 poetis

367 2278 494 2310 Graius
516 2285 565 2310 est
588 2282 784 2310 adamatum.

407 2335 482 2366 539.
516 2335 726 2376 Cupencum:
762 2340 868 2375 „Sane
892 2338 1054 2367 sciendum
1081 2338 1145 2367 Cu-

362 2392 494 2419 pencum
540 2383 729 2412 Sabinorum
786 2385 897 2418 lingua
948 2385 1145 2413 sacerdotem

362 2427 504 2459 vocari.“
531 2430 561 2457 S.
610 2429 696 2463 Quod
720 2431 760 2458 ad
786 2427 816 2463 4,
844 2427 908 2457 610
925 2431 962 2458 de
982 2430 1146 2458 hominum

362 2475 562 2511 singulorum
595 2474 700 2510 geniis
730 2482 750 2503 a
782 2476 894 2503 Servio
935 2475 1051 2504 dictum
1087 2478 1146 2510 est,

363 2523 422 2549 hoc
444 2522 513 2549 loco
539 2528 600 2548 non
625 2528 718 2554 posse
735 2521 852 2549 firmari
892 2521 974 2549 satis
997 2525 1144 2555 appare13

364 2573 438 2595 nam
462 2566 490 2594 si
516 2566 666 2594 sacerdos
690 2570 747 2601 est.
779 2566 849 2594 eius
875 2567 919 2594 dii
943 2570 1027 2597 sunt.
1068 2574 1146 2600 quo-

363 2620 434 2642 rum
464 2615 510 2639 est
541 2612 707 2647 sacerd0s3
758 2620 856 2646 neque
888 2615 917 2640 h.
950 2613 970 2640 1.
1002 2615 1145 2647 negatur.

363 2658 438 2685 deos
463 2656 604 2691 Cupenci
627 2664 699 2685 esse
720 2658 816 2686 etiam
841 2657 988 2693 aliorum,
1024 2659 1074 2685 vel
1100 2662 1147 2685 to-

363 2702 427 2730 tius
449 2709 528 2731 suae
551 2702 664 2738 gentis.

407 2755 482 2786 541.
510 2760 572 2787 Nec
594 2759 716 2793 clipeus
739 2763 868 2787 mortem
894 2762 1035 2787 moratus
1058 2762 1115 2786 est.

409 2812 485 2844 543.
513 2817 670 2854 oppetere
694 2815 733 2843 cf.
765 2814 790 2850 l,
816 2813 868 2844 96.

409 2869 484 2898 546.
515 2867 634 2899 mortis
671 2873 782 2899 metae
812 2879 919 2905 „mors
949 2878 1030 2905 quae
1062 2874 1145 2899 meta

366 2919 412 2943 est
433 2920 462 2944 et
484 2914 588 2944 finis.“
611 2918 644 2943 S.
670 2916 707 2945 cf.
734 2916 764 2952 5,
789 2915 841 2945 52.

412 2968 486 2998 547.
517 2967 657 3008 Lyrnesi
691 2971 728 3000 cf.
770 2969 820 3005 10,
855 2969 927 3001 128.
973 2988 1015 2991 —
1062 2973 1147 3000 Solet

368 3018 459 3047 poeta
484 3016 597 3043 varias
623 3017 785 3045 hominum
812 3022 913 3046 sortes
943 3018 1066 3052 tingere,
1098 3022 1147 3045 at-

368 3066 428 3091 que
456 3060 500 3087 ita
525 3062 633 3089 docere
659 3065 817 3091 humanae
842 3063 985 3092 fortunae
1020 3063 1148 3092 incerti-

1890 1607 1971 1646 560

1186 1778 1334 1806 tudinem.
1383 1780 1460 1807 Post
1495 1779 1696 1813 singulorum
1727 1782 1840 1810 caedes
1874 1782 1972 1810 totius

1187 1824 1301 1858 proelii
1320 1824 1490 1857 imaginem
1516 1824 1629 1859 paucis
1651 1825 1803 1863 depingit,
1820 1835 1917 1862 quum
1932 1828 1973 1856 ad

1186 1870 1286 1898 aliam
1315 1870 1498 1898 certaminis
1525 1870 1665 1905 speciem
1690 1875 1740 1900 est
1769 1873 1973 1902 transiturus,

1233 1912 1308 1942 549.
1338 1923 1518 1954 omnesque
1541 1931 1579 1936 —-
1608 1923 1722 1944 omues
1754 1917 1793 1946 cf.
1823 1916 1872 1953 10,
1898 1916 1975 1947 313.

1231 1960 1308 1988 551.
1341 1958 1382 1989 Ε.
1410 1957 1564 1989 Arcades
1589 1958 1669 1990 alae
1691 1962 1730 1991 cf.
1761 1960 1811 2000 ¹1,
1831 1961 1907 1992 835.

1233 2004 1308 2034 552.
1335 2014 1467 2034 summa
1490 2004 1652 2035 nituntur
1676 2015 1777 2046 opum
1803 2006 1855 2037 vi.-
1891 2011 1975 2046 „He-

1188 2052 1386 2081 mistichium
1409 2056 1456 2080 est
1479 2050 1694 2081 Enniamim.“
1720 2055 1751 2082 S.
1789 2070 1826 2073 —
1852 2063 1915 2095 pro
1942 2063 1976 2084 se

1190 2095 1334 2137 quisque
1356 2095 1424 2125 viri
1450 2097 1490 2126 cf.
1516 2098 1546 2133 5,
1572 2096 1647 2126 501.

1191 2173 1255 2205 554
1273 2192 1314 2194 —
1335 2174 1410 2205 552.
1458 2173 1594 2206 Aeneas
1626 2174 1737 2216 ipsam
1768 2174 1889 2207 urbem
1917 2186 1977 2219 op-

1512 2234 1652 2273 pugnat.

1237 2289 1314 2319 554.
1341 2294 1484 2320 mentem
1511 2291 1552 2321 cf.
1579 2288 1607 2328 1,
1634 2288 1708 2319 676.
1758 2292 1870 2325 „Bona
1895 2300 1976 2322 usus

1191 2341 1240 2365 est
1263 2337 1455 2373 oeconomia,
1496 2341 1528 2365 ut
1549 2337 1666 2366 diceret
1689 2336 1841 2366 instinctu
1868 2339 1975 2367 numi-

1193 2383 1244 2410 nis
1282 2383 1453 2416 profectum
1486 2391 1559 2411 esse
1586 2383 1731 2411 Aeneam
1762 2384 1801 2411 ad
1830 2383 1975 2413 civitatis

1192 2428 1362 2457 excidium.
1411 2430 1489 2457 Nam
1516 2429 1723 2463 incongruum
1753 2427 1859 2457 fuerat
1881 2437 1977 2459 occu·-

1192 2478 1300 2508 patum
1335 2475 1418 2502 bello
1455 2481 1510 2508 per
1545 2481 1581 2503 se
1616 2475 1680 2502 tale
1711 2474 1837 2508 cepisse
1868 2475 1976 2504 consi—

1193 2517 1306 2547 lium.“
1331 2521 1361 2548 S.
1389 2521 1448 2548 Sed
1472 2520 1552 2553 quod
1579 2519 1793 2548 oeconomiam
1814 2524 1911 2550 vocat
1930 2523 1975 2558 S.,

1194 2565 1267 2599 Vgl.
1293 2566 1418 2594 credere
1441 2566 1602 2599 putandus
1624 2568 1682 2599 est,
1714 2572 1788 2593 esse
1816 2566 1890 2594 deos
1918 2569 1975 2595 ho-

1195 2611 1396 2645 minibusque
1430 2611 1569 2646 cogitata
1608 2617 1778 2646 suggerere
1801 2611 1841 2640 cf.
1864 2609 1896 2645 8.
1920 2611 1974 2640 55.

1195 2656 1319 2684 Similis
1344 2660 1392 2684 est
1415 2657 1543 2685 deorum
1564 2656 1762 2685 interventus
1788 2653 1818 2692 1,
1844 2655 1920 2685 535.

1236 2699 1312 2729 556.
1337 2699 1452 2730 subita
1476 2699 1587 2731 clade.
1609 2701 1657 2730 Cf.
1677 2699 1730 2737 22,
1756 2699 1775 2728 4
1799 2698 1976 2730 Hannibal

1193 2744 1284 2784 quod
1319 2745 1402 2786 agri
1437 2749 1486 2775 est
1518 2744 1608 2775 inter
1644 2744 1827 2776 Cortonam
1859 2743 1974 2775 urbem

1196 2789 1502 2831 Trasimenumque
1524 2789 1636 2820 lacum
1664 2788 1756 2821 omm‘
1772 2789 1870 2819 clade
1893 2788 1976 2819 betti

1189 2838 1380 2875 pervastat.
1417 2851 1462 2857 —
1503 2834 1606 2866 Ocius
1623 2836 1663 2866 cf.
1689 2834 1720 2872 8,
1744 2835 1807 2864 555
1832 2838 1862 2865 h.
1887 2838 1908 2864 l.
1935 2838 1975 2866 ad

1190 2886 1357 2917 utrumque
1381 2883 1516 2917 pertinet
1536 2883 1742 2912 enuntiatum.

1237 2926 1310 2956 553.
1338 2925 1404 2957 huc
1426 2930 1529 2967 alque
1554 2925 1618 2956 huc
1641 2932 1674 2956 ut
1688 2925 1719 2962 9,
1744 2925 1800 2953 57.
1826 2922 1878 2960 n,
1897 2923 1973 2956 601.

1191 2979 1363 3008 usurpatur
1386 2970 1464 3002 hinc
1489 2975 1592 3012 atque
1619 2969 1697 3000 hinc
1720 2967 1750 3006 1,
1782 2968 1856 3000 162.
1909 2968 1975 2999 Ηίο

1194 3020 1245 3049 bis
1274 3019 1411 3053 positum
1435 3020 1550 3053 copula
1574 3025 1637 3046 non
1654 3016 1759 3045 addita
1781 3015 1820 3045 cf.
1845 3014 1876 3054 9,
1896 3014 1974 3046 572.

1238 3062 1314 3093 560.
1341 3061 1508 3101 accendit,
1533 3063 1572 3092 cf.
1599 3060 1628 3100 1,
1655 3058 1727 3090 104.

2009 3005 2013 3072 ἔ

2008 3073 2011 3115 ι

2007 3221 2010 3264 J
