<?xml version="1.0" encoding="UTF-8"?>
<!DOCTYPE html PUBLIC "-//W3C//DTD XHTML 1.0 Transitional//EN"
    "http://www.w3.org/TR/xhtml1/DTD/xhtml1-transitional.dtd">
<html xmlns="http://www.w3.org/1999/xhtml" xml:lang="en" lang="en">
 <head>
  <title>
</title>
<meta http-equiv="Content-Type" content="text/html;charset=utf-8" />
  <meta name='ocr-system' content='tesseract 3.04.00' />
  <meta name='ocr-capabilities' content='ocr_page ocr_carea ocr_par ocr_line ocrx_word'/>
</head>
<body>
  <div class='ocr_page' id='page_1' title='image "aeneisvi00virguoft_0486.png"; bbox 0 0 2023 3350; ppageno 0'>
   <div class='ocr_carea' id='block_1_1' title="bbox 199 111 1279 155">
    <p class='ocr_par' dir='ltr' id='par_1_1' title="bbox 199 111 1279 155">
     <span class='ocr_line' id='line_1_1' title="bbox 199 111 1279 155; baseline -0.003 -6"><span class='ocrx_word' id='word_1_1' title='bbox 199 115 283 155; x_wconf 87' lang='grc'>460</span> <span class='ocrx_word' id='word_1_2' title='bbox 772 112 807 144; x_wconf 87' lang='grc' dir='ltr'>Ρ.</span> <span class='ocrx_word' id='word_1_3' title='bbox 836 111 1036 145; x_wconf 84' lang='lat' dir='ltr'>VIRGILII</span> <span class='ocrx_word' id='word_1_4' title='bbox 1065 113 1279 147; x_wconf 79' lang='lat' dir='ltr'><strong>MAROMS</strong></span> 
     </span>
    </p>
   </div>
   <div class='ocr_carea' id='block_1_2' title="bbox 197 223 1857 509">
    <p class='ocr_par' dir='ltr' id='par_1_2' title="bbox 197 223 1321 277">
     <span class='ocr_line' id='line_1_2' title="bbox 197 223 1321 277; baseline 0.001 -10"><span class='ocrx_word' id='word_1_5' title='bbox 197 224 475 277; x_wconf 89' lang='lat' dir='ltr'>Alitibusque</span> <span class='ocrx_word' id='word_1_6' title='bbox 508 223 644 266; x_wconf 85' lang='lat' dir='ltr'>iaces!</span> <span class='ocrx_word' id='word_1_7' title='bbox 682 237 761 265; x_wconf 89' lang='lat' dir='ltr'>nec</span> <span class='ocrx_word' id='word_1_8' title='bbox 798 226 842 266; x_wconf 89' lang='lat' dir='ltr'>te</span> <span class='ocrx_word' id='word_1_9' title='bbox 876 227 953 266; x_wconf 89' lang='lat' dir='ltr'>tua</span> <span class='ocrx_word' id='word_1_10' title='bbox 992 225 1143 268; x_wconf 84' lang='lat' dir='ltr'>funere</span> <span class='ocrx_word' id='word_1_11' title='bbox 1180 229 1321 268; x_wconf 86' lang='lat' dir='ltr'>mater</span> 
     </span>
    </p>

    <p class='ocr_par' dir='ltr' id='par_1_3' title="bbox 197 281 1295 336">
     <span class='ocr_line' id='line_1_3' title="bbox 197 281 1295 336; baseline 0 -12"><span class='ocrx_word' id='word_1_12' title='bbox 197 281 404 333; x_wconf 81' lang='lat' dir='ltr'>Produxi,</span> <span class='ocrx_word' id='word_1_13' title='bbox 442 281 634 334; x_wconf 81' lang='lat' dir='ltr'>pressive</span> <span class='ocrx_word' id='word_1_14' title='bbox 670 282 836 334; x_wconf 88' lang='lat' dir='ltr'>oculos,</span> <span class='ocrx_word' id='word_1_15' title='bbox 873 286 952 324; x_wconf 87' lang='lat' dir='ltr'>aut</span> <span class='ocrx_word' id='word_1_16' title='bbox 985 283 1164 325; x_wconf 90' lang='lat' dir='ltr'>volnera</span> <span class='ocrx_word' id='word_1_17' title='bbox 1196 284 1295 336; x_wconf 84' lang='lat' dir='ltr'>lavi,</span> 
     </span>
    </p>

    <p class='ocr_par' dir='ltr' id='par_1_4' title="bbox 199 338 1410 395">
     <span class='ocr_line' id='line_1_4' title="bbox 199 338 1410 395; baseline 0.002 -15"><span class='ocrx_word' id='word_1_18' title='bbox 199 340 329 380; x_wconf 82' lang='lat' dir='ltr'>Veste</span> <span class='ocrx_word' id='word_1_19' title='bbox 365 342 532 391; x_wconf 82' lang='lat' dir='ltr'>tegens,</span> <span class='ocrx_word' id='word_1_20' title='bbox 568 338 649 379; x_wconf 85' lang='lat' dir='ltr'>tibi</span> <span class='ocrx_word' id='word_1_21' title='bbox 686 352 817 392; x_wconf 85' lang='lat' dir='ltr'>quam</span> <span class='ocrx_word' id='word_1_22' title='bbox 856 343 1004 381; x_wconf 86' lang='lat' dir='ltr'>noctes</span> <span class='ocrx_word' id='word_1_23' title='bbox 1039 340 1197 382; x_wconf 84' lang='lat' dir='ltr'>festina</span> <span class='ocrx_word' id='word_1_24' title='bbox 1233 341 1410 395; x_wconf 80' lang='lat' dir='ltr'>diesque</span> 
     </span>
    </p>

    <p class='ocr_par' dir='ltr' id='par_1_5' title="bbox 197 395 1214 449">
     <span class='ocr_line' id='line_1_5' title="bbox 197 395 1214 449; baseline 0.001 -11"><span class='ocrx_word' id='word_1_25' title='bbox 197 395 445 449; x_wconf 82' lang='lat' dir='ltr'>Urguebam</span> <span class='ocrx_word' id='word_1_26' title='bbox 481 399 524 437; x_wconf 85' lang='lat' dir='ltr'>et</span> <span class='ocrx_word' id='word_1_27' title='bbox 561 396 649 438; x_wconf 84' lang='lat' dir='ltr'>tela</span> <span class='ocrx_word' id='word_1_28' title='bbox 687 410 814 439; x_wconf 86' lang='lat' dir='ltr'>curas</span> <span class='ocrx_word' id='word_1_29' title='bbox 851 397 1027 439; x_wconf 84' lang='lat' dir='ltr'>solabar</span> <span class='ocrx_word' id='word_1_30' title='bbox 1067 398 1214 440; x_wconf 90' lang='lat' dir='ltr'>aniles.</span> 
     </span>
    </p>

    <p class='ocr_par' dir='ltr' id='par_1_6' title="bbox 197 453 1857 509">
     <span class='ocr_line' id='line_1_6' title="bbox 197 453 1857 509; baseline -0.001 -15"><span class='ocrx_word' id='word_1_31' title='bbox 197 455 290 503; x_wconf 81' lang='lat' dir='ltr'>Quo</span> <span class='ocrx_word' id='word_1_32' title='bbox 326 453 513 506; x_wconf 78' lang='lat' dir='ltr'>sequar?</span> <span class='ocrx_word' id='word_1_33' title='bbox 550 456 627 495; x_wconf 87' lang='lat' dir='ltr'>aut</span> <span class='ocrx_word' id='word_1_34' title='bbox 657 468 770 509; x_wconf 85' lang='lat' dir='ltr'>quae</span> <span class='ocrx_word' id='word_1_35' title='bbox 805 469 919 496; x_wconf 92' lang='grc'>1111110</span> <span class='ocrx_word' id='word_1_36' title='bbox 955 459 1077 497; x_wconf 87' lang='lat' dir='ltr'>artus</span> <span class='ocrx_word' id='word_1_37' title='bbox 1116 456 1351 508; x_wconf 79' lang='lat' dir='ltr'>avolsaque</span> <span class='ocrx_word' id='word_1_38' title='bbox 1387 453 1582 496; x_wconf 78' lang='lat' dir='ltr'>membra</span> <span class='ocrx_word' id='word_1_39' title='bbox 1773 455 1857 494; x_wconf 83' lang='grc'>490</span> 
     </span>
    </p>
   </div>
   <div class='ocr_carea' id='block_1_3' title="bbox 196 509 1024 554">
    <p class='ocr_par' dir='ltr' id='par_1_7' title="bbox 196 509 1024 554">
     <span class='ocr_line' id='line_1_7' title="bbox 196 509 1024 554; baseline 0.004 -3"><span class='ocrx_word' id='word_1_40' title='bbox 196 511 253 552; x_wconf 90' lang='lat' dir='ltr'>Et</span> <span class='ocrx_word' id='word_1_41' title='bbox 291 509 420 552; x_wconf 88' lang='lat' dir='ltr'>funus</span> <span class='ocrx_word' id='word_1_42' title='bbox 461 510 655 552; x_wconf 83' lang='lat' dir='ltr'>lacerum</span> <span class='ocrx_word' id='word_1_43' title='bbox 694 512 824 554; x_wconf 86' lang='lat' dir='ltr'>tellus</span> <span class='ocrx_word' id='word_1_44' title='bbox 860 512 1024 554; x_wconf 76' lang='lat' dir='ltr'>habet?</span> 
     </span>
    </p>
   </div>
   <div class='ocr_carea' id='block_1_4' title="bbox 1084 512 1499 563">
    <p class='ocr_par' dir='ltr' id='par_1_8' title="bbox 1084 512 1499 563">
     <span class='ocr_line' id='line_1_8' title="bbox 1084 512 1499 563; baseline 0 -9"><span class='ocrx_word' id='word_1_45' title='bbox 1084 512 1179 554; x_wconf 93' lang='lat' dir='ltr'>Hoc</span> <span class='ocrx_word' id='word_1_46' title='bbox 1215 513 1321 554; x_wconf 91' lang='lat' dir='ltr'>mihi</span> <span class='ocrx_word' id='word_1_47' title='bbox 1358 513 1410 554; x_wconf 86' lang='lat' dir='ltr'>de</span> <span class='ocrx_word' id='word_1_48' title='bbox 1444 516 1499 563; x_wconf 79' lang='lat' dir='ltr'>te,</span> 
     </span>
    </p>
   </div>
   <div class='ocr_carea' id='block_1_5' title="bbox 192 567 1855 1201">
    <p class='ocr_par' dir='ltr' id='par_1_9' title="bbox 195 567 1486 624">
     <span class='ocr_line' id='line_1_9' title="bbox 195 567 1486 624; baseline 0.001 -15"><span class='ocrx_word' id='word_1_49' title='bbox 195 569 324 620; x_wconf 88' lang='lat' dir='ltr'>Nate,</span> <span class='ocrx_word' id='word_1_50' title='bbox 359 567 524 610; x_wconf 74' lang='lat' dir='ltr'>refers?</span> <span class='ocrx_word' id='word_1_51' title='bbox 561 568 644 611; x_wconf 93' lang='grc'>1100</span> <span class='ocrx_word' id='word_1_52' title='bbox 690 584 784 611; x_wconf 89' lang='lat' dir='ltr'>sum</span> <span class='ocrx_word' id='word_1_53' title='bbox 825 573 1031 624; x_wconf 88' lang='lat' dir='ltr'>terraque</span> <span class='ocrx_word' id='word_1_54' title='bbox 1072 570 1269 623; x_wconf 89' lang='lat' dir='ltr'>marique</span> <span class='ocrx_word' id='word_1_55' title='bbox 1311 572 1486 612; x_wconf 65' lang='lat' dir='ltr'>secuta?</span> 
     </span>
    </p>

    <p class='ocr_par' dir='ltr' id='par_1_10' title="bbox 194 626 1466 681">
     <span class='ocr_line' id='line_1_10' title="bbox 194 626 1466 681; baseline 0.003 -15"><span class='ocrx_word' id='word_1_56' title='bbox 194 626 335 679; x_wconf 77' lang='lat' dir='ltr'>Figite</span> <span class='ocrx_word' id='word_1_57' title='bbox 377 640 461 678; x_wconf 91' lang='lat' dir='ltr'>me,</span> <span class='ocrx_word' id='word_1_58' title='bbox 498 626 534 668; x_wconf 89' lang='lat' dir='ltr'>si</span> <span class='ocrx_word' id='word_1_59' title='bbox 568 641 657 680; x_wconf 85' lang='lat' dir='ltr'>qua</span> <span class='ocrx_word' id='word_1_60' title='bbox 695 631 761 669; x_wconf 92' lang='lat' dir='ltr'>est</span> <span class='ocrx_word' id='word_1_61' title='bbox 799 627 962 681; x_wconf 71' lang='lat' dir='ltr'>pietas,</span> <span class='ocrx_word' id='word_1_62' title='bbox 1007 628 1051 669; x_wconf 88' lang='lat' dir='ltr'>in</span> <span class='ocrx_word' id='word_1_63' title='bbox 1088 642 1156 669; x_wconf 90' lang='lat' dir='ltr'>me</span> <span class='ocrx_word' id='word_1_64' title='bbox 1196 628 1340 669; x_wconf 85' lang='lat' dir='ltr'>omnia</span> <span class='ocrx_word' id='word_1_65' title='bbox 1376 629 1466 671; x_wconf 87' lang='lat' dir='ltr'>tela</span> 
     </span>
    </p>

    <p class='ocr_par' dir='ltr' id='par_1_11' title="bbox 196 683 1449 739">
     <span class='ocr_line' id='line_1_11' title="bbox 196 683 1449 739; baseline 0.002 -15"><span class='ocrx_word' id='word_1_66' title='bbox 196 683 427 736; x_wconf 86' lang='lat' dir='ltr'>Coniicite,</span> <span class='ocrx_word' id='word_1_67' title='bbox 466 697 490 725; x_wconf 95' lang='grc'>0</span> <span class='ocrx_word' id='word_1_68' title='bbox 526 684 693 736; x_wconf 87' lang='lat' dir='ltr'>Rutuli,</span> <span class='ocrx_word' id='word_1_69' title='bbox 732 699 800 726; x_wconf 89' lang='lat' dir='ltr'>me</span> <span class='ocrx_word' id='word_1_70' title='bbox 835 686 1022 739; x_wconf 79' lang='lat' dir='ltr'>primam</span> <span class='ocrx_word' id='word_1_71' title='bbox 1062 685 1278 727; x_wconf 79' lang='lat' dir='ltr'>absumite</span> <span class='ocrx_word' id='word_1_72' title='bbox 1311 685 1449 739; x_wconf 73' lang='lat' dir='ltr'>ferro,</span> 
     </span>
    </p>

    <p class='ocr_par' dir='ltr' id='par_1_12' title="bbox 194 741 1855 855">
     <span class='ocr_line' id='line_1_12' title="bbox 194 741 1855 796; baseline 0.001 -15"><span class='ocrx_word' id='word_1_73' title='bbox 194 741 283 782; x_wconf 89' lang='lat' dir='ltr'>Aut</span> <span class='ocrx_word' id='word_1_74' title='bbox 318 744 391 793; x_wconf 89' lang='lat' dir='ltr'>tu,</span> <span class='ocrx_word' id='word_1_75' title='bbox 431 754 587 795; x_wconf 82' lang='lat' dir='ltr'>magne</span> <span class='ocrx_word' id='word_1_76' title='bbox 623 746 750 796; x_wconf 88' lang='lat' dir='ltr'>pater</span> <span class='ocrx_word' id='word_1_77' title='bbox 786 743 946 795; x_wconf 89' lang='lat' dir='ltr'>divom,</span> <span class='ocrx_word' id='word_1_78' title='bbox 980 743 1202 794; x_wconf 87' lang='lat' dir='ltr'>miserere,</span> <span class='ocrx_word' id='word_1_79' title='bbox 1245 747 1408 796; x_wconf 91' lang='lat' dir='ltr'>tuoque</span> <span class='ocrx_word' id='word_1_80' title='bbox 1771 744 1855 783; x_wconf 85' lang='lat'>495</span> 
     </span>
     <span class='ocr_line' id='line_1_13' title="bbox 194 798 1374 855; baseline 0.001 -15"><span class='ocrx_word' id='word_1_81' title='bbox 194 798 383 840; x_wconf 90' lang='lat' dir='ltr'>Invisum</span> <span class='ocrx_word' id='word_1_82' title='bbox 420 798 502 840; x_wconf 90' lang='grc'>1100</span> <span class='ocrx_word' id='word_1_83' title='bbox 537 799 722 842; x_wconf 75' lang='lat' dir='ltr'>detrude</span> <span class='ocrx_word' id='word_1_84' title='bbox 767 805 900 855; x_wconf 83' lang='lat' dir='ltr'>caput</span> <span class='ocrx_word' id='word_1_85' title='bbox 929 801 1009 843; x_wconf 87' lang='lat' dir='ltr'>sub</span> <span class='ocrx_word' id='word_1_86' title='bbox 1051 801 1237 842; x_wconf 86' lang='lat' dir='ltr'>Tartara</span> <span class='ocrx_word' id='word_1_87' title='bbox 1273 801 1374 852; x_wconf 85' lang='lat' dir='ltr'>telo,</span> 
     </span>
    </p>

    <p class='ocr_par' dir='ltr' id='par_1_13' title="bbox 194 855 1474 912">
     <span class='ocr_line' id='line_1_14' title="bbox 194 855 1474 912; baseline 0.002 -15"><span class='ocrx_word' id='word_1_88' title='bbox 194 855 375 906; x_wconf 79' lang='lat' dir='ltr'>Quando</span> <span class='ocrx_word' id='word_1_89' title='bbox 410 855 539 898; x_wconf 87' lang='lat' dir='ltr'>aliter</span> <span class='ocrx_word' id='word_1_90' title='bbox 577 871 742 911; x_wconf 84' lang='lat' dir='ltr'>nequeo</span> <span class='ocrx_word' id='word_1_91' title='bbox 781 858 1001 900; x_wconf 83' lang='lat' dir='ltr'>crudelem</span> <span class='ocrx_word' id='word_1_92' title='bbox 1038 857 1298 912; x_wconf 88' lang='lat' dir='ltr'>abrumpere</span> <span class='ocrx_word' id='word_1_93' title='bbox 1329 858 1474 899; x_wconf 84' lang='lat' dir='ltr'>vitam.</span> 
     </span>
    </p>

    <p class='ocr_par' dir='ltr' id='par_1_14' title="bbox 192 913 1416 970">
     <span class='ocr_line' id='line_1_15' title="bbox 192 913 1416 970; baseline 0.002 -16"><span class='ocrx_word' id='word_1_94' title='bbox 192 913 289 955; x_wconf 90' lang='lat' dir='ltr'>Hoc</span> <span class='ocrx_word' id='word_1_95' title='bbox 317 913 421 955; x_wconf 85' lang='lat' dir='ltr'>fletu</span> <span class='ocrx_word' id='word_1_96' title='bbox 451 915 649 957; x_wconf 79' lang='lat' dir='ltr'>concussi</span> <span class='ocrx_word' id='word_1_97' title='bbox 677 916 826 967; x_wconf 87' lang='lat' dir='ltr'>animi,</span> <span class='ocrx_word' id='word_1_98' title='bbox 857 920 1134 970; x_wconf 87' lang='lat' dir='ltr'>maestusque</span> <span class='ocrx_word' id='word_1_99' title='bbox 1161 930 1241 970; x_wconf 89' lang='lat' dir='ltr'>per</span> <span class='ocrx_word' id='word_1_100' title='bbox 1270 929 1416 957; x_wconf 87' lang='lat' dir='ltr'>omnes</span> 
     </span>
    </p>

    <p class='ocr_par' dir='ltr' id='par_1_15' title="bbox 193 972 1411 1027">
     <span class='ocr_line' id='line_1_16' title="bbox 193 972 1411 1027; baseline 0.002 -15"><span class='ocrx_word' id='word_1_101' title='bbox 193 972 234 1013; x_wconf 88' lang='lat' dir='ltr'>It</span> <span class='ocrx_word' id='word_1_102' title='bbox 273 972 477 1025; x_wconf 71' lang='lat' dir='ltr'>gemitus,</span> <span class='ocrx_word' id='word_1_103' title='bbox 515 975 692 1026; x_wconf 75' lang='lat' dir='ltr'>torpent</span> <span class='ocrx_word' id='word_1_104' title='bbox 728 973 943 1016; x_wconf 81' lang='lat' dir='ltr'>infractae</span> <span class='ocrx_word' id='word_1_105' title='bbox 982 974 1037 1015; x_wconf 83' lang='lat' dir='ltr'>ad</span> <span class='ocrx_word' id='word_1_106' title='bbox 1078 974 1249 1027; x_wconf 88' lang='lat' dir='ltr'>proelia</span> <span class='ocrx_word' id='word_1_107' title='bbox 1286 973 1411 1015; x_wconf 88' lang='lat' dir='ltr'>vires.</span> 
     </span>
    </p>

    <p class='ocr_par' dir='ltr' id='par_1_16' title="bbox 192 1029 1854 1132">
     <span class='ocr_line' id='line_1_17' title="bbox 192 1029 1854 1082; baseline 0.001 -12"><span class='ocrx_word' id='word_1_108' title='bbox 192 1029 319 1070; x_wconf 86' lang='lat' dir='ltr'>Illam</span> <span class='ocrx_word' id='word_1_109' title='bbox 356 1029 655 1072; x_wconf 86' lang='lat' dir='ltr'>incendentem</span> <span class='ocrx_word' id='word_1_110' title='bbox 690 1031 833 1073; x_wconf 91' lang='lat' dir='ltr'>luctus</span> <span class='ocrx_word' id='word_1_111' title='bbox 869 1032 1024 1074; x_wconf 87' lang='lat' dir='ltr'>Idaeus</span> <span class='ocrx_word' id='word_1_112' title='bbox 1063 1035 1106 1073; x_wconf 88' lang='lat' dir='ltr'>et</span> <span class='ocrx_word' id='word_1_113' title='bbox 1140 1032 1288 1082; x_wconf 81' lang='lat' dir='ltr'>Actor,</span> <span class='ocrx_word' id='word_1_114' title='bbox 1762 1035 1854 1073; x_wconf 69' lang='grc'>’000</span> 
     </span>
     <span class='ocr_line' id='line_1_18' title="bbox 192 1087 1277 1132; baseline 0.002 -4"><span class='ocrx_word' id='word_1_115' title='bbox 192 1087 348 1128; x_wconf 87' lang='grc'>11101101</span> <span class='ocrx_word' id='word_1_116' title='bbox 387 1088 554 1129; x_wconf 88' lang='lat' dir='ltr'>monitu</span> <span class='ocrx_word' id='word_1_117' title='bbox 595 1092 639 1130; x_wconf 91' lang='lat' dir='ltr'>et</span> <span class='ocrx_word' id='word_1_118' title='bbox 670 1089 854 1131; x_wconf 88' lang='lat' dir='ltr'>multum</span> <span class='ocrx_word' id='word_1_119' title='bbox 888 1090 1159 1132; x_wconf 86' lang='lat' dir='ltr'>lacrimantis</span> <span class='ocrx_word' id='word_1_120' title='bbox 1193 1089 1277 1131; x_wconf 88' lang='lat' dir='ltr'>Iuli</span> 
     </span>
    </p>

    <p class='ocr_par' dir='ltr' id='par_1_17' title="bbox 194 1145 1420 1201">
     <span class='ocr_line' id='line_1_19' title="bbox 194 1145 1420 1201; baseline 0.001 -15"><span class='ocrx_word' id='word_1_121' title='bbox 194 1145 465 1199; x_wconf 73' lang='lat' dir='ltr'>Cori-ipiunt,</span> <span class='ocrx_word' id='word_1_122' title='bbox 501 1145 699 1201; x_wconf 87' lang='lat' dir='ltr'>interque</span> <span class='ocrx_word' id='word_1_123' title='bbox 731 1161 884 1190; x_wconf 85' lang='lat' dir='ltr'>manus</span> <span class='ocrx_word' id='word_1_124' title='bbox 922 1148 1003 1190; x_wconf 90' lang='lat' dir='ltr'>sub</span> <span class='ocrx_word' id='word_1_125' title='bbox 1039 1150 1158 1190; x_wconf 86' lang='lat' dir='ltr'>tecta</span> <span class='ocrx_word' id='word_1_126' title='bbox 1193 1149 1420 1201; x_wconf 85' lang='lat' dir='ltr'>reponunt.</span> 
     </span>
    </p>
   </div>
   <div class='ocr_carea' id='block_1_6' title="bbox 180 1317 1000 3038">
    <p class='ocr_par' dir='ltr' id='par_1_18' title="bbox 193 1317 1000 1493">
     <span class='ocr_line' id='line_1_20' title="bbox 193 1317 999 1359; baseline 0.005 -11"><span class='ocrx_word' id='word_1_127' title='bbox 193 1319 225 1348; x_wconf 90' lang='lat' dir='ltr'>in</span> <span class='ocrx_word' id='word_1_128' title='bbox 254 1322 336 1349; x_wconf 81' lang='lat' dir='ltr'>Mss.</span> <span class='ocrx_word' id='word_1_129' title='bbox 353 1320 394 1349; x_wconf 87' lang='lat' dir='ltr'>sit</span> <span class='ocrx_word' id='word_1_130' title='bbox 410 1317 497 1350; x_wconf 75' lang='lat' dir='ltr'>data</span> <span class='ocrx_word' id='word_1_131' title='bbox 521 1328 563 1349; x_wconf 89' lang='grc'>30</span> <span class='ocrx_word' id='word_1_132' title='bbox 590 1318 684 1359; x_wconf 73' lang='lat' dir='ltr'>date,</span> <span class='ocrx_word' id='word_1_133' title='bbox 713 1331 820 1358; x_wconf 83' lang='lat' dir='ltr'>neque</span> <span class='ocrx_word' id='word_1_134' title='bbox 847 1326 886 1354; x_wconf 83' lang='grc'>311</span> <span class='ocrx_word' id='word_1_135' title='bbox 922 1321 999 1353; x_wconf 69' lang='lat' dir='ltr'>[Ino</span> 
     </span>
     <span class='ocr_line' id='line_1_21' title="bbox 193 1363 1000 1400; baseline 0.006 -6"><span class='ocrx_word' id='word_1_136' title='bbox 193 1365 301 1400; x_wconf 81' lang='lat' dir='ltr'>neque</span> <span class='ocrx_word' id='word_1_137' title='bbox 335 1373 355 1394; x_wconf 85' lang='lat' dir='ltr'>a</span> <span class='ocrx_word' id='word_1_138' title='bbox 389 1363 462 1394; x_wconf 78' lang='lat' dir='ltr'>Rho</span> <span class='ocrx_word' id='word_1_139' title='bbox 503 1368 670 1396; x_wconf 81' lang='lat' dir='ltr'>docemur.</span> <span class='ocrx_word' id='word_1_140' title='bbox 708 1365 758 1396; x_wconf 77' lang='lat' dir='ltr'>Pe.</span> <span class='ocrx_word' id='word_1_141' title='bbox 793 1371 879 1399; x_wconf 79' lang='lat' dir='ltr'>coni.</span> <span class='ocrx_word' id='word_1_142' title='bbox 908 1367 1000 1398; x_wconf 78' lang='lat' dir='ltr'>lace-</span> 
     </span>
     <span class='ocr_line' id='line_1_22' title="bbox 193 1408 1000 1445; baseline 0.005 -6"><span class='ocrx_word' id='word_1_143' title='bbox 193 1408 305 1440; x_wconf 83' lang='lat' dir='ltr'>rande</span> <span class='ocrx_word' id='word_1_144' title='bbox 334 1408 370 1440; x_wconf 80' lang='lat' dir='ltr'>L.</span> <span class='ocrx_word' id='word_1_145' title='bbox 397 1425 442 1431; x_wconf 81' lang='lat'>—</span> <span class='ocrx_word' id='word_1_146' title='bbox 467 1409 559 1441; x_wconf 74' lang='lat' dir='ltr'>date.</span> <span class='ocrx_word' id='word_1_147' title='bbox 588 1413 739 1443; x_wconf 71' lang='lat' dir='ltr'>Vocativi</span> <span class='ocrx_word' id='word_1_148' title='bbox 765 1423 848 1445; x_wconf 84' lang='lat' dir='ltr'>usus</span> <span class='ocrx_word' id='word_1_149' title='bbox 874 1423 1000 1444; x_wconf 88' lang='lat' dir='ltr'>memo—</span> 
     </span>
     <span class='ocr_line' id='line_1_23' title="bbox 194 1455 470 1493; baseline 0.004 -9"><span class='ocrx_word' id='word_1_150' title='bbox 194 1460 285 1486; x_wconf 83' lang='lat' dir='ltr'>ratur</span> <span class='ocrx_word' id='word_1_151' title='bbox 316 1456 366 1493; x_wconf 92' lang='grc'>12,</span> <span class='ocrx_word' id='word_1_152' title='bbox 394 1455 470 1485; x_wconf 73' lang='grc'>947.</span> 
     </span>
    </p>

    <p class='ocr_par' dir='ltr' id='par_1_19' title="bbox 181 1500 998 2541">
     <span class='ocr_line' id='line_1_24' title="bbox 239 1500 997 1539; baseline 0.003 -9"><span class='ocrx_word' id='word_1_153' title='bbox 239 1500 316 1530; x_wconf 75' lang='grc'>486.</span> <span class='ocrx_word' id='word_1_154' title='bbox 344 1504 376 1531; x_wconf 85' lang='lat' dir='ltr'>te</span> <span class='ocrx_word' id='word_1_155' title='bbox 405 1504 467 1531; x_wconf 83' lang='lat' dir='ltr'>tua</span> <span class='ocrx_word' id='word_1_156' title='bbox 496 1500 629 1539; x_wconf 78' lang='lat' dir='ltr'>funera</span> <span class='ocrx_word' id='word_1_157' title='bbox 655 1505 767 1533; x_wconf 83' lang='lat' dir='ltr'>mater</span> <span class='ocrx_word' id='word_1_158' title='bbox 797 1512 901 1533; x_wconf 88' lang='lat' dir='ltr'>sensu</span> <span class='ocrx_word' id='word_1_159' title='bbox 929 1504 997 1532; x_wconf 79' lang='lat' dir='ltr'>fere</span> 
     </span>
     <span class='ocr_line' id='line_1_25' title="bbox 193 1545 996 1588; baseline 0.002 -12"><span class='ocrx_word' id='word_1_160' title='bbox 193 1549 303 1583; x_wconf 86' lang='lat' dir='ltr'>nullo,</span> <span class='ocrx_word' id='word_1_161' title='bbox 350 1548 413 1576; x_wconf 82' lang='lat' dir='ltr'>nisi</span> <span class='ocrx_word' id='word_1_162' title='bbox 450 1555 523 1576; x_wconf 88' lang='lat' dir='ltr'>cum</span> <span class='ocrx_word' id='word_1_163' title='bbox 571 1545 666 1588; x_wconf 77' lang='lat' dir='ltr'>lVgo</span> <span class='ocrx_word' id='word_1_164' title='bbox 715 1550 821 1578; x_wconf 81' lang='lat' dir='ltr'>Servii</span> <span class='ocrx_word' id='word_1_165' title='bbox 869 1550 996 1585; x_wconf 78' lang='lat' dir='ltr'>accipis</span> 
     </span>
     <span class='ocr_line' id='line_1_26' title="bbox 194 1590 996 1631; baseline 0.004 -10"><span class='ocrx_word' id='word_1_166' title='bbox 194 1595 314 1622; x_wconf 81' lang='lat' dir='ltr'>verba:</span> <span class='ocrx_word' id='word_1_167' title='bbox 365 1590 547 1629; x_wconf 77' lang='lat' dir='ltr'>„theras</span> <span class='ocrx_word' id='word_1_168' title='bbox 573 1598 681 1622; x_wconf 84' lang='lat' dir='ltr'>autem</span> <span class='ocrx_word' id='word_1_169' title='bbox 710 1595 873 1631; x_wconf 76' lang='lat' dir='ltr'>dicebant,</span> <span class='ocrx_word' id='word_1_170' title='bbox 900 1596 996 1630; x_wconf 80' lang='lat' dir='ltr'>quasi</span> 
     </span>
     <span class='ocr_line' id='line_1_27' title="bbox 187 1638 995 1676; baseline 0.005 -10"><span class='ocrx_word' id='word_1_171' title='bbox 187 1638 372 1676; x_wconf 54' lang='lat' dir='ltr'>funereae,</span> <span class='ocrx_word' id='word_1_172' title='bbox 407 1640 446 1666; x_wconf 80' lang='lat' dir='ltr'>ad</span> <span class='ocrx_word' id='word_1_173' title='bbox 470 1646 554 1672; x_wconf 78' lang='lat' dir='ltr'>quas</span> <span class='ocrx_word' id='word_1_174' title='bbox 581 1640 718 1673; x_wconf 86' lang='lat' dir='ltr'>pertinet</span> <span class='ocrx_word' id='word_1_175' title='bbox 753 1640 883 1674; x_wconf 40' lang='lat' dir='ltr'>funus&amp;</span> <span class='ocrx_word' id='word_1_176' title='bbox 911 1649 995 1675; x_wconf 79' lang='lat' dir='ltr'>quae</span> 
     </span>
     <span class='ocr_line' id='line_1_28' title="bbox 193 1684 994 1722; baseline 0.004 -10"><span class='ocrx_word' id='word_1_177' title='bbox 193 1692 247 1713; x_wconf 87' lang='lat' dir='ltr'>res</span> <span class='ocrx_word' id='word_1_178' title='bbox 274 1691 292 1712; x_wconf 89' lang='grc'>3</span> <span class='ocrx_word' id='word_1_179' title='bbox 319 1686 410 1712; x_wconf 87' lang='grc'>00110</span> <span class='ocrx_word' id='word_1_180' title='bbox 436 1684 500 1712; x_wconf 85' lang='lat' dir='ltr'>alio</span> <span class='ocrx_word' id='word_1_181' title='bbox 527 1685 691 1719; x_wconf 73' lang='lat' dir='ltr'>scriptore</span> <span class='ocrx_word' id='word_1_182' title='bbox 717 1687 862 1722; x_wconf 75' lang='lat' dir='ltr'>traditur,</span> <span class='ocrx_word' id='word_1_183' title='bbox 888 1695 994 1721; x_wconf 81' lang='lat' dir='ltr'>neque</span> 
     </span>
     <span class='ocr_line' id='line_1_29' title="bbox 193 1731 994 1766; baseline 0.002 -8"><span class='ocrx_word' id='word_1_184' title='bbox 193 1732 328 1759; x_wconf 77' lang='lat' dir='ltr'>verbum</span> <span class='ocrx_word' id='word_1_185' title='bbox 372 1731 453 1758; x_wconf 81' lang='grc'>11000</span> <span class='ocrx_word' id='word_1_186' title='bbox 497 1734 546 1758; x_wconf 84' lang='lat' dir='ltr'>est</span> <span class='ocrx_word' id='word_1_187' title='bbox 593 1731 792 1766; x_wconf 75' lang='lat' dir='ltr'>derivatum3</span> <span class='ocrx_word' id='word_1_188' title='bbox 835 1736 864 1760; x_wconf 85' lang='lat' dir='ltr'>et</span> <span class='ocrx_word' id='word_1_189' title='bbox 909 1741 994 1760; x_wconf 85' lang='lat' dir='ltr'>unus</span> 
     </span>
     <span class='ocr_line' id='line_1_30' title="bbox 192 1775 993 1812; baseline 0.001 -8"><span class='ocrx_word' id='word_1_190' title='bbox 192 1778 290 1805; x_wconf 83' lang='lat' dir='ltr'>locus</span> <span class='ocrx_word' id='word_1_191' title='bbox 322 1775 435 1812; x_wconf 81' lang='lat' dir='ltr'>Ennii,</span> <span class='ocrx_word' id='word_1_192' title='bbox 466 1783 529 1809; x_wconf 83' lang='lat' dir='ltr'>quo</span> <span class='ocrx_word' id='word_1_193' title='bbox 566 1777 685 1811; x_wconf 76' lang='lat' dir='ltr'>legitur</span> <span class='ocrx_word' id='word_1_194' title='bbox 719 1785 771 1812; x_wconf 84' lang='lat' dir='ltr'>ap.</span> <span class='ocrx_word' id='word_1_195' title='bbox 799 1777 864 1806; x_wconf 87' lang='lat' dir='ltr'>Cic.</span> <span class='ocrx_word' id='word_1_196' title='bbox 892 1780 993 1807; x_wconf 79' lang='lat' dir='ltr'>&#39;l&#39;usc.</span> 
     </span>
     <span class='ocr_line' id='line_1_31' title="bbox 193 1819 993 1860; baseline 0.003 -11"><span class='ocrx_word' id='word_1_197' title='bbox 193 1821 222 1859; x_wconf 85' lang='lat'>1,</span> <span class='ocrx_word' id='word_1_198' title='bbox 238 1820 291 1858; x_wconf 73' lang='lat'>49,</span> <span class='ocrx_word' id='word_1_199' title='bbox 305 1825 334 1848; x_wconf 86' lang='lat' dir='ltr'>et</span> <span class='ocrx_word' id='word_1_200' title='bbox 359 1822 427 1849; x_wconf 76' lang='lat' dir='ltr'>CM.</span> <span class='ocrx_word' id='word_1_201' title='bbox 453 1819 499 1848; x_wconf 89' lang='grc'>20</span> <span class='ocrx_word' id='word_1_202' title='bbox 518 1829 578 1849; x_wconf 85' lang='lat' dir='ltr'>nec</span> <span class='ocrx_word' id='word_1_203' title='bbox 595 1820 732 1858; x_wconf 79' lang='lat' dir='ltr'>funcra</span> <span class='ocrx_word' id='word_1_204' title='bbox 750 1821 875 1860; x_wconf 81' lang='lat' dir='ltr'>fletum</span> <span class='ocrx_word' id='word_1_205' title='bbox 893 1821 993 1860; x_wconf 69' lang='lat' dir='ltr'>faxit</span> 
     </span>
     <span class='ocr_line' id='line_1_32' title="bbox 191 1866 997 1904; baseline 0.002 -9"><span class='ocrx_word' id='word_1_206' title='bbox 191 1867 255 1896; x_wconf 82' lang='lat' dir='ltr'>iam</span> <span class='ocrx_word' id='word_1_207' title='bbox 286 1867 382 1895; x_wconf 80' lang='lat' dir='ltr'>aliter</span> <span class='ocrx_word' id='word_1_208' title='bbox 407 1866 606 1895; x_wconf 83' lang='lat' dir='ltr'>constitutus</span> <span class='ocrx_word' id='word_1_209' title='bbox 632 1873 683 1896; x_wconf 86' lang='lat' dir='ltr'>est</span> <span class='ocrx_word' id='word_1_210' title='bbox 709 1873 737 1896; x_wconf 88' lang='lat' dir='ltr'>et</span> <span class='ocrx_word' id='word_1_211' title='bbox 765 1876 852 1897; x_wconf 88' lang='lat' dir='ltr'>nunc</span> <span class='ocrx_word' id='word_1_212' title='bbox 877 1870 997 1904; x_wconf 84' lang='lat' dir='ltr'>iegitur</span> 
     </span>
     <span class='ocr_line' id='line_1_33' title="bbox 191 1910 995 1952; baseline 0.004 -12"><span class='ocrx_word' id='word_1_213' title='bbox 191 1921 252 1941; x_wconf 80' lang='lat' dir='ltr'>nec</span> <span class='ocrx_word' id='word_1_214' title='bbox 278 1911 415 1950; x_wconf 82' lang='lat' dir='ltr'>funera</span> <span class='ocrx_word' id='word_1_215' title='bbox 440 1910 531 1951; x_wconf 79' lang='lat' dir='ltr'>fletu</span> <span class='ocrx_word' id='word_1_216' title='bbox 557 1910 676 1951; x_wconf 71' lang='lat' dir='ltr'>suxit,</span> <span class='ocrx_word' id='word_1_217' title='bbox 715 1918 746 1942; x_wconf 86' lang='lat' dir='ltr'>ut</span> <span class='ocrx_word' id='word_1_218' title='bbox 778 1912 914 1952; x_wconf 79' lang='lat' dir='ltr'>funera</span> <span class='ocrx_word' id='word_1_219' title='bbox 954 1915 995 1943; x_wconf 81' lang='lat' dir='ltr'>sit</span> 
     </span>
     <span class='ocr_line' id='line_1_34' title="bbox 191 1958 998 1996; baseline 0.001 -9"><span class='ocrx_word' id='word_1_220' title='bbox 191 1958 420 1987; x_wconf 76' lang='lat' dir='ltr'>accusativus.</span> <span class='ocrx_word' id='word_1_221' title='bbox 475 1959 534 1994; x_wconf 86' lang='lat' dir='ltr'>„te</span> <span class='ocrx_word' id='word_1_222' title='bbox 590 1960 651 1987; x_wconf 81' lang='lat' dir='ltr'>tna</span> <span class='ocrx_word' id='word_1_223' title='bbox 700 1958 836 1996; x_wconf 79' lang='lat' dir='ltr'>funera</span> <span class='ocrx_word' id='word_1_224' title='bbox 884 1962 998 1988; x_wconf 84' lang='lat' dir='ltr'>mater</span> 
     </span>
     <span class='ocr_line' id='line_1_35' title="bbox 191 2003 995 2043; baseline 0.001 -10"><span class='ocrx_word' id='word_1_225' title='bbox 191 2006 353 2043; x_wconf 75' lang='lat' dir='ltr'>Mpnybc.</span> <span class='ocrx_word' id='word_1_226' title='bbox 375 2006 406 2032; x_wconf 90' lang='lat' dir='ltr'>S.</span> <span class='ocrx_word' id='word_1_227' title='bbox 429 2003 526 2032; x_wconf 82' lang='lat' dir='ltr'>Nonii</span> <span class='ocrx_word' id='word_1_228' title='bbox 551 2004 670 2032; x_wconf 81' lang='lat' dir='ltr'>Donati</span> <span class='ocrx_word' id='word_1_229' title='bbox 686 2005 841 2033; x_wconf 82' lang='lat' dir='ltr'>Macrobii</span> <span class='ocrx_word' id='word_1_230' title='bbox 853 2007 995 2040; x_wconf 80' lang='lat' dir='ltr'>exempl.</span> 
     </span>
     <span class='ocr_line' id='line_1_36' title="bbox 191 2047 994 2087; baseline 0.001 -8"><span class='ocrx_word' id='word_1_231' title='bbox 191 2052 224 2079; x_wconf 83' lang='lat' dir='ltr'>te</span> <span class='ocrx_word' id='word_1_232' title='bbox 262 2047 298 2078; x_wconf 80' lang='lat' dir='ltr'>in</span> <span class='ocrx_word' id='word_1_233' title='bbox 326 2051 389 2079; x_wconf 80' lang='lat' dir='ltr'>tna</span> <span class='ocrx_word' id='word_1_234' title='bbox 415 2047 544 2084; x_wconf 74' lang='lat' dir='ltr'>funera</span> <span class='ocrx_word' id='word_1_235' title='bbox 569 2051 866 2087; x_wconf 76' lang='lat' dir='ltr'>Pseudodonatus,</span> <span class='ocrx_word' id='word_1_236' title='bbox 906 2050 994 2080; x_wconf 80' lang='lat' dir='ltr'>enirn</span> 
     </span>
     <span class='ocr_line' id='line_1_37' title="bbox 191 2093 996 2136; baseline 0.001 -13"><span class='ocrx_word' id='word_1_237' title='bbox 191 2097 253 2124; x_wconf 84' lang='lat' dir='ltr'>tua</span> <span class='ocrx_word' id='word_1_238' title='bbox 277 2093 411 2132; x_wconf 81' lang='lat' dir='ltr'>funera</span> <span class='ocrx_word' id='word_1_239' title='bbox 442 2097 558 2123; x_wconf 85' lang='lat' dir='ltr'>Moret.</span> <span class='ocrx_word' id='word_1_240' title='bbox 583 2102 651 2124; x_wconf 82' lang='lat' dir='ltr'>sec.</span> <span class='ocrx_word' id='word_1_241' title='bbox 687 2103 753 2136; x_wconf 78' lang='lat' dir='ltr'>ego</span> <span class='ocrx_word' id='word_1_242' title='bbox 780 2099 842 2125; x_wconf 78' lang='lat' dir='ltr'>tua</span> <span class='ocrx_word' id='word_1_243' title='bbox 862 2095 996 2134; x_wconf 81' lang='lat' dir='ltr'>funera</span> 
     </span>
     <span class='ocr_line' id='line_1_38' title="bbox 190 2139 993 2177; baseline 0.002 -9"><span class='ocrx_word' id='word_1_244' title='bbox 190 2143 348 2169; x_wconf 81' lang='lat' dir='ltr'>Parrhas.</span> <span class='ocrx_word' id='word_1_245' title='bbox 397 2141 429 2168; x_wconf 84' lang='lat' dir='ltr'>te</span> <span class='ocrx_word' id='word_1_246' title='bbox 455 2142 487 2169; x_wconf 80' lang='lat' dir='ltr'>et</span> <span class='ocrx_word' id='word_1_247' title='bbox 515 2142 577 2168; x_wconf 78' lang='lat' dir='ltr'>tua</span> <span class='ocrx_word' id='word_1_248' title='bbox 607 2139 741 2177; x_wconf 81' lang='lat' dir='ltr'>funera</span> <span class='ocrx_word' id='word_1_249' title='bbox 776 2144 993 2171; x_wconf 80' lang='lat' dir='ltr'>Heumannus</span> 
     </span>
     <span class='ocr_line' id='line_1_39' title="bbox 192 2184 993 2226; baseline 0.001 -11"><span class='ocrx_word' id='word_1_250' title='bbox 192 2184 310 2215; x_wconf 79' lang='lat' dir='ltr'>tristia</span> <span class='ocrx_word' id='word_1_251' title='bbox 325 2185 460 2223; x_wconf 79' lang='lat' dir='ltr'>funera</span> <span class='ocrx_word' id='word_1_252' title='bbox 492 2187 704 2215; x_wconf 84' lang='lat' dir='ltr'>Burmannus</span> <span class='ocrx_word' id='word_1_253' title='bbox 738 2185 828 2225; x_wconf 78' lang='lat' dir='ltr'>fletu</span> <span class='ocrx_word' id='word_1_254' title='bbox 856 2187 993 2226; x_wconf 82' lang='lat' dir='ltr'>funera</span> 
     </span>
     <span class='ocr_line' id='line_1_40' title="bbox 190 2231 996 2270; baseline 0.002 -10"><span class='ocrx_word' id='word_1_255' title='bbox 190 2233 450 2268; x_wconf 79' lang='lat' dir='ltr'>Peertkampus,</span> <span class='ocrx_word' id='word_1_256' title='bbox 485 2231 670 2266; x_wconf 85' lang='lat' dir='ltr'>ingeniose.</span> <span class='ocrx_word' id='word_1_257' title='bbox 716 2234 748 2261; x_wconf 89' lang='lat' dir='ltr'>te</span> <span class='ocrx_word' id='word_1_258' title='bbox 784 2235 846 2262; x_wconf 83' lang='lat' dir='ltr'>tua</span> <span class='ocrx_word' id='word_1_259' title='bbox 867 2232 996 2270; x_wconf 81' lang='lat' dir='ltr'>sunere</span> 
     </span>
     <span class='ocr_line' id='line_1_41' title="bbox 189 2277 994 2313; baseline 0 -6"><span class='ocrx_word' id='word_1_260' title='bbox 189 2280 308 2307; x_wconf 86' lang='lat' dir='ltr'>Petrus</span> <span class='ocrx_word' id='word_1_261' title='bbox 341 2279 486 2306; x_wconf 88' lang='lat' dir='ltr'>Bembus</span> <span class='ocrx_word' id='word_1_262' title='bbox 519 2277 731 2312; x_wconf 82' lang='lat' dir='ltr'>(coniectura</span> <span class='ocrx_word' id='word_1_263' title='bbox 760 2280 919 2313; x_wconf 75' lang='lat' dir='ltr'>probabili</span> <span class='ocrx_word' id='word_1_264' title='bbox 953 2279 994 2307; x_wconf 83' lang='lat' dir='ltr'>cf.</span> 
     </span>
     <span class='ocr_line' id='line_1_42' title="bbox 189 2320 996 2358; baseline 0.001 -6"><span class='ocrx_word' id='word_1_265' title='bbox 189 2322 220 2353; x_wconf 78' lang='lat'>4.</span> <span class='ocrx_word' id='word_1_266' title='bbox 260 2323 324 2358; x_wconf 75' lang='lat'>98)</span> <span class='ocrx_word' id='word_1_267' title='bbox 372 2320 479 2351; x_wconf 80' lang='lat' dir='ltr'>taeda</span> <span class='ocrx_word' id='word_1_268' title='bbox 505 2321 637 2358; x_wconf 82' lang='lat' dir='ltr'>funera</span> <span class='ocrx_word' id='word_1_269' title='bbox 681 2325 897 2353; x_wconf 75' lang='lat' dir='ltr'>Hoffmannus</span> <span class='ocrx_word' id='word_1_270' title='bbox 939 2325 996 2353; x_wconf 90' lang='lat' dir='ltr'>Li-</span> 
     </span>
     <span class='ocr_line' id='line_1_43' title="bbox 189 2369 994 2407; baseline 0.001 -9"><span class='ocrx_word' id='word_1_271' title='bbox 189 2372 319 2398; x_wconf 89' lang='lat' dir='ltr'>brorum</span> <span class='ocrx_word' id='word_1_272' title='bbox 343 2369 540 2403; x_wconf 78' lang='lat' dir='ltr'>scripturam</span> <span class='ocrx_word' id='word_1_273' title='bbox 561 2369 612 2398; x_wconf 86' lang='lat' dir='ltr'>sic</span> <span class='ocrx_word' id='word_1_274' title='bbox 627 2369 841 2405; x_wconf 87' lang='lat' dir='ltr'>interpretor:</span> <span class='ocrx_word' id='word_1_275' title='bbox 865 2379 925 2399; x_wconf 88' lang='grc'>000</span> <span class='ocrx_word' id='word_1_276' title='bbox 953 2375 994 2407; x_wconf 85' lang='lat' dir='ltr'>te,</span> 
     </span>
     <span class='ocr_line' id='line_1_44' title="bbox 188 2414 993 2449; baseline 0.002 -6"><span class='ocrx_word' id='word_1_277' title='bbox 188 2416 286 2444; x_wconf 89' lang='lat' dir='ltr'>immo</span> <span class='ocrx_word' id='word_1_278' title='bbox 330 2418 386 2443; x_wconf 84' lang='lat' dir='ltr'>tua</span> <span class='ocrx_word' id='word_1_279' title='bbox 418 2414 536 2442; x_wconf 85' lang='lat' dir='ltr'>funera</span> <span class='ocrx_word' id='word_1_280' title='bbox 569 2416 720 2449; x_wconf 86' lang='lat' dir='ltr'>produxi.</span> <span class='ocrx_word' id='word_1_281' title='bbox 778 2417 899 2446; x_wconf 81' lang='lat' dir='ltr'>contra</span> <span class='ocrx_word' id='word_1_282' title='bbox 931 2418 993 2445; x_wconf 81' lang='lat' dir='ltr'>tua</span> 
     </span>
     <span class='ocr_line' id='line_1_45' title="bbox 181 2460 992 2499; baseline 0.004 -11"><span class='ocrx_word' id='word_1_283' title='bbox 181 2460 319 2499; x_wconf 83' lang='lat' dir='ltr'>funera</span> <span class='ocrx_word' id='word_1_284' title='bbox 348 2481 355 2488; x_wconf 93' lang='lat'>.</span> <span class='ocrx_word' id='word_1_285' title='bbox 384 2481 391 2488; x_wconf 89' lang='lat'>.</span> <span class='ocrx_word' id='word_1_286' title='bbox 420 2461 543 2499; x_wconf 72' lang='lat' dir='ltr'>tegens</span> <span class='ocrx_word' id='word_1_287' title='bbox 586 2461 757 2490; x_wconf 81' lang='lat' dir='ltr'>coniunxit</span> <span class='ocrx_word' id='word_1_288' title='bbox 801 2462 992 2491; x_wconf 81' lang='lat' dir='ltr'>Ladevicus</span> 
     </span>
     <span class='ocr_line' id='line_1_46' title="bbox 188 2504 792 2541; baseline 0 -5"><span class='ocrx_word' id='word_1_289' title='bbox 188 2506 308 2541; x_wconf 83' lang='lat' dir='ltr'>positis</span> <span class='ocrx_word' id='word_1_290' title='bbox 335 2504 413 2534; x_wconf 75' lang='lat'>488.</span> <span class='ocrx_word' id='word_1_291' title='bbox 440 2504 484 2533; x_wconf 71' lang='lat'>89</span> <span class='ocrx_word' id='word_1_292' title='bbox 511 2510 587 2534; x_wconf 82' lang='grc' dir='ltr'>30ῐο</span> <span class='ocrx_word' id='word_1_293' title='bbox 613 2504 701 2534; x_wconf 78' lang='grc'>487“</span> <span class='ocrx_word' id='word_1_294' title='bbox 729 2504 792 2536; x_wconf 85' lang='lat' dir='ltr'>Rb.</span> 
     </span>
    </p>

    <p class='ocr_par' dir='ltr' id='par_1_20' title="bbox 180 2547 993 3038">
     <span class='ocr_line' id='line_1_47' title="bbox 233 2547 992 2590; baseline 0.004 -11"><span class='ocrx_word' id='word_1_295' title='bbox 233 2551 311 2580; x_wconf 78' lang='lat'>487.</span> <span class='ocrx_word' id='word_1_296' title='bbox 335 2547 508 2590; x_wconf 78' lang='lat' dir='ltr'>produxi:</span> <span class='ocrx_word' id='word_1_297' title='bbox 532 2552 612 2580; x_wconf 88' lang='lat' dir='ltr'>Luc.</span> <span class='ocrx_word' id='word_1_298' title='bbox 639 2550 671 2587; x_wconf 92' lang='grc'>2,</span> <span class='ocrx_word' id='word_1_299' title='bbox 693 2551 759 2580; x_wconf 80' lang='grc'>297</span> <span class='ocrx_word' id='word_1_300' title='bbox 795 2550 864 2582; x_wconf 76' lang='lat' dir='ltr'>Cen</span> <span class='ocrx_word' id='word_1_301' title='bbox 883 2555 992 2583; x_wconf 79' lang='lat' dir='ltr'>morte</span> 
     </span>
     <span class='ocr_line' id='line_1_48' title="bbox 185 2595 990 2639; baseline 0.002 -14"><span class='ocrx_word' id='word_1_302' title='bbox 185 2599 366 2637; x_wconf 82' lang='lat' dir='ltr'>parentem</span> <span class='ocrx_word' id='word_1_303' title='bbox 410 2597 572 2625; x_wconf 81' lang='lat' dir='ltr'>natorum</span> <span class='ocrx_word' id='word_1_304' title='bbox 611 2595 790 2634; x_wconf 79' lang='lat' dir='ltr'>orbatum,</span> <span class='ocrx_word' id='word_1_305' title='bbox 842 2595 990 2639; x_wconf 80' lang='lat' dir='ltr'>longum</span> 
     </span>
     <span class='ocr_line' id='line_1_49' title="bbox 185 2639 993 2684; baseline 0.002 -13"><span class='ocrx_word' id='word_1_306' title='bbox 185 2639 378 2682; x_wconf 82' lang='lat' dir='ltr'>producere</span> <span class='ocrx_word' id='word_1_307' title='bbox 401 2640 515 2679; x_wconf 82' lang='lat' dir='ltr'>funus</span> <span class='ocrx_word' id='word_1_308' title='bbox 547 2639 594 2670; x_wconf 83' lang='lat' dir='ltr'>ad</span> <span class='ocrx_word' id='word_1_309' title='bbox 612 2639 765 2671; x_wconf 77' lang='lat' dir='ltr'>tumulos</span> <span class='ocrx_word' id='word_1_310' title='bbox 798 2640 891 2672; x_wconf 77' lang='lat' dir='ltr'>iubet</span> <span class='ocrx_word' id='word_1_311' title='bbox 919 2642 993 2684; x_wconf 74' lang='lat' dir='ltr'>ipse</span> 
     </span>
     <span class='ocr_line' id='line_1_50' title="bbox 188 2685 991 2727; baseline 0.004 -11"><span class='ocrx_word' id='word_1_312' title='bbox 188 2685 298 2717; x_wconf 79' lang='lat' dir='ltr'>dolor.</span> <span class='ocrx_word' id='word_1_313' title='bbox 347 2691 428 2716; x_wconf 85' lang='lat' dir='ltr'>Stat.</span> <span class='ocrx_word' id='word_1_314' title='bbox 461 2687 543 2716; x_wconf 83' lang='lat' dir='ltr'>Silv.</span> <span class='ocrx_word' id='word_1_315' title='bbox 573 2686 605 2724; x_wconf 82' lang='lat'>2,</span> <span class='ocrx_word' id='word_1_316' title='bbox 633 2687 663 2725; x_wconf 92' lang='lat'>1,</span> <span class='ocrx_word' id='word_1_317' title='bbox 691 2687 732 2716; x_wconf 89' lang='lat'>19</span> <span class='ocrx_word' id='word_1_318' title='bbox 762 2685 840 2727; x_wconf 85' lang='lat' dir='ltr'>Ipse</span> <span class='ocrx_word' id='word_1_319' title='bbox 865 2687 991 2719; x_wconf 78' lang='lat' dir='ltr'>etenim</span> 
     </span>
     <span class='ocr_line' id='line_1_51' title="bbox 186 2730 992 2774; baseline 0.001 -11"><span class='ocrx_word' id='word_1_320' title='bbox 186 2735 298 2763; x_wconf 82' lang='lat' dir='ltr'>tecum</span> <span class='ocrx_word' id='word_1_321' title='bbox 327 2730 459 2773; x_wconf 77' lang='lat' dir='ltr'>nigrae</span> <span class='ocrx_word' id='word_1_322' title='bbox 489 2730 671 2762; x_wconf 83' lang='lat' dir='ltr'>sollemnia</span> <span class='ocrx_word' id='word_1_323' title='bbox 701 2741 853 2774; x_wconf 80' lang='lat' dir='ltr'>pompae</span> <span class='ocrx_word' id='word_1_324' title='bbox 874 2757 905 2764; x_wconf 89' lang='lat'>..</span> <span class='ocrx_word' id='word_1_325' title='bbox 925 2758 932 2764; x_wconf 90' lang='lat'>.</span> <span class='ocrx_word' id='word_1_326' title='bbox 960 2737 992 2764; x_wconf 83' lang='lat' dir='ltr'>et</span> 
     </span>
     <span class='ocr_line' id='line_1_52' title="bbox 183 2775 992 2818; baseline 0.002 -11"><span class='ocrx_word' id='word_1_327' title='bbox 183 2775 321 2818; x_wconf 84' lang='lat' dir='ltr'>puerile</span> <span class='ocrx_word' id='word_1_328' title='bbox 361 2777 533 2815; x_wconf 77' lang='lat' dir='ltr'>feretrum</span> <span class='ocrx_word' id='word_1_329' title='bbox 575 2776 732 2818; x_wconf 69' lang='lat' dir='ltr'>produxi</span> <span class='ocrx_word' id='word_1_330' title='bbox 771 2795 808 2799; x_wconf 91' lang='lat'>-—</span> <span class='ocrx_word' id='word_1_331' title='bbox 856 2778 992 2810; x_wconf 71' lang='lat' dir='ltr'>Ducere</span> 
     </span>
     <span class='ocr_line' id='line_1_53' title="bbox 180 2822 989 2863; baseline 0.004 -11"><span class='ocrx_word' id='word_1_332' title='bbox 180 2822 297 2861; x_wconf 79' lang='lat' dir='ltr'>funus</span> <span class='ocrx_word' id='word_1_333' title='bbox 325 2824 481 2854; x_wconf 70' lang='lat' dir='ltr'>usitatius</span> <span class='ocrx_word' id='word_1_334' title='bbox 512 2827 573 2853; x_wconf 88' lang='lat' dir='ltr'>est.</span> <span class='ocrx_word' id='word_1_335' title='bbox 606 2841 652 2844; x_wconf 97' lang='lat'><strong>—</strong></span> <span class='ocrx_word' id='word_1_336' title='bbox 679 2823 835 2863; x_wconf 74' lang='lat' dir='ltr'>pressive</span> <span class='ocrx_word' id='word_1_337' title='bbox 859 2823 989 2855; x_wconf 84' lang='lat' dir='ltr'>oculos.</span> 
     </span>
     <span class='ocr_line' id='line_1_54' title="bbox 186 2870 988 2908; baseline 0.006 -12"><span class='ocrx_word' id='word_1_338' title='bbox 186 2870 305 2898; x_wconf 84' lang='lat' dir='ltr'>Mortui</span> <span class='ocrx_word' id='word_1_339' title='bbox 335 2870 492 2899; x_wconf 83' lang='lat' dir='ltr'>claudere</span> <span class='ocrx_word' id='word_1_340' title='bbox 517 2871 633 2899; x_wconf 86' lang='lat' dir='ltr'>oculos</span> <span class='ocrx_word' id='word_1_341' title='bbox 665 2871 796 2908; x_wconf 82' lang='lat' dir='ltr'>solebat</span> <span class='ocrx_word' id='word_1_342' title='bbox 818 2873 988 2906; x_wconf 85' lang='lat' dir='ltr'>proximus</span> 
     </span>
     <span class='ocr_line' id='line_1_55' title="bbox 187 2912 989 2955; baseline 0.006 -14"><span class='ocrx_word' id='word_1_343' title='bbox 187 2914 228 2942; x_wconf 87' lang='lat' dir='ltr'>cf.</span> <span class='ocrx_word' id='word_1_344' title='bbox 256 2916 316 2944; x_wconf 64' lang='grc' dir='ltr'>ΟΥ.</span> <span class='ocrx_word' id='word_1_345' title='bbox 344 2917 420 2944; x_wconf 85' lang='lat' dir='ltr'>Her.</span> <span class='ocrx_word' id='word_1_346' title='bbox 450 2915 478 2951; x_wconf 84' lang='lat' dir='ltr'>l,</span> <span class='ocrx_word' id='word_1_347' title='bbox 508 2914 573 2943; x_wconf 80' lang='lat'>113</span> <span class='ocrx_word' id='word_1_348' title='bbox 595 2912 744 2955; x_wconf 76' lang='lat' dir='ltr'>Respice</span> <span class='ocrx_word' id='word_1_349' title='bbox 762 2913 923 2946; x_wconf 83' lang='lat' dir='ltr'>Laertem</span> <span class='ocrx_word' id='word_1_350' title='bbox 951 2919 989 2946; x_wconf 85' lang='lat' dir='ltr'>ut</span> 
     </span>
     <span class='ocr_line' id='line_1_56' title="bbox 187 2955 990 2992; baseline 0.006 -6"><span class='ocrx_word' id='word_1_351' title='bbox 187 2955 257 2987; x_wconf 86' lang='lat' dir='ltr'>iam</span> <span class='ocrx_word' id='word_1_352' title='bbox 296 2968 360 2989; x_wconf 85' lang='lat' dir='ltr'>sua</span> <span class='ocrx_word' id='word_1_353' title='bbox 399 2957 534 2990; x_wconf 83' lang='lat' dir='ltr'>lumina</span> <span class='ocrx_word' id='word_1_354' title='bbox 575 2959 717 2990; x_wconf 83' lang='lat' dir='ltr'>condas.</span> <span class='ocrx_word' id='word_1_355' title='bbox 758 2978 802 2982; x_wconf 81' lang='lat'>—</span> <span class='ocrx_word' id='word_1_356' title='bbox 844 2960 990 2992; x_wconf 79' lang='lat' dir='ltr'>vulnera</span> 
     </span>
     <span class='ocr_line' id='line_1_57' title="bbox 187 3000 989 3038; baseline 0.007 -7"><span class='ocrx_word' id='word_1_357' title='bbox 187 3000 271 3032; x_wconf 83' lang='lat' dir='ltr'>lavi.</span> <span class='ocrx_word' id='word_1_358' title='bbox 312 3008 424 3035; x_wconf 87' lang='lat' dir='ltr'>Solent</span> <span class='ocrx_word' id='word_1_359' title='bbox 452 3006 595 3036; x_wconf 71' lang='lat' dir='ltr'>feminae</span> <span class='ocrx_word' id='word_1_360' title='bbox 621 3007 766 3037; x_wconf 86' lang='lat' dir='ltr'>maxime</span> <span class='ocrx_word' id='word_1_361' title='bbox 788 3008 820 3037; x_wconf 87' lang='lat' dir='ltr'>in</span> <span class='ocrx_word' id='word_1_362' title='bbox 848 3008 989 3038; x_wconf 78' lang='lat' dir='ltr'>affinium</span> 
     </span>
    </p>
   </div>
   <div class='ocr_carea' id='block_1_7' title="bbox 1047 1320 1851 1403">
    <p class='ocr_par' dir='ltr' id='par_1_21' title="bbox 1047 1320 1851 1403">
     <span class='ocr_line' id='line_1_58' title="bbox 1048 1320 1851 1358; baseline -0.001 -7"><span class='ocrx_word' id='word_1_363' title='bbox 1048 1328 1151 1351; x_wconf 86' lang='lat' dir='ltr'>morte</span> <span class='ocrx_word' id='word_1_364' title='bbox 1191 1323 1346 1352; x_wconf 83' lang='lat' dir='ltr'>solatium</span> <span class='ocrx_word' id='word_1_365' title='bbox 1389 1324 1529 1355; x_wconf 80' lang='lat' dir='ltr'>hahere,</span> <span class='ocrx_word' id='word_1_366' title='bbox 1556 1321 1585 1350; x_wconf 86' lang='lat' dir='ltr'>si</span> <span class='ocrx_word' id='word_1_367' title='bbox 1611 1320 1738 1358; x_wconf 83' lang='lat' dir='ltr'>omnia,</span> <span class='ocrx_word' id='word_1_368' title='bbox 1766 1328 1851 1355; x_wconf 77' lang='lat' dir='ltr'>quae</span> 
     </span>
     <span class='ocr_line' id='line_1_59' title="bbox 1047 1369 1793 1403; baseline -0.003 -6"><span class='ocrx_word' id='word_1_369' title='bbox 1047 1370 1087 1397; x_wconf 82' lang='lat' dir='ltr'>ad</span> <span class='ocrx_word' id='word_1_370' title='bbox 1118 1369 1232 1397; x_wconf 86' lang='lat' dir='ltr'>mortui</span> <span class='ocrx_word' id='word_1_371' title='bbox 1259 1369 1358 1397; x_wconf 79' lang='lat' dir='ltr'>funus</span> <span class='ocrx_word' id='word_1_372' title='bbox 1385 1369 1557 1403; x_wconf 77' lang='lat' dir='ltr'>pertinent,</span> <span class='ocrx_word' id='word_1_373' title='bbox 1582 1371 1793 1395; x_wconf 74' lang='lat' dir='ltr'>curaverunt.</span> 
     </span>
    </p>
   </div>
   <div class='ocr_carea' id='block_1_8' title="bbox 1041 1423 1851 1840">
    <p class='ocr_par' dir='ltr' id='par_1_22' title="bbox 1041 1423 1851 1687">
     <span class='ocr_line' id='line_1_60' title="bbox 1092 1423 1850 1465; baseline -0.001 -12"><span class='ocrx_word' id='word_1_374' title='bbox 1092 1423 1168 1454; x_wconf 74' lang='lat'>488.</span> <span class='ocrx_word' id='word_1_375' title='bbox 1197 1427 1289 1455; x_wconf 82' lang='lat' dir='ltr'>veste</span> <span class='ocrx_word' id='word_1_376' title='bbox 1319 1427 1453 1465; x_wconf 74' lang='lat' dir='ltr'>tegens.</span> <span class='ocrx_word' id='word_1_377' title='bbox 1501 1424 1610 1453; x_wconf 62' lang='lat' dir='ltr'>Voluit</span> <span class='ocrx_word' id='word_1_378' title='bbox 1630 1428 1732 1452; x_wconf 86' lang='lat' dir='ltr'>mater</span> <span class='ocrx_word' id='word_1_379' title='bbox 1751 1424 1850 1452; x_wconf 81' lang='lat' dir='ltr'>filium</span> 
     </span>
     <span class='ocr_line' id='line_1_61' title="bbox 1047 1470 1851 1505; baseline -0.001 -7"><span class='ocrx_word' id='word_1_380' title='bbox 1047 1471 1194 1505; x_wconf 81' lang='lat' dir='ltr'>pretiosa</span> <span class='ocrx_word' id='word_1_381' title='bbox 1222 1476 1327 1505; x_wconf 77' lang='lat' dir='ltr'>veste,</span> <span class='ocrx_word' id='word_1_382' title='bbox 1355 1478 1452 1505; x_wconf 81' lang='lat' dir='ltr'>quam</span> <span class='ocrx_word' id='word_1_383' title='bbox 1485 1470 1564 1498; x_wconf 74' lang='lat' dir='ltr'>vivo</span> <span class='ocrx_word' id='word_1_384' title='bbox 1593 1471 1694 1498; x_wconf 80' lang='lat' dir='ltr'>decus</span> <span class='ocrx_word' id='word_1_385' title='bbox 1721 1474 1851 1504; x_wconf 73' lang='lat' dir='ltr'>putarat</span> 
     </span>
     <span class='ocr_line' id='line_1_62' title="bbox 1044 1515 1850 1553; baseline 0 -9"><span class='ocrx_word' id='word_1_386' title='bbox 1044 1515 1131 1553; x_wconf 83' lang='lat' dir='ltr'>fore,</span> <span class='ocrx_word' id='word_1_387' title='bbox 1170 1521 1260 1544; x_wconf 78' lang='lat' dir='ltr'>certe</span> <span class='ocrx_word' id='word_1_388' title='bbox 1303 1517 1334 1544; x_wconf 89' lang='lat' dir='ltr'>in</span> <span class='ocrx_word' id='word_1_389' title='bbox 1375 1521 1476 1544; x_wconf 88' lang='lat' dir='ltr'>morte</span> <span class='ocrx_word' id='word_1_390' title='bbox 1512 1522 1642 1543; x_wconf 85' lang='lat' dir='ltr'>ornare.</span> <span class='ocrx_word' id='word_1_391' title='bbox 1692 1515 1850 1550; x_wconf 82' lang='lat' dir='ltr'>Legimus</span> 
     </span>
     <span class='ocr_line' id='line_1_63' title="bbox 1045 1561 1849 1590; baseline 0.002 -2"><span class='ocrx_word' id='word_1_392' title='bbox 1045 1566 1154 1588; x_wconf 81' lang='lat' dir='ltr'>autem</span> <span class='ocrx_word' id='word_1_393' title='bbox 1192 1562 1287 1589; x_wconf 77' lang='lat' dir='ltr'>eiiam</span> <span class='ocrx_word' id='word_1_394' title='bbox 1332 1563 1501 1589; x_wconf 81' lang='lat' dir='ltr'>Romanos</span> <span class='ocrx_word' id='word_1_395' title='bbox 1550 1561 1687 1589; x_wconf 87' lang='lat' dir='ltr'>mortuis</span> <span class='ocrx_word' id='word_1_396' title='bbox 1732 1566 1849 1590; x_wconf 74' lang='lat' dir='ltr'>vestes</span> 
     </span>
     <span class='ocr_line' id='line_1_64' title="bbox 1041 1603 1848 1645; baseline 0.002 -11"><span class='ocrx_word' id='word_1_397' title='bbox 1041 1607 1202 1635; x_wconf 74' lang='lat' dir='ltr'>indidisse.</span> <span class='ocrx_word' id='word_1_398' title='bbox 1250 1607 1555 1640; x_wconf 76' lang='lat' dir='ltr'>sptemtiuissimas.</span> <span class='ocrx_word' id='word_1_399' title='bbox 1597 1621 1642 1625; x_wconf 90' lang='lat'><strong>—</strong></span> <span class='ocrx_word' id='word_1_400' title='bbox 1691 1603 1848 1645; x_wconf 82' lang='lat' dir='ltr'>Festina,</span> 
     </span>
     <span class='ocr_line' id='line_1_65' title="bbox 1043 1652 1521 1687; baseline -0.002 -7"><span class='ocrx_word' id='word_1_401' title='bbox 1043 1652 1162 1687; x_wconf 81' lang='lat' dir='ltr'>cupida</span> <span class='ocrx_word' id='word_1_402' title='bbox 1187 1653 1298 1687; x_wconf 87' lang='lat' dir='ltr'>operis</span> <span class='ocrx_word' id='word_1_403' title='bbox 1324 1652 1521 1687; x_wconf 79' lang='lat' dir='ltr'>perficiendi.</span> 
     </span>
    </p>

    <p class='ocr_par' dir='ltr' id='par_1_23' title="bbox 1041 1706 1847 1840">
     <span class='ocr_line' id='line_1_66' title="bbox 1087 1706 1847 1749; baseline -0.001 -13"><span class='ocrx_word' id='word_1_404' title='bbox 1087 1707 1164 1737; x_wconf 75' lang='lat'>489.</span> <span class='ocrx_word' id='word_1_405' title='bbox 1192 1717 1295 1748; x_wconf 81' lang='lat' dir='ltr'>qnam</span> <span class='ocrx_word' id='word_1_406' title='bbox 1326 1706 1515 1749; x_wconf 71' lang='lat' dir='ltr'>urgebam.-</span> <span class='ocrx_word' id='word_1_407' title='bbox 1547 1708 1593 1736; x_wconf 82' lang='lat' dir='ltr'>ita</span> <span class='ocrx_word' id='word_1_408' title='bbox 1619 1710 1712 1736; x_wconf 82' lang='lat' dir='ltr'>Mart.</span> <span class='ocrx_word' id='word_1_409' title='bbox 1737 1707 1769 1744; x_wconf 85' lang='grc'>8,</span> <span class='ocrx_word' id='word_1_410' title='bbox 1793 1706 1847 1744; x_wconf 82' lang='grc'>33,</span> 
     </span>
     <span class='ocr_line' id='line_1_67' title="bbox 1044 1751 1847 1793; baseline 0 -11"><span class='ocrx_word' id='word_1_411' title='bbox 1044 1754 1085 1782; x_wconf 79' lang='grc'>16</span> <span class='ocrx_word' id='word_1_412' title='bbox 1110 1752 1193 1782; x_wconf 86' lang='lat' dir='ltr'>&#39;I&#39;am</span> <span class='ocrx_word' id='word_1_413' title='bbox 1222 1752 1295 1782; x_wconf 80' lang='lat' dir='ltr'>leve</span> <span class='ocrx_word' id='word_1_414' title='bbox 1308 1762 1369 1782; x_wconf 57' lang='lat' dir='ltr'>‘nec</span> <span class='ocrx_word' id='word_1_415' title='bbox 1389 1751 1532 1792; x_wconf 61' lang='lat' dir='ltr'>bombyx</span> <span class='ocrx_word' id='word_1_416' title='bbox 1550 1751 1727 1793; x_wconf 79' lang='lat' dir='ltr'>pendulus</span> <span class='ocrx_word' id='word_1_417' title='bbox 1743 1756 1847 1793; x_wconf 72' lang='lat' dir='ltr'>urget</span> 
     </span>
     <span class='ocr_line' id='line_1_68' title="bbox 1041 1797 1509 1840; baseline -0.002 -13"><span class='ocrx_word' id='word_1_418' title='bbox 1041 1807 1129 1840; x_wconf 80' lang='lat' dir='ltr'>opus</span> <span class='ocrx_word' id='word_1_419' title='bbox 1154 1814 1200 1820; x_wconf 84' lang='lat'><strong>—</strong></span> <span class='ocrx_word' id='word_1_420' title='bbox 1228 1801 1258 1828; x_wconf 84' lang='lat' dir='ltr'>et</span> <span class='ocrx_word' id='word_1_421' title='bbox 1285 1799 1324 1827; x_wconf 87' lang='lat' dir='ltr'>cf.</span> <span class='ocrx_word' id='word_1_422' title='bbox 1357 1798 1407 1837; x_wconf 85' lang='grc'>12,</span> <span class='ocrx_word' id='word_1_423' title='bbox 1433 1797 1509 1827; x_wconf 73' lang='lat'>944.</span> 
     </span>
    </p>
   </div>
   <div class='ocr_carea' id='block_1_9' title="bbox 1044 1853 1847 1983">
    <p class='ocr_par' dir='ltr' id='par_1_24' title="bbox 1044 1853 1847 1983">
     <span class='ocr_line' id='line_1_69' title="bbox 1090 1853 1847 1893; baseline 0 -9"><span class='ocrx_word' id='word_1_424' title='bbox 1090 1854 1167 1884; x_wconf 75' lang='lat'>492.</span> <span class='ocrx_word' id='word_1_425' title='bbox 1195 1853 1257 1884; x_wconf 81' lang='lat' dir='ltr'>hoc</span> <span class='ocrx_word' id='word_1_426' title='bbox 1299 1858 1415 1884; x_wconf 54' lang='lat' dir='ltr'>ablat:</span> <span class='ocrx_word' id='word_1_427' title='bbox 1455 1859 1588 1890; x_wconf 88' lang='lat' dir='ltr'>propter</span> <span class='ocrx_word' id='word_1_428' title='bbox 1620 1857 1700 1893; x_wconf 79' lang='grc'>1100,</span> <span class='ocrx_word' id='word_1_429' title='bbox 1741 1859 1772 1884; x_wconf 88' lang='lat' dir='ltr'>ut</span> <span class='ocrx_word' id='word_1_430' title='bbox 1809 1863 1847 1885; x_wconf 90' lang='lat' dir='ltr'>eo</span> 
     </span>
     <span class='ocr_line' id='line_1_70' title="bbox 1044 1901 1846 1938; baseline 0 -8"><span class='ocrx_word' id='word_1_431' title='bbox 1044 1906 1179 1937; x_wconf 86' lang='lat' dir='ltr'>propter</span> <span class='ocrx_word' id='word_1_432' title='bbox 1202 1909 1258 1935; x_wconf 76' lang='lat' dir='ltr'>ea;</span> <span class='ocrx_word' id='word_1_433' title='bbox 1288 1901 1316 1938; x_wconf 93' lang='grc'>1,</span> <span class='ocrx_word' id='word_1_434' title='bbox 1342 1901 1421 1930; x_wconf 77' lang='grc'>238.</span> <span class='ocrx_word' id='word_1_435' title='bbox 1470 1902 1534 1930; x_wconf 84' lang='lat' dir='ltr'>Sed</span> <span class='ocrx_word' id='word_1_436' title='bbox 1561 1904 1709 1936; x_wconf 75' lang='lat' dir='ltr'>praestat</span> <span class='ocrx_word' id='word_1_437' title='bbox 1734 1901 1781 1938; x_wconf 84' lang='lat' dir='ltr'>id,</span> <span class='ocrx_word' id='word_1_438' title='bbox 1813 1905 1846 1930; x_wconf 87' lang='lat' dir='ltr'>ut</span> 
     </span>
     <span class='ocr_line' id='line_1_71' title="bbox 1044 1943 1844 1983; baseline 0 -8"><span class='ocrx_word' id='word_1_439' title='bbox 1044 1949 1248 1976; x_wconf 76' lang='lat' dir='ltr'>antecedens</span> <span class='ocrx_word' id='word_1_440' title='bbox 1274 1943 1348 1983; x_wconf 80' lang='lat' dir='ltr'>hoc,</span> <span class='ocrx_word' id='word_1_441' title='bbox 1375 1947 1529 1982; x_wconf 80' lang='lat' dir='ltr'>accipere</span> <span class='ocrx_word' id='word_1_442' title='bbox 1553 1955 1611 1982; x_wconf 90' lang='lat' dir='ltr'>pro</span> <span class='ocrx_word' id='word_1_443' title='bbox 1636 1947 1844 1976; x_wconf 80' lang='lat' dir='ltr'>accusativo.</span> 
     </span>
    </p>
   </div>
   <div class='ocr_carea' id='block_1_10' title="bbox 1039 1997 1846 2588">
    <p class='ocr_par' dir='ltr' id='par_1_25' title="bbox 1043 1997 1846 2131">
     <span class='ocr_line' id='line_1_72' title="bbox 1090 1997 1846 2044; baseline 0.001 -13"><span class='ocrx_word' id='word_1_444' title='bbox 1090 2002 1167 2032; x_wconf 83' lang='lat'>496.</span> <span class='ocrx_word' id='word_1_445' title='bbox 1195 2001 1345 2032; x_wconf 73' lang='lat' dir='ltr'>invisum</span> <span class='ocrx_word' id='word_1_446' title='bbox 1372 2006 1501 2044; x_wconf 79' lang='lat' dir='ltr'>caput3</span> <span class='ocrx_word' id='word_1_447' title='bbox 1525 1997 1636 2033; x_wconf 71' lang='lat' dir='ltr'>invisa</span> <span class='ocrx_word' id='word_1_448' title='bbox 1662 2004 1726 2033; x_wconf 85' lang='lat' dir='ltr'>sibi</span> <span class='ocrx_word' id='word_1_449' title='bbox 1752 2005 1846 2033; x_wconf 69' lang='lat' dir='ltr'>vide-</span> 
     </span>
     <span class='ocr_line' id='line_1_73' title="bbox 1043 2050 1845 2086; baseline 0 -8"><span class='ocrx_word' id='word_1_450' title='bbox 1043 2053 1095 2078; x_wconf 86' lang='lat' dir='ltr'>tur</span> <span class='ocrx_word' id='word_1_451' title='bbox 1121 2050 1194 2086; x_wconf 77' lang='lat' dir='ltr'>diis,</span> <span class='ocrx_word' id='word_1_452' title='bbox 1224 2050 1277 2078; x_wconf 90' lang='lat' dir='ltr'>cui</span> <span class='ocrx_word' id='word_1_453' title='bbox 1302 2054 1426 2079; x_wconf 79' lang='lat' dir='ltr'>tantum</span> <span class='ocrx_word' id='word_1_454' title='bbox 1446 2051 1568 2078; x_wconf 78' lang='lat' dir='ltr'>malum</span> <span class='ocrx_word' id='word_1_455' title='bbox 1586 2050 1776 2084; x_wconf 87' lang='lat' dir='ltr'>impositum</span> <span class='ocrx_word' id='word_1_456' title='bbox 1793 2050 1845 2079; x_wconf 84' lang='lat' dir='ltr'>sit.</span> 
     </span>
     <span class='ocr_line' id='line_1_74' title="bbox 1047 2094 1264 2131; baseline -0.009 -7"><span class='ocrx_word' id='word_1_457' title='bbox 1047 2096 1100 2124; x_wconf 91' lang='lat' dir='ltr'>Sic</span> <span class='ocrx_word' id='word_1_458' title='bbox 1128 2094 1159 2131; x_wconf 87' lang='grc'>2,</span> <span class='ocrx_word' id='word_1_459' title='bbox 1188 2094 1264 2123; x_wconf 71' lang='lat'>647.</span> 
     </span>
    </p>

    <p class='ocr_par' dir='ltr' id='par_1_26' title="bbox 1039 2137 1846 2541">
     <span class='ocr_line' id='line_1_75' title="bbox 1087 2137 1846 2177; baseline 0 -8"><span class='ocrx_word' id='word_1_460' title='bbox 1087 2139 1165 2169; x_wconf 79' lang='lat'>499.</span> <span class='ocrx_word' id='word_1_461' title='bbox 1194 2141 1275 2175; x_wconf 81' lang='lat' dir='ltr'>Quid</span> <span class='ocrx_word' id='word_1_462' title='bbox 1300 2140 1339 2168; x_wconf 80' lang='lat' dir='ltr'>sit</span> <span class='ocrx_word' id='word_1_463' title='bbox 1368 2137 1545 2177; x_wconf 63' lang='lat' dir='ltr'>infractae</span> <span class='ocrx_word' id='word_1_464' title='bbox 1568 2140 1609 2169; x_wconf 79' lang='lat' dir='ltr'>cf.</span> <span class='ocrx_word' id='word_1_465' title='bbox 1641 2139 1674 2176; x_wconf 84' lang='lat'>5,</span> <span class='ocrx_word' id='word_1_466' title='bbox 1698 2138 1778 2169; x_wconf 81' lang='lat'>784.</span> <span class='ocrx_word' id='word_1_467' title='bbox 1801 2156 1846 2160; x_wconf 76' lang='lat'>—</span> 
     </span>
     <span class='ocr_line' id='line_1_76' title="bbox 1042 2179 1844 2224; baseline 0 -9"><span class='ocrx_word' id='word_1_468' title='bbox 1042 2179 1179 2224; x_wconf 68' lang='lat' dir='ltr'>torpent</span> <span class='ocrx_word' id='word_1_469' title='bbox 1219 2184 1394 2222; x_wconf 67' lang='lat' dir='ltr'>infracta«¹</span> <span class='ocrx_word' id='word_1_470' title='bbox 1436 2186 1477 2214; x_wconf 81' lang='lat' dir='ltr'>cf.</span> <span class='ocrx_word' id='word_1_471' title='bbox 1517 2184 1554 2223; x_wconf 78' lang='lat'>4,</span> <span class='ocrx_word' id='word_1_472' title='bbox 1596 2185 1650 2214; x_wconf 86' lang='grc'>22.</span> <span class='ocrx_word' id='word_1_473' title='bbox 1684 2202 1727 2205; x_wconf 81' lang='lat'>—-</span> <span class='ocrx_word' id='word_1_474' title='bbox 1757 2189 1844 2215; x_wconf 80' lang='lat' dir='ltr'>Sane</span> 
     </span>
     <span class='ocr_line' id='line_1_77' title="bbox 1042 2231 1844 2266; baseline 0.001 -7"><span class='ocrx_word' id='word_1_475' title='bbox 1042 2234 1223 2266; x_wconf 75' lang='lat' dir='ltr'>adspectus</span> <span class='ocrx_word' id='word_1_476' title='bbox 1245 2232 1358 2260; x_wconf 81' lang='lat' dir='ltr'>matris</span> <span class='ocrx_word' id='word_1_477' title='bbox 1386 2231 1483 2259; x_wconf 87' lang='lat' dir='ltr'>filium</span> <span class='ocrx_word' id='word_1_478' title='bbox 1509 2232 1653 2266; x_wconf 80' lang='lat' dir='ltr'>lugentis</span> <span class='ocrx_word' id='word_1_479' title='bbox 1680 2233 1720 2260; x_wconf 78' lang='lat' dir='ltr'>ab</span> <span class='ocrx_word' id='word_1_480' title='bbox 1747 2234 1844 2260; x_wconf 82' lang='lat' dir='ltr'>hoste</span> 
     </span>
     <span class='ocr_line' id='line_1_78' title="bbox 1040 2277 1845 2312; baseline -0.001 -6"><span class='ocrx_word' id='word_1_481' title='bbox 1040 2277 1137 2306; x_wconf 78' lang='lat' dir='ltr'>foede</span> <span class='ocrx_word' id='word_1_482' title='bbox 1162 2282 1361 2312; x_wconf 80' lang='lat' dir='ltr'>truncatum,</span> <span class='ocrx_word' id='word_1_483' title='bbox 1388 2285 1451 2305; x_wconf 90' lang='lat' dir='ltr'>non</span> <span class='ocrx_word' id='word_1_484' title='bbox 1484 2278 1585 2311; x_wconf 87' lang='lat' dir='ltr'>potuit</span> <span class='ocrx_word' id='word_1_485' title='bbox 1611 2278 1777 2312; x_wconf 79' lang='lat' dir='ltr'>pugnandi</span> <span class='ocrx_word' id='word_1_486' title='bbox 1793 2278 1845 2306; x_wconf 86' lang='lat' dir='ltr'>fa-</span> 
     </span>
     <span class='ocr_line' id='line_1_79' title="bbox 1042 2323 1843 2358; baseline 0.001 -7"><span class='ocrx_word' id='word_1_487' title='bbox 1042 2332 1117 2352; x_wconf 86' lang='lat' dir='ltr'>cere</span> <span class='ocrx_word' id='word_1_488' title='bbox 1137 2325 1286 2351; x_wconf 79' lang='lat' dir='ltr'>artiorem</span> <span class='ocrx_word' id='word_1_489' title='bbox 1308 2323 1473 2357; x_wconf 79' lang='lat' dir='ltr'>militibus,</span> <span class='ocrx_word' id='word_1_490' title='bbox 1494 2323 1547 2356; x_wconf 79' lang='lat' dir='ltr'>qui</span> <span class='ocrx_word' id='word_1_491' title='bbox 1571 2331 1648 2352; x_wconf 89' lang='lat' dir='ltr'>mox</span> <span class='ocrx_word' id='word_1_492' title='bbox 1675 2323 1737 2352; x_wconf 83' lang='lat' dir='ltr'>sihi</span> <span class='ocrx_word' id='word_1_493' title='bbox 1757 2324 1843 2358; x_wconf 84' lang='lat' dir='ltr'>ipsis</span> 
     </span>
     <span class='ocr_line' id='line_1_80' title="bbox 1041 2369 1845 2403; baseline 0 -5"><span class='ocrx_word' id='word_1_494' title='bbox 1041 2370 1125 2398; x_wconf 80' lang='lat' dir='ltr'>idem</span> <span class='ocrx_word' id='word_1_495' title='bbox 1154 2369 1345 2403; x_wconf 85' lang='lat' dir='ltr'>impendere</span> <span class='ocrx_word' id='word_1_496' title='bbox 1379 2370 1546 2403; x_wconf 78' lang='lat' dir='ltr'>putabant.</span> <span class='ocrx_word' id='word_1_497' title='bbox 1616 2369 1701 2398; x_wconf 85' lang='lat' dir='ltr'>Hinc</span> <span class='ocrx_word' id='word_1_498' title='bbox 1727 2369 1845 2398; x_wconf 86' lang='lat' dir='ltr'>dicitur</span> 
     </span>
     <span class='ocr_line' id='line_1_81' title="bbox 1041 2414 1844 2452; baseline 0 -9"><span class='ocrx_word' id='word_1_499' title='bbox 1041 2415 1138 2443; x_wconf 78' lang='lat' dir='ltr'>etiam</span> <span class='ocrx_word' id='word_1_500' title='bbox 1164 2417 1288 2443; x_wconf 87' lang='lat' dir='ltr'>luctum</span> <span class='ocrx_word' id='word_1_501' title='bbox 1313 2414 1504 2443; x_wconf 81' lang='lat' dir='ltr'>incendisse</span> <span class='ocrx_word' id='word_1_502' title='bbox 1527 2414 1547 2443; x_wconf 91' lang='lat' dir='ltr'>i.</span> <span class='ocrx_word' id='word_1_503' title='bbox 1575 2422 1603 2442; x_wconf 87' lang='lat' dir='ltr'>e.</span> <span class='ocrx_word' id='word_1_504' title='bbox 1620 2414 1844 2452; x_wconf 80' lang='lat' dir='ltr'>fervidiorem,</span> 
     </span>
     <span class='ocr_line' id='line_1_82' title="bbox 1040 2460 1843 2496; baseline 0 -7"><span class='ocrx_word' id='word_1_505' title='bbox 1040 2461 1201 2489; x_wconf 85' lang='lat' dir='ltr'>acriorem</span> <span class='ocrx_word' id='word_1_506' title='bbox 1232 2460 1376 2493; x_wconf 77' lang='lat' dir='ltr'>fecisse3</span> <span class='ocrx_word' id='word_1_507' title='bbox 1405 2467 1512 2494; x_wconf 84' lang='lat' dir='ltr'>neque</span> <span class='ocrx_word' id='word_1_508' title='bbox 1542 2460 1628 2488; x_wconf 89' lang='lat' dir='ltr'>enim</span> <span class='ocrx_word' id='word_1_509' title='bbox 1656 2460 1688 2488; x_wconf 73' lang='lat' dir='ltr'>itt</span> <span class='ocrx_word' id='word_1_510' title='bbox 1713 2461 1843 2496; x_wconf 81' lang='lat' dir='ltr'>simpli-</span> 
     </span>
     <span class='ocr_line' id='line_1_83' title="bbox 1039 2504 1612 2541; baseline -0.002 -6"><span class='ocrx_word' id='word_1_511' title='bbox 1039 2507 1121 2535; x_wconf 87' lang='lat' dir='ltr'>citer</span> <span class='ocrx_word' id='word_1_512' title='bbox 1149 2510 1198 2535; x_wconf 89' lang='lat' dir='ltr'>est</span> <span class='ocrx_word' id='word_1_513' title='bbox 1227 2513 1360 2540; x_wconf 81' lang='lat' dir='ltr'>augere.</span> <span class='ocrx_word' id='word_1_514' title='bbox 1411 2505 1451 2534; x_wconf 81' lang='lat' dir='ltr'>cf.</span> <span class='ocrx_word' id='word_1_515' title='bbox 1477 2505 1509 2541; x_wconf 87' lang='grc'>5,</span> <span class='ocrx_word' id='word_1_516' title='bbox 1533 2504 1612 2534; x_wconf 85' lang='grc'>455.</span> 
     </span>
    </p>

    <p class='ocr_par' dir='ltr' id='par_1_27' title="bbox 1083 2547 1842 2588">
     <span class='ocr_line' id='line_1_84' title="bbox 1083 2547 1842 2588; baseline 0.001 -8"><span class='ocrx_word' id='word_1_517' title='bbox 1083 2550 1161 2580; x_wconf 87' lang='grc'>501.</span> <span class='ocrx_word' id='word_1_518' title='bbox 1191 2547 1415 2580; x_wconf 79' lang='lat' dir='ltr'>lacrimantis</span> <span class='ocrx_word' id='word_1_519' title='bbox 1443 2548 1530 2579; x_wconf 75' lang='lat' dir='ltr'>Iuli.-</span> <span class='ocrx_word' id='word_1_520' title='bbox 1555 2553 1687 2588; x_wconf 80' lang='lat' dir='ltr'>„Puero</span> <span class='ocrx_word' id='word_1_521' title='bbox 1712 2553 1764 2581; x_wconf 77' lang='lat' dir='ltr'>dat</span> <span class='ocrx_word' id='word_1_522' title='bbox 1791 2553 1842 2581; x_wconf 83' lang='lat' dir='ltr'>la-</span> 
     </span>
    </p>
   </div>
   <div class='ocr_carea' id='block_1_11' title="bbox 1039 2597 1904 2635">
    <p class='ocr_par' dir='ltr' id='par_1_28' title="bbox 1039 2597 1904 2635">
     <span class='ocr_line' id='line_1_85' title="bbox 1039 2597 1904 2635; baseline 0.001 -10"><span class='ocrx_word' id='word_1_523' title='bbox 1039 2597 1171 2633; x_wconf 82' lang='lat' dir='ltr'>crimas,</span> <span class='ocrx_word' id='word_1_524' title='bbox 1198 2597 1251 2626; x_wconf 87' lang='lat' dir='ltr'>cui</span> <span class='ocrx_word' id='word_1_525' title='bbox 1277 2600 1384 2632; x_wconf 81' lang='lat' dir='ltr'>potest</span> <span class='ocrx_word' id='word_1_526' title='bbox 1407 2597 1479 2625; x_wconf 87' lang='lat' dir='ltr'>sine</span> <span class='ocrx_word' id='word_1_527' title='bbox 1505 2598 1642 2635; x_wconf 84' lang='lat' dir='ltr'>pudore,</span> <span class='ocrx_word' id='word_1_528' title='bbox 1667 2598 1749 2627; x_wconf 88' lang='lat' dir='ltr'>viris</span> <span class='ocrx_word' id='word_1_529' title='bbox 1774 2597 1841 2626; x_wconf 79' lang='lat' dir='ltr'>for·</span> <span class='ocrx_word' id='word_1_530' title='bbox 1902 2608 1904 2610; x_wconf 95' lang='lat'>·</span> 
     </span>
    </p>
   </div>
   <div class='ocr_carea' id='block_1_12' title="bbox 1034 2640 1840 3045">
    <p class='ocr_par' dir='ltr' id='par_1_29' title="bbox 1039 2640 1540 2671">
     <span class='ocr_line' id='line_1_86' title="bbox 1039 2640 1540 2671; baseline -0.002 0"><span class='ocrx_word' id='word_1_531' title='bbox 1039 2644 1124 2671; x_wconf 89' lang='lat' dir='ltr'>tibus</span> <span class='ocrx_word' id='word_1_532' title='bbox 1148 2647 1270 2671; x_wconf 85' lang='lat' dir='ltr'>tantum</span> <span class='ocrx_word' id='word_1_533' title='bbox 1298 2640 1480 2671; x_wconf 71' lang='lat' dir='ltr'>dotorem.“</span> <span class='ocrx_word' id='word_1_534' title='bbox 1507 2645 1540 2671; x_wconf 86' lang='lat' dir='ltr'>S.</span> 
     </span>
    </p>

    <p class='ocr_par' dir='ltr' id='par_1_30' title="bbox 1034 2685 1840 3045">
     <span class='ocr_line' id='line_1_87' title="bbox 1084 2685 1840 2717; baseline -0.001 0"><span class='ocrx_word' id='word_1_535' title='bbox 1084 2688 1161 2717; x_wconf 75' lang='lat'>502.</span> <span class='ocrx_word' id='word_1_536' title='bbox 1192 2685 1287 2717; x_wconf 83' lang='lat' dir='ltr'>Inter</span> <span class='ocrx_word' id='word_1_537' title='bbox 1311 2696 1437 2717; x_wconf 83' lang='lat' dir='ltr'>manus</span> <span class='ocrx_word' id='word_1_538' title='bbox 1463 2688 1639 2717; x_wconf 82' lang='lat' dir='ltr'>zwischen</span> <span class='ocrx_word' id='word_1_539' title='bbox 1663 2689 1725 2716; x_wconf 82' lang='lat' dir='ltr'>den</span> <span class='ocrx_word' id='word_1_540' title='bbox 1749 2688 1840 2716; x_wconf 64' lang='lat' dir='ltr'>Han-</span> 
     </span>
     <span class='ocr_line' id='line_1_88' title="bbox 1039 2732 1840 2771; baseline 0 -9"><span class='ocrx_word' id='word_1_541' title='bbox 1039 2735 1100 2763; x_wconf 86' lang='lat' dir='ltr'>den</span> <span class='ocrx_word' id='word_1_542' title='bbox 1125 2733 1158 2770; x_wconf 88' lang='grc'>2,</span> <span class='ocrx_word' id='word_1_543' title='bbox 1181 2733 1259 2762; x_wconf 86' lang='grc'>681.</span> <span class='ocrx_word' id='word_1_544' title='bbox 1285 2733 1317 2765; x_wconf 83' lang='grc'>8,</span> <span class='ocrx_word' id='word_1_545' title='bbox 1344 2733 1421 2762; x_wconf 88' lang='grc'>619.</span> <span class='ocrx_word' id='word_1_546' title='bbox 1455 2733 1507 2771; x_wconf 86' lang='grc'>11,</span> <span class='ocrx_word' id='word_1_547' title='bbox 1528 2732 1606 2762; x_wconf 84' lang='grc'>311.</span> <span class='ocrx_word' id='word_1_548' title='bbox 1633 2733 1774 2761; x_wconf 78' lang='lat' dir='ltr'>formula</span> <span class='ocrx_word' id='word_1_549' title='bbox 1797 2741 1840 2762; x_wconf 85' lang='lat' dir='ltr'>ex</span> 
     </span>
     <span class='ocr_line' id='line_1_89' title="bbox 1036 2778 1839 2815; baseline -0.004 -6"><span class='ocrx_word' id='word_1_550' title='bbox 1036 2779 1169 2814; x_wconf 79' lang='lat' dir='ltr'>antiquo</span> <span class='ocrx_word' id='word_1_551' title='bbox 1185 2787 1248 2809; x_wconf 93' lang='lat' dir='ltr'>usu</span> <span class='ocrx_word' id='word_1_552' title='bbox 1265 2784 1402 2809; x_wconf 81' lang='lat' dir='ltr'>servata</span> <span class='ocrx_word' id='word_1_553' title='bbox 1414 2787 1472 2815; x_wconf 84' lang='lat' dir='ltr'>per</span> <span class='ocrx_word' id='word_1_554' title='bbox 1487 2780 1629 2808; x_wconf 87' lang='lat' dir='ltr'>omnium</span> <span class='ocrx_word' id='word_1_555' title='bbox 1641 2778 1839 2813; x_wconf 85' lang='lat' dir='ltr'>scriptorum</span> 
     </span>
     <span class='ocr_line' id='line_1_90' title="bbox 1037 2820 1840 2862; baseline -0.004 -7"><span class='ocrx_word' id='word_1_556' title='bbox 1037 2826 1157 2855; x_wconf 88' lang='lat' dir='ltr'>seriem</span> <span class='ocrx_word' id='word_1_557' title='bbox 1176 2826 1242 2855; x_wconf 88' lang='lat' dir='ltr'>Cic.</span> <span class='ocrx_word' id='word_1_558' title='bbox 1263 2826 1355 2854; x_wconf 68' lang='lat' dir='ltr'>verr.</span> <span class='ocrx_word' id='word_1_559' title='bbox 1380 2825 1411 2861; x_wconf 86' lang='lat'>5,</span> <span class='ocrx_word' id='word_1_560' title='bbox 1440 2824 1494 2862; x_wconf 81' lang='lat'>11,</span> <span class='ocrx_word' id='word_1_561' title='bbox 1519 2824 1564 2853; x_wconf 85' lang='grc'>28</span> <span class='ocrx_word' id='word_1_562' title='bbox 1579 2825 1617 2853; x_wconf 80' lang='lat' dir='ltr'>ut</span> <span class='ocrx_word' id='word_1_563' title='bbox 1640 2821 1734 2852; x_wconf 83' lang='lat' dir='ltr'>alius</span> <span class='ocrx_word' id='word_1_564' title='bbox 1747 2820 1840 2853; x_wconf 80' lang='lat' dir='ltr'>inter</span> 
     </span>
     <span class='ocr_line' id='line_1_91' title="bbox 1034 2867 1838 2909; baseline 0 -10"><span class='ocrx_word' id='word_1_565' title='bbox 1034 2879 1160 2900; x_wconf 85' lang='lat' dir='ltr'>manus</span> <span class='ocrx_word' id='word_1_566' title='bbox 1187 2879 1204 2899; x_wconf 92' lang='lat' dir='ltr'>e</span> <span class='ocrx_word' id='word_1_567' title='bbox 1228 2868 1404 2907; x_wconf 79' lang='lat' dir='ltr'>convivio,</span> <span class='ocrx_word' id='word_1_568' title='bbox 1445 2872 1624 2909; x_wconf 79' lang='lat' dir='ltr'>tamquam</span> <span class='ocrx_word' id='word_1_569' title='bbox 1661 2876 1678 2897; x_wconf 84' lang='lat' dir='ltr'>e</span> <span class='ocrx_word' id='word_1_570' title='bbox 1703 2867 1838 2908; x_wconf 80' lang='lat' dir='ltr'>proelio</span> 
     </span>
     <span class='ocr_line' id='line_1_92' title="bbox 1035 2912 1838 2954; baseline -0.004 -8"><span class='ocrx_word' id='word_1_571' title='bbox 1035 2915 1247 2954; x_wconf 84' lang='lat' dir='ltr'>auferretur.</span> <span class='ocrx_word' id='word_1_572' title='bbox 1291 2918 1390 2946; x_wconf 81' lang='lat' dir='ltr'>Caes.</span> <span class='ocrx_word' id='word_1_573' title='bbox 1415 2917 1479 2946; x_wconf 85' lang='lat' dir='ltr'>Bc.</span> <span class='ocrx_word' id='word_1_574' title='bbox 1506 2914 1539 2951; x_wconf 91' lang='grc'>2,</span> <span class='ocrx_word' id='word_1_575' title='bbox 1563 2913 1586 2942; x_wconf 88' lang='grc'>2</span> <span class='ocrx_word' id='word_1_576' title='bbox 1608 2921 1726 2954; x_wconf 80' lang='lat' dir='ltr'>agger</span> <span class='ocrx_word' id='word_1_577' title='bbox 1747 2912 1838 2945; x_wconf 84' lang='lat' dir='ltr'>inter</span> 
     </span>
     <span class='ocr_line' id='line_1_93' title="bbox 1036 2959 1836 3002; baseline -0.001 -11"><span class='ocrx_word' id='word_1_578' title='bbox 1036 2970 1162 2991; x_wconf 84' lang='lat' dir='ltr'>manus</span> <span class='ocrx_word' id='word_1_579' title='bbox 1183 2959 1438 3002; x_wconf 82' lang='lat' dir='ltr'>proferebatur.</span> <span class='ocrx_word' id='word_1_580' title='bbox 1477 2961 1531 2990; x_wconf 85' lang='lat' dir='ltr'>Sic</span> <span class='ocrx_word' id='word_1_581' title='bbox 1560 2959 1632 2988; x_wconf 69' lang='grc' dir='ltr'>Ην.</span> <span class='ocrx_word' id='word_1_582' title='bbox 1656 2962 1732 2989; x_wconf 86' lang='lat' dir='ltr'>Sen.</span> <span class='ocrx_word' id='word_1_583' title='bbox 1757 2962 1836 2990; x_wconf 84' lang='lat' dir='ltr'>&#39;l&#39;ac.</span> 
     </span>
     <span class='ocr_line' id='line_1_94' title="bbox 1036 3005 1260 3045; baseline -0.004 -8"><span class='ocrx_word' id='word_1_584' title='bbox 1036 3007 1078 3037; x_wconf 83' lang='lat' dir='ltr'>cf.</span> <span class='ocrx_word' id='word_1_585' title='bbox 1106 3006 1157 3045; x_wconf 84' lang='lat' dir='ltr'>li,</span> <span class='ocrx_word' id='word_1_586' title='bbox 1182 3006 1219 3037; x_wconf 86' lang='lat'>31</span> <span class='ocrx_word' id='word_1_587' title='bbox 1235 3005 1260 3036; x_wconf 93' lang='grc' dir='ltr'>Ι.</span> 
     </span>
    </p>
   </div>
   <div class='ocr_carea' id='block_1_13' title="bbox 1981 2421 1987 3010">
    <p class='ocr_par' dir='ltr' id='par_1_31' title="bbox 1981 2421 1987 3010">
     <span class='ocr_line' id='line_1_95' title="bbox 1981 2421 1987 3010; baseline 0 0"><span class='ocrx_word' id='word_1_588' title='bbox 1981 2421 1987 3010; x_wconf 95' lang='lat' dir='ltr'> </span> 
     </span>
    </p>
   </div>
   <div class='ocr_carea' id='block_1_14' title="bbox 1980 0 2015 2303">
    <p class='ocr_par' dir='ltr' id='par_1_32' title="bbox 1980 0 2015 2303">
     <span class='ocr_line' id='line_1_96' title="bbox 1980 0 2015 2303; baseline 0 0"><span class='ocrx_word' id='word_1_589' title='bbox 1980 0 2015 2303; x_wconf 95' lang='lat' dir='ltr'> </span> 
     </span>
    </p>
   </div>
  </div>
 </body>
</html>
