<?xml version="1.0" encoding="UTF-8"?>
<!DOCTYPE html PUBLIC "-//W3C//DTD XHTML 1.0 Transitional//EN"
    "http://www.w3.org/TR/xhtml1/DTD/xhtml1-transitional.dtd">
<html xmlns="http://www.w3.org/1999/xhtml" xml:lang="en" lang="en">
 <head>
  <title>
</title>
<meta http-equiv="Content-Type" content="text/html;charset=utf-8" />
  <meta name='ocr-system' content='tesseract 3.04.00' />
  <meta name='ocr-capabilities' content='ocr_page ocr_carea ocr_par ocr_line ocrx_word'/>
</head>
<body>
  <div class='ocr_page' id='page_1' title='image "aeneisvi00virguoft_0112.png"; bbox 0 0 2023 3350; ppageno 0'>
   <div class='ocr_carea' id='block_1_1' title="bbox 260 154 1322 199">
    <p class='ocr_par' dir='ltr' id='par_1_1' title="bbox 260 154 1322 199">
     <span class='ocr_line' id='line_1_1' title="bbox 260 154 1322 199; baseline -0.008 -2"><span class='ocrx_word' id='word_1_1' title='bbox 260 160 312 199; x_wconf 74' lang='lat' dir='ltr'>Sss</span> <span class='ocrx_word' id='word_1_2' title='bbox 819 156 855 188; x_wconf 92' lang='grc' dir='ltr'>Ρ.</span> <span class='ocrx_word' id='word_1_3' title='bbox 882 154 1082 188; x_wconf 86' lang='lat' dir='ltr'>VIRGILII</span> <span class='ocrx_word' id='word_1_4' title='bbox 1114 155 1322 189; x_wconf 83' lang='lat' dir='ltr'>MARONIS</span> 
     </span>
    </p>
   </div>
   <div class='ocr_carea' id='block_1_2' title="bbox 258 267 1358 321">
    <p class='ocr_par' dir='ltr' id='par_1_2' title="bbox 258 267 1358 321">
     <span class='ocr_line' id='line_1_2' title="bbox 258 267 1358 321; baseline -0.001 -10"><span class='ocrx_word' id='word_1_5' title='bbox 258 270 482 311; x_wconf 75' lang='lat' dir='ltr'>Portarum</span> <span class='ocrx_word' id='word_1_6' title='bbox 517 268 682 321; x_wconf 83' lang='lat' dir='ltr'>vigiles,</span> <span class='ocrx_word' id='word_1_7' title='bbox 725 270 768 309; x_wconf 88' lang='lat' dir='ltr'>et</span> <span class='ocrx_word' id='word_1_8' title='bbox 802 280 931 309; x_wconf 89' lang='lat' dir='ltr'>caeco</span> <span class='ocrx_word' id='word_1_9' title='bbox 962 267 1102 310; x_wconf 88' lang='lat' dir='ltr'>Marte</span> <span class='ocrx_word' id='word_1_10' title='bbox 1141 269 1358 310; x_wconf 86' lang='lat' dir='ltr'>resistunt.</span> 
     </span>
    </p>
   </div>
   <div class='ocr_carea' id='block_1_3' title="bbox 1804 272 1885 311">
    <p class='ocr_par' dir='ltr' id='par_1_3' title="bbox 1804 272 1885 311">
     <span class='ocr_line' id='line_1_3' title="bbox 1804 272 1885 311; baseline 0 0"><span class='ocrx_word' id='word_1_11' title='bbox 1804 272 1885 311; x_wconf 88' lang='lat'>335</span> 
     </span>
    </p>
   </div>
   <div class='ocr_carea' id='block_1_4' title="bbox 258 323 1555 550">
    <p class='ocr_par' dir='ltr' id='par_1_4' title="bbox 258 323 1555 550">
     <span class='ocr_line' id='line_1_4' title="bbox 372 323 1445 379; baseline 0 -13"><span class='ocrx_word' id='word_1_12' title='bbox 372 324 544 366; x_wconf 81' lang='lat' dir='ltr'>Talibus</span> <span class='ocrx_word' id='word_1_13' title='bbox 582 324 828 379; x_wconf 82' lang='lat' dir='ltr'>Othryadae</span> <span class='ocrx_word' id='word_1_14' title='bbox 865 323 991 366; x_wconf 90' lang='lat' dir='ltr'>dictis</span> <span class='ocrx_word' id='word_1_15' title='bbox 1026 329 1068 366; x_wconf 91' lang='lat' dir='ltr'>et</span> <span class='ocrx_word' id='word_1_16' title='bbox 1099 326 1269 368; x_wconf 91' lang='lat' dir='ltr'>numine</span> <span class='ocrx_word' id='word_1_17' title='bbox 1304 326 1445 367; x_wconf 77' lang='lat' dir='ltr'>divom</span> 
     </span>
     <span class='ocr_line' id='line_1_5' title="bbox 258 381 1521 438; baseline 0.002 -15"><span class='ocrx_word' id='word_1_18' title='bbox 258 384 308 424; x_wconf 90' lang='lat' dir='ltr'>In</span> <span class='ocrx_word' id='word_1_19' title='bbox 343 382 534 423; x_wconf 85' lang='lat' dir='ltr'>flammas</span> <span class='ocrx_word' id='word_1_20' title='bbox 568 385 610 423; x_wconf 93' lang='lat' dir='ltr'>et</span> <span class='ocrx_word' id='word_1_21' title='bbox 643 382 688 423; x_wconf 90' lang='lat' dir='ltr'>in</span> <span class='ocrx_word' id='word_1_22' title='bbox 724 396 846 423; x_wconf 86' lang='lat' dir='ltr'>arma</span> <span class='ocrx_word' id='word_1_23' title='bbox 879 381 1016 434; x_wconf 85' lang='lat' dir='ltr'>feror,</span> <span class='ocrx_word' id='word_1_24' title='bbox 1063 396 1147 436; x_wconf 90' lang='lat' dir='ltr'>quo</span> <span class='ocrx_word' id='word_1_25' title='bbox 1180 384 1318 425; x_wconf 85' lang='lat' dir='ltr'>tristis</span> <span class='ocrx_word' id='word_1_26' title='bbox 1356 384 1521 438; x_wconf 85' lang='lat' dir='ltr'>Erinys,</span> 
     </span>
     <span class='ocr_line' id='line_1_6' title="bbox 259 439 1555 490; baseline 0.003 -10"><span class='ocrx_word' id='word_1_27' title='bbox 259 441 348 490; x_wconf 82' lang='lat' dir='ltr'>Quo</span> <span class='ocrx_word' id='word_1_28' title='bbox 383 439 576 481; x_wconf 78' lang='lat' dir='ltr'><strong>fremitus</strong></span> <span class='ocrx_word' id='word_1_29' title='bbox 613 443 737 480; x_wconf 85' lang='lat' dir='ltr'>vocat</span> <span class='ocrx_word' id='word_1_30' title='bbox 777 442 820 480; x_wconf 91' lang='lat' dir='ltr'>et</span> <span class='ocrx_word' id='word_1_31' title='bbox 855 439 1051 481; x_wconf 87' lang='lat' dir='ltr'>sublatus</span> <span class='ocrx_word' id='word_1_32' title='bbox 1088 440 1144 482; x_wconf 88' lang='lat' dir='ltr'>ad</span> <span class='ocrx_word' id='word_1_33' title='bbox 1175 441 1351 483; x_wconf 77' lang='lat' dir='ltr'>aethera</span> <span class='ocrx_word' id='word_1_34' title='bbox 1381 442 1555 484; x_wconf 86' lang='lat' dir='ltr'>clamor.</span> 
     </span>
     <span class='ocr_line' id='line_1_7' title="bbox 258 496 1384 550; baseline 0.003 -13"><span class='ocrx_word' id='word_1_35' title='bbox 258 496 433 538; x_wconf 87' lang='lat' dir='ltr'>Addunt</span> <span class='ocrx_word' id='word_1_36' title='bbox 471 510 515 538; x_wconf 90' lang='lat' dir='ltr'>se</span> <span class='ocrx_word' id='word_1_37' title='bbox 547 497 684 538; x_wconf 89' lang='lat' dir='ltr'>socios</span> <span class='ocrx_word' id='word_1_38' title='bbox 719 496 907 550; x_wconf 85' lang='lat' dir='ltr'>Rhipeus</span> <span class='ocrx_word' id='word_1_39' title='bbox 939 500 981 538; x_wconf 91' lang='lat' dir='ltr'>et</span> <span class='ocrx_word' id='word_1_40' title='bbox 1012 498 1220 539; x_wconf 84' lang='lat' dir='ltr'>maximus</span> <span class='ocrx_word' id='word_1_41' title='bbox 1254 499 1384 540; x_wconf 87' lang='lat' dir='ltr'>armis</span> 
     </span>
    </p>
   </div>
   <div class='ocr_carea' id='block_1_5' title="bbox 259 554 1469 610">
    <p class='ocr_par' dir='ltr' id='par_1_5' title="bbox 259 554 1469 610">
     <span class='ocr_line' id='line_1_8' title="bbox 259 554 1469 610; baseline 0.002 -15"><span class='ocrx_word' id='word_1_42' title='bbox 259 554 422 608; x_wconf 87' lang='lat' dir='ltr'>Epytus</span> <span class='ocrx_word' id='word_1_43' title='bbox 458 554 593 595; x_wconf 87' lang='lat' dir='ltr'>oblati</span> <span class='ocrx_word' id='word_1_44' title='bbox 622 567 700 607; x_wconf 88' lang='lat' dir='ltr'>per</span> <span class='ocrx_word' id='word_1_45' title='bbox 731 554 878 595; x_wconf 89' lang='lat' dir='ltr'>lunam</span> <span class='ocrx_word' id='word_1_46' title='bbox 910 554 1187 609; x_wconf 81' lang='lat' dir='ltr'>Hypanisque</span> <span class='ocrx_word' id='word_1_47' title='bbox 1216 556 1469 610; x_wconf 79' lang='lat' dir='ltr'>Dymasque,</span> 
     </span>
    </p>
   </div>
   <div class='ocr_carea' id='block_1_6' title="bbox 1806 559 1888 598">
    <p class='ocr_par' dir='ltr' id='par_1_6' title="bbox 1806 559 1888 598">
     <span class='ocr_line' id='line_1_9' title="bbox 1806 559 1888 598; baseline 0 0"><span class='ocrx_word' id='word_1_48' title='bbox 1806 559 1888 598; x_wconf 83' lang='lat'>340</span> 
     </span>
    </p>
   </div>
   <div class='ocr_carea' id='block_1_7' title="bbox 258 610 1552 839">
    <p class='ocr_par' dir='ltr' id='par_1_7' title="bbox 258 610 1552 779">
     <span class='ocr_line' id='line_1_10' title="bbox 258 610 1552 667; baseline 0.004 -16"><span class='ocrx_word' id='word_1_49' title='bbox 258 611 314 652; x_wconf 86' lang='lat' dir='ltr'>Et</span> <span class='ocrx_word' id='word_1_50' title='bbox 351 611 477 652; x_wconf 87' lang='lat' dir='ltr'>lateri</span> <span class='ocrx_word' id='word_1_51' title='bbox 510 610 808 664; x_wconf 71' lang='lat' dir='ltr'>adglomerant</span> <span class='ocrx_word' id='word_1_52' title='bbox 841 615 1008 664; x_wconf 89' lang='lat' dir='ltr'>nostro,</span> <span class='ocrx_word' id='word_1_53' title='bbox 1051 613 1297 667; x_wconf 81' lang='lat' dir='ltr'>iuvenisque</span> <span class='ocrx_word' id='word_1_54' title='bbox 1336 614 1552 656; x_wconf 85' lang='lat' dir='ltr'>Coroebus</span> 
     </span>
     <span class='ocr_line' id='line_1_11' title="bbox 259 668 1395 722; baseline 0.002 -12"><span class='ocrx_word' id='word_1_55' title='bbox 259 668 551 722; x_wconf 84' lang='lat' dir='ltr'>Mygdonides.</span> <span class='ocrx_word' id='word_1_56' title='bbox 588 693 644 698; x_wconf 85' lang='lat'>——</span> <span class='ocrx_word' id='word_1_57' title='bbox 678 669 770 711; x_wconf 87' lang='lat' dir='ltr'>Illis</span> <span class='ocrx_word' id='word_1_58' title='bbox 806 669 863 710; x_wconf 86' lang='lat' dir='ltr'>ad</span> <span class='ocrx_word' id='word_1_59' title='bbox 895 670 1066 711; x_wconf 83' lang='lat' dir='ltr'>Troiam</span> <span class='ocrx_word' id='word_1_60' title='bbox 1100 670 1213 712; x_wconf 86' lang='lat' dir='ltr'>forte</span> <span class='ocrx_word' id='word_1_61' title='bbox 1246 670 1395 712; x_wconf 86' lang='lat' dir='ltr'>diebus</span> 
     </span>
     <span class='ocr_line' id='line_1_12' title="bbox 258 725 1392 779; baseline 0.003 -13"><span class='ocrx_word' id='word_1_62' title='bbox 258 726 463 777; x_wconf 74' lang='lat' dir='ltr'>Venerat,</span> <span class='ocrx_word' id='word_1_63' title='bbox 507 725 657 767; x_wconf 91' lang='lat' dir='ltr'>insano</span> <span class='ocrx_word' id='word_1_64' title='bbox 700 726 966 769; x_wconf 82' lang='lat' dir='ltr'>Cassandrae</span> <span class='ocrx_word' id='word_1_65' title='bbox 1004 728 1200 769; x_wconf 87' lang='lat' dir='ltr'>incensus</span> <span class='ocrx_word' id='word_1_66' title='bbox 1237 742 1392 779; x_wconf 89' lang='lat' dir='ltr'>amore,</span> 
     </span>
    </p>

    <p class='ocr_par' dir='ltr' id='par_1_8' title="bbox 259 783 1498 839">
     <span class='ocr_line' id='line_1_13' title="bbox 259 783 1498 839; baseline 0.003 -16"><span class='ocrx_word' id='word_1_67' title='bbox 259 783 314 823; x_wconf 90' lang='lat' dir='ltr'>Et</span> <span class='ocrx_word' id='word_1_68' title='bbox 355 797 482 836; x_wconf 84' lang='lat' dir='ltr'>gener</span> <span class='ocrx_word' id='word_1_69' title='bbox 515 784 721 826; x_wconf 80' lang='lat' dir='ltr'>auxilium</span> <span class='ocrx_word' id='word_1_70' title='bbox 754 785 924 826; x_wconf 86' lang='lat' dir='ltr'>Priamo</span> <span class='ocrx_word' id='word_1_71' title='bbox 962 785 1285 839; x_wconf 83' lang='lat' dir='ltr'>Phrygibusque</span> <span class='ocrx_word' id='word_1_72' title='bbox 1322 785 1498 838; x_wconf 86' lang='lat' dir='ltr'>ferebat,</span> 
     </span>
    </p>
   </div>
   <div class='ocr_carea' id='block_1_8' title="bbox 257 840 1372 897">
    <p class='ocr_par' dir='ltr' id='par_1_9' title="bbox 257 840 1372 897">
     <span class='ocr_line' id='line_1_14' title="bbox 257 840 1372 897; baseline 0.003 -16"><span class='ocrx_word' id='word_1_73' title='bbox 257 840 434 891; x_wconf 77' lang='lat' dir='ltr'>Infelix,</span> <span class='ocrx_word' id='word_1_74' title='bbox 477 841 550 894; x_wconf 88' lang='lat' dir='ltr'>qui</span> <span class='ocrx_word' id='word_1_75' title='bbox 587 856 672 883; x_wconf 93' lang='lat' dir='ltr'>non</span> <span class='ocrx_word' id='word_1_76' title='bbox 709 856 892 897; x_wconf 88' lang='lat' dir='ltr'>sponsae</span> <span class='ocrx_word' id='word_1_77' title='bbox 925 846 1157 897; x_wconf 89' lang='lat' dir='ltr'>praecepta</span> <span class='ocrx_word' id='word_1_78' title='bbox 1193 843 1372 884; x_wconf 86' lang='lat' dir='ltr'>furentis</span> 
     </span>
    </p>
   </div>
   <div class='ocr_carea' id='block_1_9' title="bbox 260 897 559 939">
    <p class='ocr_par' dir='ltr' id='par_1_10' title="bbox 260 897 559 939">
     <span class='ocr_line' id='line_1_15' title="bbox 260 897 559 939; baseline 0.007 -1"><span class='ocrx_word' id='word_1_79' title='bbox 260 897 468 939; x_wconf 82' lang='lat' dir='ltr'>Audierit.</span> <span class='ocrx_word' id='word_1_80' title='bbox 501 924 559 928; x_wconf 97' lang='lat'><strong>—</strong></span> 
     </span>
    </p>
   </div>
   <div class='ocr_carea' id='block_1_10' title="bbox 1809 845 1889 884">
    <p class='ocr_par' dir='ltr' id='par_1_11' title="bbox 1809 845 1889 884">
     <span class='ocr_line' id='line_1_16' title="bbox 1809 845 1889 884; baseline -0.013 0"><span class='ocrx_word' id='word_1_81' title='bbox 1809 845 1889 884; x_wconf 83' lang='lat'>345</span> 
     </span>
    </p>
   </div>
   <div class='ocr_carea' id='block_1_11' title="bbox 258 955 1430 1127">
    <p class='ocr_par' dir='ltr' id='par_1_12' title="bbox 258 955 1430 1127">
     <span class='ocr_line' id='line_1_17' title="bbox 259 955 1330 1011; baseline 0.003 -15"><span class='ocrx_word' id='word_1_82' title='bbox 259 955 372 1005; x_wconf 81' lang='lat' dir='ltr'>Quos</span> <span class='ocrx_word' id='word_1_83' title='bbox 402 955 477 997; x_wconf 89' lang='lat' dir='ltr'>ubi</span> <span class='ocrx_word' id='word_1_84' title='bbox 515 956 728 998; x_wconf 87' lang='lat' dir='ltr'>confertos</span> <span class='ocrx_word' id='word_1_85' title='bbox 765 956 923 998; x_wconf 89' lang='lat' dir='ltr'>audere</span> <span class='ocrx_word' id='word_1_86' title='bbox 957 957 1002 998; x_wconf 90' lang='lat' dir='ltr'>in</span> <span class='ocrx_word' id='word_1_87' title='bbox 1036 957 1201 1011; x_wconf 87' lang='lat' dir='ltr'>proelia</span> <span class='ocrx_word' id='word_1_88' title='bbox 1232 957 1330 1009; x_wconf 86' lang='lat' dir='ltr'>vidi,</span> 
     </span>
     <span class='ocr_line' id='line_1_18' title="bbox 258 1013 1430 1067; baseline 0.002 -14"><span class='ocrx_word' id='word_1_89' title='bbox 258 1013 423 1067; x_wconf 78' lang='lat' dir='ltr'>Incipio</span> <span class='ocrx_word' id='word_1_90' title='bbox 462 1028 589 1067; x_wconf 89' lang='lat' dir='ltr'>super</span> <span class='ocrx_word' id='word_1_91' title='bbox 627 1013 715 1056; x_wconf 82' lang='lat' dir='ltr'>his:</span> <span class='ocrx_word' id='word_1_92' title='bbox 754 1015 951 1066; x_wconf 83' lang='lat' dir='ltr'>Iuvenes,</span> <span class='ocrx_word' id='word_1_93' title='bbox 998 1014 1231 1057; x_wconf 86' lang='lat' dir='ltr'>fortissima</span> <span class='ocrx_word' id='word_1_94' title='bbox 1268 1014 1430 1056; x_wconf 84' lang='lat' dir='ltr'>frustra</span> 
     </span>
     <span class='ocr_line' id='line_1_19' title="bbox 259 1071 1364 1127; baseline 0.002 -16"><span class='ocrx_word' id='word_1_95' title='bbox 259 1071 459 1122; x_wconf 85' lang='lat' dir='ltr'>Pectora,</span> <span class='ocrx_word' id='word_1_96' title='bbox 499 1072 535 1112; x_wconf 90' lang='lat' dir='ltr'>si</span> <span class='ocrx_word' id='word_1_97' title='bbox 567 1071 686 1113; x_wconf 89' lang='lat' dir='ltr'>vobis</span> <span class='ocrx_word' id='word_1_98' title='bbox 723 1072 951 1114; x_wconf 87' lang='lat' dir='ltr'>audentem</span> <span class='ocrx_word' id='word_1_99' title='bbox 984 1076 1174 1115; x_wconf 77' lang='lat' dir='ltr'>extrema</span> <span class='ocrx_word' id='word_1_100' title='bbox 1209 1072 1364 1127; x_wconf 86' lang='lat' dir='ltr'>cupido</span> 
     </span>
    </p>
   </div>
   <div class='ocr_carea' id='block_1_12' title="bbox 262 1128 1487 1183">
    <p class='ocr_par' dir='ltr' id='par_1_13' title="bbox 262 1128 1487 1183">
     <span class='ocr_line' id='line_1_20' title="bbox 262 1128 1487 1183; baseline 0.001 -14"><span class='ocrx_word' id='word_1_101' title='bbox 262 1128 389 1170; x_wconf 90' lang='lat' dir='ltr'>Certa</span> <span class='ocrx_word' id='word_1_102' title='bbox 428 1129 549 1182; x_wconf 92' lang='lat' dir='ltr'>sequi</span> <span class='ocrx_word' id='word_1_103' title='bbox 581 1154 635 1159; x_wconf 88' lang='lat'>—</span> <span class='ocrx_word' id='word_1_104' title='bbox 671 1143 782 1183; x_wconf 89' lang='lat' dir='ltr'>quae</span> <span class='ocrx_word' id='word_1_105' title='bbox 822 1130 878 1171; x_wconf 92' lang='lat' dir='ltr'>sit</span> <span class='ocrx_word' id='word_1_106' title='bbox 913 1130 1040 1171; x_wconf 88' lang='lat' dir='ltr'>rebus</span> <span class='ocrx_word' id='word_1_107' title='bbox 1074 1130 1266 1182; x_wconf 85' lang='lat' dir='ltr'>fortuna,</span> <span class='ocrx_word' id='word_1_108' title='bbox 1311 1129 1487 1171; x_wconf 84' lang='lat' dir='ltr'>videtis:</span> 
     </span>
    </p>
   </div>
   <div class='ocr_carea' id='block_1_13' title="bbox 1810 1131 1892 1171">
    <p class='ocr_par' dir='ltr' id='par_1_14' title="bbox 1810 1131 1892 1171">
     <span class='ocr_line' id='line_1_21' title="bbox 1810 1131 1892 1171; baseline 0 0"><span class='ocrx_word' id='word_1_109' title='bbox 1810 1131 1892 1171; x_wconf 86' lang='lat'>350</span> 
     </span>
    </p>
   </div>
   <div class='ocr_carea' id='block_1_14' title="bbox 262 1186 1255 1242">
    <p class='ocr_par' dir='ltr' id='par_1_15' title="bbox 262 1186 1255 1242">
     <span class='ocr_line' id='line_1_22' title="bbox 262 1186 1255 1242; baseline 0.002 -15"><span class='ocrx_word' id='word_1_110' title='bbox 262 1186 494 1228; x_wconf 77' lang='lat' dir='ltr'>Excessere</span> <span class='ocrx_word' id='word_1_111' title='bbox 534 1200 678 1229; x_wconf 89' lang='lat' dir='ltr'>omnes</span> <span class='ocrx_word' id='word_1_112' title='bbox 709 1187 850 1242; x_wconf 87' lang='lat' dir='ltr'>adytis</span> <span class='ocrx_word' id='word_1_113' title='bbox 886 1188 1059 1241; x_wconf 89' lang='lat' dir='ltr'>arisque</span> <span class='ocrx_word' id='word_1_114' title='bbox 1094 1188 1255 1230; x_wconf 90' lang='lat' dir='ltr'>relictis</span> 
     </span>
    </p>
   </div>
   <div class='ocr_carea' id='block_1_15' title="bbox 261 1335 1053 1601">
    <p class='ocr_par' dir='ltr' id='par_1_16' title="bbox 261 1335 1053 1601">
     <span class='ocr_line' id='line_1_23' title="bbox 261 1335 1053 1379; baseline 0.003 -13"><span class='ocrx_word' id='word_1_115' title='bbox 261 1335 396 1366; x_wconf 84' lang='lat' dir='ltr'>blinder</span> <span class='ocrx_word' id='word_1_116' title='bbox 426 1335 636 1378; x_wconf 69' lang='lat' dir='ltr'>Betciubung</span> <span class='ocrx_word' id='word_1_117' title='bbox 668 1335 744 1366; x_wconf 73' lang='lat' dir='ltr'>(lem</span> <span class='ocrx_word' id='word_1_118' title='bbox 770 1335 900 1368; x_wconf 85' lang='lat' dir='ltr'>Feinde</span> <span class='ocrx_word' id='word_1_119' title='bbox 932 1342 1053 1379; x_wconf 80' lang='lat' dir='ltr'>entgc-</span> 
     </span>
     <span class='ocr_line' id='line_1_24' title="bbox 261 1380 1052 1423; baseline 0.003 -12"><span class='ocrx_word' id='word_1_120' title='bbox 261 1384 358 1423; x_wconf 61' lang='lat' dir='ltr'>gerr‘</span> <span class='ocrx_word' id='word_1_121' title='bbox 387 1380 507 1412; x_wconf 75' lang='lat' dir='ltr'>schin.</span> <span class='ocrx_word' id='word_1_122' title='bbox 556 1385 605 1412; x_wconf 78' lang='lat' dir='ltr'>Ita</span> <span class='ocrx_word' id='word_1_123' title='bbox 630 1385 717 1413; x_wconf 81' lang='lat' dir='ltr'>caeci</span> <span class='ocrx_word' id='word_1_124' title='bbox 751 1381 809 1422; x_wconf 78' lang='lat'>12,</span> <span class='ocrx_word' id='word_1_125' title='bbox 837 1383 912 1413; x_wconf 80' lang='grc'><strong>279.</strong></span> <span class='ocrx_word' id='word_1_126' title='bbox 968 1383 1052 1414; x_wconf 82' lang='lat' dir='ltr'>Cae-</span> 
     </span>
     <span class='ocr_line' id='line_1_25' title="bbox 262 1430 1053 1465; baseline 0.004 -8"><span class='ocrx_word' id='word_1_127' title='bbox 262 1438 335 1457; x_wconf 83' lang='lat' dir='ltr'>cum</span> <span class='ocrx_word' id='word_1_128' title='bbox 362 1434 467 1458; x_wconf 84' lang='lat' dir='ltr'>autem</span> <span class='ocrx_word' id='word_1_129' title='bbox 491 1432 625 1458; x_wconf 77' lang='lat' dir='ltr'>Martem</span> <span class='ocrx_word' id='word_1_130' title='bbox 648 1430 792 1464; x_wconf 84' lang='lat' dir='ltr'>accipere</span> <span class='ocrx_word' id='word_1_131' title='bbox 816 1432 973 1465; x_wconf 84' lang='lat' dir='ltr'>proelium</span> <span class='ocrx_word' id='word_1_132' title='bbox 997 1433 1053 1459; x_wconf 85' lang='lat' dir='ltr'>ob-</span> 
     </span>
     <span class='ocr_line' id='line_1_26' title="bbox 262 1476 1051 1513; baseline 0.003 -10"><span class='ocrx_word' id='word_1_133' title='bbox 262 1483 359 1504; x_wconf 76' lang='lat' dir='ltr'>scura</span> <span class='ocrx_word' id='word_1_134' title='bbox 383 1479 472 1504; x_wconf 86' lang='lat' dir='ltr'>nocte</span> <span class='ocrx_word' id='word_1_135' title='bbox 493 1476 700 1504; x_wconf 84' lang='lat' dir='ltr'>connnissum</span> <span class='ocrx_word' id='word_1_136' title='bbox 725 1483 787 1503; x_wconf 87' lang='lat' dir='ltr'>non</span> <span class='ocrx_word' id='word_1_137' title='bbox 810 1477 894 1513; x_wconf 86' lang='lat' dir='ltr'>licet,</span> <span class='ocrx_word' id='word_1_138' title='bbox 919 1481 947 1505; x_wconf 87' lang='lat' dir='ltr'>et</span> <span class='ocrx_word' id='word_1_139' title='bbox 970 1479 1051 1511; x_wconf 76' lang='lat' dir='ltr'>quod</span> 
     </span>
     <span class='ocr_line' id='line_1_27' title="bbox 263 1521 1053 1557; baseline 0.001 -8"><span class='ocrx_word' id='word_1_140' title='bbox 263 1521 376 1550; x_wconf 78' lang='lat' dir='ltr'>Graeci</span> <span class='ocrx_word' id='word_1_141' title='bbox 408 1529 470 1549; x_wconf 86' lang='lat' dir='ltr'>non</span> <span class='ocrx_word' id='word_1_142' title='bbox 499 1521 604 1557; x_wconf 78' lang='lat' dir='ltr'>magis</span> <span class='ocrx_word' id='word_1_143' title='bbox 634 1523 704 1550; x_wconf 83' lang='lat' dir='ltr'>lucc</span> <span class='ocrx_word' id='word_1_144' title='bbox 735 1521 885 1551; x_wconf 81' lang='lat' dir='ltr'>fruuntur</span> <span class='ocrx_word' id='word_1_145' title='bbox 916 1526 944 1551; x_wconf 79' lang='lat' dir='ltr'>et</span> <span class='ocrx_word' id='word_1_146' title='bbox 971 1525 1053 1557; x_wconf 82' lang='lat' dir='ltr'>quod</span> 
     </span>
     <span class='ocr_line' id='line_1_28' title="bbox 262 1566 1022 1601; baseline 0.003 -6"><span class='ocrx_word' id='word_1_147' title='bbox 262 1567 359 1595; x_wconf 79' lang='lat' dir='ltr'>Troia</span> <span class='ocrx_word' id='word_1_148' title='bbox 384 1572 475 1601; x_wconf 83' lang='lat' dir='ltr'>capta</span> <span class='ocrx_word' id='word_1_149' title='bbox 501 1567 677 1601; x_wconf 79' lang='lat' dir='ltr'>plenilunio</span> <span class='ocrx_word' id='word_1_150' title='bbox 705 1572 751 1595; x_wconf 83' lang='lat' dir='ltr'>est</span> <span class='ocrx_word' id='word_1_151' title='bbox 778 1568 816 1597; x_wconf 87' lang='lat' dir='ltr'>cf.</span> <span class='ocrx_word' id='word_1_152' title='bbox 844 1566 919 1596; x_wconf 74' lang='lat'>255.</span> <span class='ocrx_word' id='word_1_153' title='bbox 947 1566 1022 1597; x_wconf 88' lang='grc'><strong>340.</strong></span> 
     </span>
    </p>
   </div>
   <div class='ocr_carea' id='block_1_16' title="bbox 263 1642 1055 1730">
    <p class='ocr_par' dir='ltr' id='par_1_17' title="bbox 263 1642 1055 1730">
     <span class='ocr_line' id='line_1_29' title="bbox 263 1642 1055 1685; baseline 0.001 -10"><span class='ocrx_word' id='word_1_154' title='bbox 263 1644 452 1675; x_wconf 80' lang='grc'><strong>336-69.</strong></span> <span class='ocrx_word' id='word_1_155' title='bbox 500 1642 636 1675; x_wconf 78' lang='lat' dir='ltr'>Aeneas</span> <span class='ocrx_word' id='word_1_156' title='bbox 671 1643 775 1675; x_wconf 85' lang='lat' dir='ltr'>sociis</span> <span class='ocrx_word' id='word_1_157' title='bbox 809 1643 961 1676; x_wconf 86' lang='lat' dir='ltr'>collectis</span> <span class='ocrx_word' id='word_1_158' title='bbox 994 1653 1055 1685; x_wconf 85' lang='lat' dir='ltr'>per</span> 
     </span>
     <span class='ocr_line' id='line_1_30' title="bbox 434 1687 883 1730; baseline 0.002 -10"><span class='ocrx_word' id='word_1_159' title='bbox 434 1687 554 1720; x_wconf 82' lang='lat' dir='ltr'>urbem</span> <span class='ocrx_word' id='word_1_160' title='bbox 586 1688 717 1730; x_wconf 80' lang='lat' dir='ltr'>proclia</span> <span class='ocrx_word' id='word_1_161' title='bbox 750 1689 883 1721; x_wconf 87' lang='lat' dir='ltr'>miscet.</span> 
     </span>
    </p>
   </div>
   <div class='ocr_carea' id='block_1_17' title="bbox 263 1747 1060 3104">
    <p class='ocr_par' dir='ltr' id='par_1_18' title="bbox 263 1747 1052 1828">
     <span class='ocr_line' id='line_1_31' title="bbox 310 1747 1052 1783; baseline 0.003 -8"><span class='ocrx_word' id='word_1_162' title='bbox 310 1747 383 1776; x_wconf 74' lang='lat'>336.</span> <span class='ocrx_word' id='word_1_163' title='bbox 413 1749 471 1776; x_wconf 77' lang='lat' dir='ltr'>His</span> <span class='ocrx_word' id='word_1_164' title='bbox 500 1749 592 1777; x_wconf 73' lang='lat' dir='ltr'>(lictis</span> <span class='ocrx_word' id='word_1_165' title='bbox 618 1753 647 1777; x_wconf 76' lang='lat' dir='ltr'>et</span> <span class='ocrx_word' id='word_1_166' title='bbox 675 1750 770 1783; x_wconf 78' lang='lat' dir='ltr'>quasi</span> <span class='ocrx_word' id='word_1_167' title='bbox 795 1751 851 1777; x_wconf 82' lang='lat' dir='ltr'>deo</span> <span class='ocrx_word' id='word_1_168' title='bbox 877 1754 966 1779; x_wconf 80' lang='lat' dir='ltr'>actus</span> <span class='ocrx_word' id='word_1_169' title='bbox 990 1750 1052 1778; x_wconf 85' lang='lat' dir='ltr'>ali-</span> 
     </span>
     <span class='ocr_line' id='line_1_32' title="bbox 263 1794 870 1828; baseline 0.003 -6"><span class='ocrx_word' id='word_1_170' title='bbox 263 1803 322 1828; x_wconf 83' lang='lat' dir='ltr'>quo</span> <span class='ocrx_word' id='word_1_171' title='bbox 350 1795 381 1821; x_wconf 92' lang='lat' dir='ltr'>in</span> <span class='ocrx_word' id='word_1_172' title='bbox 415 1794 551 1823; x_wconf 82' lang='lat' dir='ltr'>medium</span> <span class='ocrx_word' id='word_1_173' title='bbox 578 1797 747 1823; x_wconf 81' lang='lat' dir='ltr'>tumultum</span> <span class='ocrx_word' id='word_1_174' title='bbox 774 1795 870 1824; x_wconf 85' lang='lat' dir='ltr'>irruo.</span> 
     </span>
    </p>

    <p class='ocr_par' dir='ltr' id='par_1_19' title="bbox 264 1837 1053 1969">
     <span class='ocr_line' id='line_1_33' title="bbox 310 1837 1052 1878; baseline 0.005 -12"><span class='ocrx_word' id='word_1_175' title='bbox 310 1837 383 1868; x_wconf 75' lang='lat'>337.</span> <span class='ocrx_word' id='word_1_176' title='bbox 417 1838 541 1878; x_wconf 57' lang='lat' dir='ltr'>Erinys·</span> <span class='ocrx_word' id='word_1_177' title='bbox 582 1841 680 1868; x_wconf 71' lang='grc' dir='ltr'><strong>ΜΒΓ.</strong></span> <span class='ocrx_word' id='word_1_178' title='bbox 720 1841 845 1875; x_wconf 78' lang='lat' dir='ltr'>ubique.</span> <span class='ocrx_word' id='word_1_179' title='bbox 916 1843 963 1869; x_wconf 87' lang='lat' dir='ltr'>Ita</span> <span class='ocrx_word' id='word_1_180' title='bbox 1002 1849 1052 1875; x_wconf 85' lang='lat' dir='ltr'>ap.</span> 
     </span>
     <span class='ocr_line' id='line_1_34' title="bbox 264 1885 1053 1917; baseline 0.003 -5"><span class='ocrx_word' id='word_1_181' title='bbox 264 1888 418 1917; x_wconf 74' lang='lat' dir='ltr'>Graecos:</span> <span class='ocrx_word' id='word_1_182' title='bbox 445 1885 483 1914; x_wconf 86' lang='lat' dir='ltr'>cf.</span> <span class='ocrx_word' id='word_1_183' title='bbox 510 1886 621 1914; x_wconf 86' lang='lat' dir='ltr'>Blomf.</span> <span class='ocrx_word' id='word_1_184' title='bbox 647 1887 685 1914; x_wconf 79' lang='lat' dir='ltr'>ad</span> <span class='ocrx_word' id='word_1_185' title='bbox 711 1887 828 1915; x_wconf 73' lang='lat' dir='ltr'>Aescu.</span> <span class='ocrx_word' id='word_1_186' title='bbox 854 1888 959 1916; x_wconf 80' lang='lat' dir='ltr'>Proui.</span> <span class='ocrx_word' id='word_1_187' title='bbox 978 1885 1053 1915; x_wconf 82' lang='lat'>525.</span> 
     </span>
     <span class='ocr_line' id='line_1_35' title="bbox 269 1928 890 1969; baseline 0.002 -10"><span class='ocrx_word' id='word_1_188' title='bbox 269 1928 419 1969; x_wconf 69' lang='lat' dir='ltr'>Erinnys·</span> <span class='ocrx_word' id='word_1_189' title='bbox 443 1933 530 1965; x_wconf 69' lang='lat' dir='ltr'>vulg.</span> <span class='ocrx_word' id='word_1_190' title='bbox 579 1933 633 1959; x_wconf 79' lang='lat' dir='ltr'>Est</span> <span class='ocrx_word' id='word_1_191' title='bbox 661 1933 766 1966; x_wconf 81' lang='lat' dir='ltr'>Furia.</span> <span class='ocrx_word' id='word_1_192' title='bbox 793 1933 890 1961; x_wconf 86' lang='lat' dir='ltr'>furor.</span> 
     </span>
    </p>

    <p class='ocr_par' dir='ltr' id='par_1_20' title="bbox 264 1975 1056 2235">
     <span class='ocr_line' id='line_1_36' title="bbox 309 1975 1054 2010; baseline 0.004 -8"><span class='ocrx_word' id='word_1_193' title='bbox 309 1975 382 2004; x_wconf 73' lang='lat'>2339.</span> <span class='ocrx_word' id='word_1_194' title='bbox 411 1975 555 2005; x_wconf 72' lang='lat' dir='ltr'>Addunt</span> <span class='ocrx_word' id='word_1_195' title='bbox 580 1984 614 2005; x_wconf 89' lang='lat' dir='ltr'>se</span> <span class='ocrx_word' id='word_1_196' title='bbox 634 1976 741 2005; x_wconf 72' lang='lat' dir='ltr'>socios</span> <span class='ocrx_word' id='word_1_197' title='bbox 760 1979 900 2010; x_wconf 73' lang='lat' dir='ltr'>Aeneae,</span> <span class='ocrx_word' id='word_1_198' title='bbox 926 1983 959 2007; x_wconf 87' lang='lat' dir='ltr'>ut</span> <span class='ocrx_word' id='word_1_199' title='bbox 984 1979 1054 2006; x_wconf 76' lang='lat' dir='ltr'>viro</span> 
     </span>
     <span class='ocr_line' id='line_1_37' title="bbox 265 2022 1054 2059; baseline 0.003 -10"><span class='ocrx_word' id='word_1_200' title='bbox 265 2022 446 2050; x_wconf 80' lang='lat' dir='ltr'>fortitudine</span> <span class='ocrx_word' id='word_1_201' title='bbox 479 2024 662 2059; x_wconf 82' lang='lat' dir='ltr'>praeclaro,</span> <span class='ocrx_word' id='word_1_202' title='bbox 698 2031 791 2057; x_wconf 86' lang='lat' dir='ltr'>quem</span> <span class='ocrx_word' id='word_1_203' title='bbox 816 2025 927 2053; x_wconf 80' lang='lat' dir='ltr'>ducem</span> <span class='ocrx_word' id='word_1_204' title='bbox 957 2031 1054 2058; x_wconf 85' lang='lat' dir='ltr'>quae-</span> 
     </span>
     <span class='ocr_line' id='line_1_38' title="bbox 264 2065 1052 2105; baseline 0.003 -10"><span class='ocrx_word' id='word_1_205' title='bbox 264 2072 344 2095; x_wconf 85' lang='lat' dir='ltr'>ruut.</span> <span class='ocrx_word' id='word_1_206' title='bbox 382 2083 418 2086; x_wconf 79' lang='lat'>—</span> <span class='ocrx_word' id='word_1_207' title='bbox 460 2065 597 2096; x_wconf 82' lang='lat' dir='ltr'>Addere</span> <span class='ocrx_word' id='word_1_208' title='bbox 620 2076 654 2096; x_wconf 83' lang='lat' dir='ltr'>se</span> <span class='ocrx_word' id='word_1_209' title='bbox 681 2069 725 2097; x_wconf 85' lang='lat' dir='ltr'>ita</span> <span class='ocrx_word' id='word_1_210' title='bbox 753 2068 781 2105; x_wconf 87' lang='lat'>6,</span> <span class='ocrx_word' id='word_1_211' title='bbox 809 2067 884 2097; x_wconf 82' lang='lat'>778.</span> <span class='ocrx_word' id='word_1_212' title='bbox 921 2085 957 2089; x_wconf 76' lang='lat'>-—</span> <span class='ocrx_word' id='word_1_213' title='bbox 992 2071 1052 2097; x_wconf 80' lang='lat' dir='ltr'>Rli.</span> 
     </span>
     <span class='ocr_line' id='line_1_39' title="bbox 266 2114 1051 2149; baseline 0.005 -9"><span class='ocrx_word' id='word_1_214' title='bbox 266 2115 298 2141; x_wconf 76' lang='lat' dir='ltr'>E.</span> <span class='ocrx_word' id='word_1_215' title='bbox 327 2114 362 2141; x_wconf 79' lang='lat' dir='ltr'>tl.</span> <span class='ocrx_word' id='word_1_216' title='bbox 390 2115 423 2141; x_wconf 86' lang='grc' dir='ltr'><strong>Ι).</strong></span> <span class='ocrx_word' id='word_1_217' title='bbox 458 2114 510 2148; x_wconf 78' lang='lat' dir='ltr'>qui</span> <span class='ocrx_word' id='word_1_218' title='bbox 546 2114 643 2141; x_wconf 84' lang='lat' dir='ltr'>oblati</span> <span class='ocrx_word' id='word_1_219' title='bbox 677 2119 750 2142; x_wconf 80' lang='lat' dir='ltr'>sunt</span> <span class='ocrx_word' id='word_1_220' title='bbox 777 2124 832 2149; x_wconf 83' lang='lat' dir='ltr'>pet·</span> <span class='ocrx_word' id='word_1_221' title='bbox 856 2117 976 2144; x_wconf 81' lang='lat' dir='ltr'>lunam.</span> <span class='ocrx_word' id='word_1_222' title='bbox 1014 2130 1051 2134; x_wconf 91' lang='lat'>—</span> 
     </span>
     <span class='ocr_line' id='line_1_40' title="bbox 269 2156 1056 2197; baseline 0.004 -11"><span class='ocrx_word' id='word_1_223' title='bbox 269 2156 444 2186; x_wconf 66' lang='lat' dir='ltr'>‚Uarinius-</span> <span class='ocrx_word' id='word_1_224' title='bbox 485 2157 590 2186; x_wconf 72' lang='lat' dir='ltr'>armis</span> <span class='ocrx_word' id='word_1_225' title='bbox 626 2160 645 2186; x_wconf 87' lang='lat' dir='ltr'>i.</span> <span class='ocrx_word' id='word_1_226' title='bbox 679 2169 704 2188; x_wconf 80' lang='lat' dir='ltr'>e.</span> <span class='ocrx_word' id='word_1_227' title='bbox 746 2161 1056 2197; x_wconf 68' lang='lat' dir='ltr'>praestantissimus,</span> 
     </span>
     <span class='ocr_line' id='line_1_41' title="bbox 264 2201 965 2235; baseline 0.006 -4"><span class='ocrx_word' id='word_1_228' title='bbox 264 2209 294 2232; x_wconf 87' lang='lat' dir='ltr'>ut</span> <span class='ocrx_word' id='word_1_229' title='bbox 326 2204 349 2233; x_wconf 84' lang='lat' dir='ltr'>l.</span> <span class='ocrx_word' id='word_1_230' title='bbox 374 2202 437 2231; x_wconf 64' lang='lat'>545)</span> <span class='ocrx_word' id='word_1_231' title='bbox 464 2213 524 2232; x_wconf 76' lang='lat' dir='ltr'>nec</span> <span class='ocrx_word' id='word_1_232' title='bbox 549 2201 636 2232; x_wconf 79' lang='lat' dir='ltr'>bello</span> <span class='ocrx_word' id='word_1_233' title='bbox 660 2203 770 2234; x_wconf 80' lang='lat' dir='ltr'>maior</span> <span class='ocrx_word' id='word_1_234' title='bbox 793 2208 824 2235; x_wconf 82' lang='lat' dir='ltr'>ct</span> <span class='ocrx_word' id='word_1_235' title='bbox 848 2205 965 2235; x_wconf 83' lang='lat' dir='ltr'>armis.</span> 
     </span>
    </p>

    <p class='ocr_par' dir='ltr' id='par_1_21' title="bbox 265 2247 1060 2425">
     <span class='ocr_line' id='line_1_42' title="bbox 309 2247 1057 2289; baseline 0.005 -13"><span class='ocrx_word' id='word_1_236' title='bbox 309 2247 383 2277; x_wconf 81' lang='grc'><strong>341.</strong></span> <span class='ocrx_word' id='word_1_237' title='bbox 412 2248 676 2289; x_wconf 71' lang='lat' dir='ltr'>adglomerant:</span> <span class='ocrx_word' id='word_1_238' title='bbox 701 2253 725 2279; x_wconf 84' lang='lat' dir='ltr'>E</span> <span class='ocrx_word' id='word_1_239' title='bbox 745 2253 848 2286; x_wconf 85' lang='lat' dir='ltr'>priore</span> <span class='ocrx_word' id='word_1_240' title='bbox 869 2260 903 2281; x_wconf 85' lang='lat' dir='ltr'>se</span> <span class='ocrx_word' id='word_1_241' title='bbox 921 2250 1057 2280; x_wconf 83' lang='lat' dir='ltr'>addunt</span> 
     </span>
     <span class='ocr_line' id='line_1_43' title="bbox 268 2296 1056 2331; baseline 0.006 -10"><span class='ocrx_word' id='word_1_242' title='bbox 268 2304 437 2329; x_wconf 62' lang='lat' dir='ltr'>pronomen</span> <span class='ocrx_word' id='word_1_243' title='bbox 476 2299 535 2324; x_wconf 71' lang='lat' dir='ltr'>tuuc</span> <span class='ocrx_word' id='word_1_244' title='bbox 568 2296 664 2324; x_wconf 81' lang='lat' dir='ltr'>etiam</span> <span class='ocrx_word' id='word_1_245' title='bbox 694 2299 883 2327; x_wconf 77' lang='lat' dir='ltr'>trahendum</span> <span class='ocrx_word' id='word_1_246' title='bbox 913 2303 975 2331; x_wconf 75' lang='lat' dir='ltr'>est:</span> <span class='ocrx_word' id='word_1_247' title='bbox 1017 2297 1056 2326; x_wconf 78' lang='lat' dir='ltr'>cf.</span> 
     </span>
     <span class='ocr_line' id='line_1_44' title="bbox 266 2338 1060 2383; baseline 0.005 -15"><span class='ocrx_word' id='word_1_248' title='bbox 266 2339 316 2370; x_wconf 78' lang='lat'>12.</span> <span class='ocrx_word' id='word_1_249' title='bbox 342 2339 404 2368; x_wconf 79' lang='grc'><strong>457</strong></span> <span class='ocrx_word' id='word_1_250' title='bbox 439 2338 543 2369; x_wconf 82' lang='lat' dir='ltr'>Densi</span> <span class='ocrx_word' id='word_1_251' title='bbox 567 2339 683 2371; x_wconf 76' lang='lat' dir='ltr'>cuneis</span> <span class='ocrx_word' id='word_1_252' title='bbox 707 2351 742 2371; x_wconf 87' lang='lat' dir='ltr'>se</span> <span class='ocrx_word' id='word_1_253' title='bbox 766 2341 910 2383; x_wconf 62' lang='lat' dir='ltr'>quisque</span> <span class='ocrx_word' id='word_1_254' title='bbox 933 2341 1060 2372; x_wconf 82' lang='lat' dir='ltr'>coactis</span> 
     </span>
     <span class='ocr_line' id='line_1_45' title="bbox 265 2384 515 2425; baseline 0.008 -12"><span class='ocrx_word' id='word_1_255' title='bbox 265 2384 515 2425; x_wconf 64' lang='lat' dir='ltr'>agglomerant</span> 
     </span>
    </p>

    <p class='ocr_par' dir='ltr' id='par_1_22' title="bbox 264 2430 1058 2607">
     <span class='ocr_line' id='line_1_46' title="bbox 312 2430 1058 2466; baseline 0.004 -7"><span class='ocrx_word' id='word_1_256' title='bbox 312 2430 385 2460; x_wconf 76' lang='grc'><strong>342.</strong></span> <span class='ocrx_word' id='word_1_257' title='bbox 414 2433 500 2466; x_wconf 80' lang='lat' dir='ltr'>Quae</span> <span class='ocrx_word' id='word_1_258' title='bbox 523 2433 559 2460; x_wconf 81' lang='lat' dir='ltr'>de</span> <span class='ocrx_word' id='word_1_259' title='bbox 584 2434 724 2462; x_wconf 81' lang='lat' dir='ltr'>Coroebo</span> <span class='ocrx_word' id='word_1_260' title='bbox 750 2439 933 2464; x_wconf 79' lang='lat' dir='ltr'>narrantur.</span> <span class='ocrx_word' id='word_1_261' title='bbox 960 2435 1058 2462; x_wconf 86' lang='lat' dir='ltr'>inter-</span> 
     </span>
     <span class='ocr_line' id='line_1_47' title="bbox 265 2478 1057 2515; baseline 0.004 -11"><span class='ocrx_word' id='word_1_262' title='bbox 265 2478 346 2506; x_wconf 69' lang='lat' dir='ltr'>iecta</span> <span class='ocrx_word' id='word_1_263' title='bbox 371 2483 443 2505; x_wconf 76' lang='lat' dir='ltr'>sunt</span> <span class='ocrx_word' id='word_1_264' title='bbox 468 2478 615 2515; x_wconf 78' lang='lat' dir='ltr'>orationi,</span> <span class='ocrx_word' id='word_1_265' title='bbox 642 2480 730 2506; x_wconf 89' lang='lat' dir='ltr'>nullo</span> <span class='ocrx_word' id='word_1_266' title='bbox 756 2481 961 2508; x_wconf 74' lang='lat' dir='ltr'>cohaerentia</span> <span class='ocrx_word' id='word_1_267' title='bbox 984 2480 1057 2508; x_wconf 77' lang='lat' dir='ltr'>vin-</span> 
     </span>
     <span class='ocr_line' id='line_1_48' title="bbox 264 2521 1057 2554; baseline 0.004 -4"><span class='ocrx_word' id='word_1_268' title='bbox 264 2525 346 2551; x_wconf 86' lang='lat' dir='ltr'>culo.</span> <span class='ocrx_word' id='word_1_269' title='bbox 397 2524 473 2551; x_wconf 79' lang='lat' dir='ltr'>Eius</span> <span class='ocrx_word' id='word_1_270' title='bbox 504 2532 588 2552; x_wconf 80' lang='lat' dir='ltr'>mors</span> <span class='ocrx_word' id='word_1_271' title='bbox 620 2521 694 2552; x_wconf 75' lang='lat'>424.</span> <span class='ocrx_word' id='word_1_272' title='bbox 744 2525 790 2553; x_wconf 89' lang='lat' dir='ltr'>De</span> <span class='ocrx_word' id='word_1_273' title='bbox 813 2533 848 2553; x_wconf 86' lang='lat' dir='ltr'>eo</span> <span class='ocrx_word' id='word_1_274' title='bbox 876 2526 914 2554; x_wconf 86' lang='lat' dir='ltr'>cf.</span> <span class='ocrx_word' id='word_1_275' title='bbox 942 2526 1057 2553; x_wconf 85' lang='lat' dir='ltr'>Home-</span> 
     </span>
     <span class='ocr_line' id='line_1_49' title="bbox 265 2567 872 2607; baseline 0.002 -11"><span class='ocrx_word' id='word_1_276' title='bbox 265 2577 333 2597; x_wconf 85' lang='lat' dir='ltr'>rum</span> <span class='ocrx_word' id='word_1_277' title='bbox 358 2570 423 2597; x_wconf 82' lang='lat' dir='ltr'>alia</span> <span class='ocrx_word' id='word_1_278' title='bbox 450 2574 631 2597; x_wconf 80' lang='lat' dir='ltr'>narrantem</span> <span class='ocrx_word' id='word_1_279' title='bbox 656 2571 692 2597; x_wconf 91' lang='lat' dir='ltr'>ll.</span> <span class='ocrx_word' id='word_1_280' title='bbox 721 2567 771 2607; x_wconf 86' lang='lat'>13,</span> <span class='ocrx_word' id='word_1_281' title='bbox 798 2568 872 2598; x_wconf 79' lang='lat'>363.</span> 
     </span>
    </p>

    <p class='ocr_par' dir='ltr' id='par_1_23' title="bbox 267 2612 1056 2689">
     <span class='ocr_line' id='line_1_50' title="bbox 313 2612 1056 2651; baseline 0.005 -12"><span class='ocrx_word' id='word_1_282' title='bbox 313 2613 385 2642; x_wconf 77' lang='grc'><strong>343.</strong></span> <span class='ocrx_word' id='word_1_283' title='bbox 417 2612 544 2642; x_wconf 66' lang='lat' dir='ltr'>lucano</span> <span class='ocrx_word' id='word_1_284' title='bbox 566 2615 666 2644; x_wconf 77' lang='lat' dir='ltr'>fertur</span> <span class='ocrx_word' id='word_1_285' title='bbox 689 2623 816 2651; x_wconf 75' lang='lat' dir='ltr'>amore,</span> <span class='ocrx_word' id='word_1_286' title='bbox 840 2617 921 2649; x_wconf 77' lang='lat' dir='ltr'>quod</span> <span class='ocrx_word' id='word_1_287' title='bbox 953 2616 1056 2651; x_wconf 73' lang='lat' dir='ltr'>ipsius</span> 
     </span>
     <span class='ocr_line' id='line_1_51' title="bbox 267 2661 806 2689; baseline 0.006 -3"><span class='ocrx_word' id='word_1_288' title='bbox 267 2665 391 2688; x_wconf 79' lang='lat' dir='ltr'>amatae</span> <span class='ocrx_word' id='word_1_289' title='bbox 417 2661 517 2688; x_wconf 83' lang='lat' dir='ltr'>noluit</span> <span class='ocrx_word' id='word_1_290' title='bbox 542 2662 653 2689; x_wconf 85' lang='lat' dir='ltr'>audire</span> <span class='ocrx_word' id='word_1_291' title='bbox 678 2661 806 2689; x_wconf 85' lang='lat' dir='ltr'>monita.</span> 
     </span>
    </p>

    <p class='ocr_par' dir='ltr' id='par_1_24' title="bbox 267 2703 1056 2779">
     <span class='ocr_line' id='line_1_52' title="bbox 312 2703 1056 2742; baseline 0.003 -11"><span class='ocrx_word' id='word_1_292' title='bbox 312 2703 385 2732; x_wconf 85' lang='grc'><strong>344.</strong></span> <span class='ocrx_word' id='word_1_293' title='bbox 418 2703 530 2733; x_wconf 82' lang='lat' dir='ltr'>Gener</span> <span class='ocrx_word' id='word_1_294' title='bbox 557 2707 693 2736; x_wconf 79' lang='lat' dir='ltr'>..dicitur</span> <span class='ocrx_word' id='word_1_295' title='bbox 717 2711 745 2734; x_wconf 77' lang='lat' dir='ltr'>et</span> <span class='ocrx_word' id='word_1_296' title='bbox 769 2707 823 2741; x_wconf 83' lang='lat' dir='ltr'>qui</span> <span class='ocrx_word' id='word_1_297' title='bbox 846 2710 912 2742; x_wconf 80' lang='lat' dir='ltr'>est,</span> <span class='ocrx_word' id='word_1_298' title='bbox 949 2710 978 2734; x_wconf 86' lang='lat' dir='ltr'>et</span> <span class='ocrx_word' id='word_1_299' title='bbox 1003 2706 1056 2740; x_wconf 85' lang='lat' dir='ltr'>qui</span> 
     </span>
     <span class='ocr_line' id='line_1_53' title="bbox 267 2752 525 2779; baseline 0.012 -3"><span class='ocrx_word' id='word_1_300' title='bbox 267 2757 340 2777; x_wconf 75' lang='lat' dir='ltr'>esse</span> <span class='ocrx_word' id='word_1_301' title='bbox 369 2752 468 2778; x_wconf 54' lang='lat' dir='ltr'>vultt&#39;·</span> <span class='ocrx_word' id='word_1_302' title='bbox 496 2754 525 2779; x_wconf 89' lang='lat' dir='ltr'>S.</span> 
     </span>
    </p>

    <p class='ocr_par' dir='ltr' id='par_1_25' title="bbox 267 2792 1060 3104">
     <span class='ocr_line' id='line_1_54' title="bbox 314 2792 1056 2825; baseline 0.004 -4"><span class='ocrx_word' id='word_1_303' title='bbox 314 2792 386 2822; x_wconf 74' lang='lat'>3⁴6.</span> <span class='ocrx_word' id='word_1_304' title='bbox 414 2793 566 2825; x_wconf 74' lang='lat' dir='ltr'>audierit</span> <span class='ocrx_word' id='word_1_305' title='bbox 593 2799 634 2825; x_wconf 81' lang='lat' dir='ltr'>M.</span> <span class='ocrx_word' id='word_1_306' title='bbox 670 2798 711 2825; x_wconf 83' lang='lat' dir='ltr'>al.</span> <span class='ocrx_word' id='word_1_307' title='bbox 753 2812 791 2816; x_wconf 79' lang='lat'>—-</span> <span class='ocrx_word' id='word_1_308' title='bbox 826 2793 990 2825; x_wconf 75' lang='lat' dir='ltr'>audierat</span> <span class='ocrx_word' id='word_1_309' title='bbox 1014 2799 1056 2825; x_wconf 84' lang='lat' dir='ltr'>al.</span> 
     </span>
     <span class='ocr_line' id='line_1_55' title="bbox 268 2839 1059 2881; baseline 0.004 -15"><span class='ocrx_word' id='word_1_310' title='bbox 268 2840 370 2873; x_wconf 80' lang='lat' dir='ltr'>pauci.</span> <span class='ocrx_word' id='word_1_311' title='bbox 408 2856 442 2859; x_wconf 88' lang='lat'>—</span> <span class='ocrx_word' id='word_1_312' title='bbox 480 2839 609 2878; x_wconf 66' lang='lat' dir='ltr'>Infelix</span> <span class='ocrx_word' id='word_1_313' title='bbox 631 2840 689 2881; x_wconf 85' lang='lat' dir='ltr'>qui</span> <span class='ocrx_word' id='word_1_314' title='bbox 716 2858 751 2861; x_wconf 87' lang='lat'>—</span> <span class='ocrx_word' id='word_1_315' title='bbox 781 2849 932 2871; x_wconf 83' lang='lat' dir='ltr'>caussam</span> <span class='ocrx_word' id='word_1_316' title='bbox 960 2843 1059 2871; x_wconf 85' lang='lat' dir='ltr'>conti-</span> 
     </span>
     <span class='ocr_line' id='line_1_56' title="bbox 267 2888 1054 2924; baseline 0.006 -13"><span class='ocrx_word' id='word_1_317' title='bbox 267 2889 327 2912; x_wconf 78' lang='lat' dir='ltr'>net.</span> <span class='ocrx_word' id='word_1_318' title='bbox 354 2892 451 2919; x_wconf 81' lang='lat' dir='ltr'>quare</span> <span class='ocrx_word' id='word_1_319' title='bbox 476 2895 545 2915; x_wconf 85' lang='lat' dir='ltr'>cum</span> <span class='ocrx_word' id='word_1_320' title='bbox 571 2889 774 2916; x_wconf 78' lang='lat' dir='ltr'>coniunctivo</span> <span class='ocrx_word' id='word_1_321' title='bbox 799 2888 941 2924; x_wconf 77' lang='lat' dir='ltr'>iungitur</span> <span class='ocrx_word' id='word_1_322' title='bbox 966 2893 997 2916; x_wconf 87' lang='lat' dir='ltr'>ut</span> <span class='ocrx_word' id='word_1_323' title='bbox 1024 2888 1054 2916; x_wconf 79' lang='lat'>5.</span> 
     </span>
     <span class='ocr_line' id='line_1_57' title="bbox 269 2928 1059 2972; baseline 0.008 -18"><span class='ocrx_word' id='word_1_324' title='bbox 269 2928 344 2957; x_wconf 68' lang='lat'>523.</span> <span class='ocrx_word' id='word_1_325' title='bbox 386 2930 414 2958; x_wconf 78' lang='grc'>6.</span> <span class='ocrx_word' id='word_1_326' title='bbox 440 2929 514 2959; x_wconf 75' lang='grc'><strong>591.</strong></span> <span class='ocrx_word' id='word_1_327' title='bbox 549 2930 578 2960; x_wconf 89' lang='grc'>9.</span> <span class='ocrx_word' id='word_1_328' title='bbox 604 2931 679 2961; x_wconf 65' lang='grc'><strong>728.</strong></span> <span class='ocrx_word' id='word_1_329' title='bbox 734 2930 880 2961; x_wconf 83' lang='lat' dir='ltr'>Demens</span> <span class='ocrx_word' id='word_1_330' title='bbox 906 2931 964 2972; x_wconf 82' lang='lat' dir='ltr'>qui</span> <span class='ocrx_word' id='word_1_331' title='bbox 987 2930 1059 2961; x_wconf 80' lang='lat' dir='ltr'>Ru-</span> 
     </span>
     <span class='ocr_line' id='line_1_58' title="bbox 269 2972 1058 3018; baseline 0.004 -15"><span class='ocrx_word' id='word_1_332' title='bbox 269 2973 378 3003; x_wconf 84' lang='lat' dir='ltr'>tulum</span> <span class='ocrx_word' id='word_1_333' title='bbox 424 2972 458 3003; x_wconf 89' lang='lat' dir='ltr'>in</span> <span class='ocrx_word' id='word_1_334' title='bbox 501 2975 610 3005; x_wconf 87' lang='lat' dir='ltr'>medio</span> <span class='ocrx_word' id='word_1_335' title='bbox 650 2987 716 3007; x_wconf 82' lang='lat' dir='ltr'>non</span> <span class='ocrx_word' id='word_1_336' title='bbox 757 2976 899 3017; x_wconf 76' lang='lat' dir='ltr'>agmine</span> <span class='ocrx_word' id='word_1_337' title='bbox 942 2986 1058 3018; x_wconf 74' lang='lat' dir='ltr'>regem</span> 
     </span>
     <span class='ocr_line' id='line_1_59' title="bbox 276 3018 1060 3063; baseline 0.008 -16"><span class='ocrx_word' id='word_1_338' title='bbox 276 3018 290 3047; x_wconf 80' lang='lat' dir='ltr'><strong><em>l</em></strong></span> <span class='ocrx_word' id='word_1_339' title='bbox 306 3018 408 3049; x_wconf 83' lang='lat' dir='ltr'>iderz&#39;t</span> <span class='ocrx_word' id='word_1_340' title='bbox 433 3018 673 3060; x_wconf 71' lang='lat' dir='ltr'>irrumpentem</span> <span class='ocrx_word' id='word_1_341' title='bbox 703 3021 859 3063; x_wconf 82' lang='lat' dir='ltr'>ultroque</span> <span class='ocrx_word' id='word_1_342' title='bbox 883 3021 1060 3053; x_wconf 62' lang='lat' dir='ltr'>incluserit</span> 
     </span>
     <span class='ocr_line' id='line_1_60' title="bbox 270 3063 1059 3104; baseline 0.008 -12"><span class='ocrx_word' id='word_1_343' title='bbox 270 3063 355 3093; x_wconf 80' lang='lat' dir='ltr'>urbi.</span> <span class='ocrx_word' id='word_1_344' title='bbox 403 3067 461 3094; x_wconf 88' lang='lat' dir='ltr'>Ille</span> <span class='ocrx_word' id='word_1_345' title='bbox 485 3068 614 3095; x_wconf 80' lang='lat' dir='ltr'>demens</span> <span class='ocrx_word' id='word_1_346' title='bbox 639 3074 704 3101; x_wconf 73' lang='lat' dir='ltr'>est,</span> <span class='ocrx_word' id='word_1_347' title='bbox 733 3077 829 3104; x_wconf 83' lang='lat' dir='ltr'>quum</span> <span class='ocrx_word' id='word_1_348' title='bbox 850 3077 911 3098; x_wconf 89' lang='lat' dir='ltr'>non</span> <span class='ocrx_word' id='word_1_349' title='bbox 944 3070 1059 3098; x_wconf 80' lang='lat' dir='ltr'>viderit</span> 
     </span>
    </p>
   </div>
   <div class='ocr_carea' id='block_1_18' title="bbox 1097 1339 1897 3106">
    <p class='ocr_par' dir='ltr' id='par_1_26' title="bbox 1097 1339 1896 1786">
     <span class='ocr_line' id='line_1_61' title="bbox 1098 1339 1892 1376; baseline 0 -8"><span class='ocrx_word' id='word_1_350' title='bbox 1098 1345 1156 1369; x_wconf 82' lang='lat' dir='ltr'>etc.</span> <span class='ocrx_word' id='word_1_351' title='bbox 1205 1341 1248 1368; x_wconf 80' lang='lat' dir='ltr'>At</span> <span class='ocrx_word' id='word_1_352' title='bbox 1271 1348 1348 1369; x_wconf 71' lang='lat' dir='ltr'>vero</span> <span class='ocrx_word' id='word_1_353' title='bbox 1370 1341 1495 1374; x_wconf 80' lang='lat' dir='ltr'>quando</span> <span class='ocrx_word' id='word_1_354' title='bbox 1513 1339 1712 1369; x_wconf 81' lang='lat' dir='ltr'>indicativus</span> <span class='ocrx_word' id='word_1_355' title='bbox 1735 1340 1892 1376; x_wconf 81' lang='lat' dir='ltr'>sequitur,</span> 
     </span>
     <span class='ocr_line' id='line_1_62' title="bbox 1098 1385 1892 1423; baseline 0.001 -10"><span class='ocrx_word' id='word_1_356' title='bbox 1098 1386 1298 1414; x_wconf 79' lang='lat' dir='ltr'>enuntiatum</span> <span class='ocrx_word' id='word_1_357' title='bbox 1322 1386 1496 1415; x_wconf 80' lang='lat' dir='ltr'>relativum</span> <span class='ocrx_word' id='word_1_358' title='bbox 1519 1389 1569 1413; x_wconf 77' lang='lat' dir='ltr'>est</span> <span class='ocrx_word' id='word_1_359' title='bbox 1594 1385 1730 1414; x_wconf 86' lang='lat' dir='ltr'>subiecti</span> <span class='ocrx_word' id='word_1_360' title='bbox 1753 1386 1833 1423; x_wconf 89' lang='lat' dir='ltr'>loco,</span> <span class='ocrx_word' id='word_1_361' title='bbox 1858 1390 1892 1414; x_wconf 89' lang='lat' dir='ltr'>ut</span> 
     </span>
     <span class='ocr_line' id='line_1_63' title="bbox 1100 1427 1893 1471; baseline 0 -12"><span class='ocrx_word' id='word_1_362' title='bbox 1100 1430 1129 1464; x_wconf 81' lang='lat'>3.</span> <span class='ocrx_word' id='word_1_363' title='bbox 1158 1429 1221 1459; x_wconf 80' lang='lat'>323</span> <span class='ocrx_word' id='word_1_364' title='bbox 1254 1436 1282 1460; x_wconf 83' lang='lat' dir='ltr'>et</span> <span class='ocrx_word' id='word_1_365' title='bbox 1315 1434 1350 1460; x_wconf 87' lang='lat' dir='ltr'>G.</span> <span class='ocrx_word' id='word_1_366' title='bbox 1377 1430 1408 1467; x_wconf 81' lang='lat'>2,</span> <span class='ocrx_word' id='word_1_367' title='bbox 1435 1429 1501 1459; x_wconf 74' lang='lat'>490</span> <span class='ocrx_word' id='word_1_368' title='bbox 1538 1427 1655 1467; x_wconf 66' lang='lat' dir='ltr'>Felix,</span> <span class='ocrx_word' id='word_1_369' title='bbox 1689 1428 1750 1469; x_wconf 81' lang='lat' dir='ltr'>qui</span> <span class='ocrx_word' id='word_1_370' title='bbox 1777 1429 1893 1471; x_wconf 82' lang='lat' dir='ltr'>potuit</span> 
     </span>
     <span class='ocr_line' id='line_1_64' title="bbox 1097 1473 1895 1516; baseline 0 -12"><span class='ocrx_word' id='word_1_371' title='bbox 1097 1484 1211 1505; x_wconf 85' lang='lat' dir='ltr'>rerum</span> <span class='ocrx_word' id='word_1_372' title='bbox 1243 1484 1447 1516; x_wconf 69' lang='lat' dir='ltr'>cognoscere</span> <span class='ocrx_word' id='word_1_373' title='bbox 1479 1484 1640 1513; x_wconf 81' lang='lat' dir='ltr'>caussas,</span> <span class='ocrx_word' id='word_1_374' title='bbox 1680 1473 1895 1507; x_wconf 74' lang='lat' dir='ltr'>Fortunatus</span> 
     </span>
     <span class='ocr_line' id='line_1_65' title="bbox 1101 1520 1895 1562; baseline 0.001 -12"><span class='ocrx_word' id='word_1_375' title='bbox 1101 1525 1131 1551; x_wconf 87' lang='lat' dir='ltr'>et</span> <span class='ocrx_word' id='word_1_376' title='bbox 1158 1520 1228 1557; x_wconf 83' lang='lat' dir='ltr'>ille,</span> <span class='ocrx_word' id='word_1_377' title='bbox 1255 1520 1335 1551; x_wconf 79' lang='lat' dir='ltr'>deos</span> <span class='ocrx_word' id='word_1_378' title='bbox 1361 1520 1420 1562; x_wconf 83' lang='lat' dir='ltr'>qui</span> <span class='ocrx_word' id='word_1_379' title='bbox 1446 1520 1542 1550; x_wconf 87' lang='lat' dir='ltr'>novit</span> <span class='ocrx_word' id='word_1_380' title='bbox 1569 1524 1745 1562; x_wconf 71' lang='lat' dir='ltr'>agrestes.-</span> <span class='ocrx_word' id='word_1_381' title='bbox 1765 1523 1821 1557; x_wconf 83' lang='lat' dir='ltr'>qui</span> <span class='ocrx_word' id='word_1_382' title='bbox 1838 1531 1895 1558; x_wconf 87' lang='lat' dir='ltr'>po-</span> 
     </span>
     <span class='ocr_line' id='line_1_66' title="bbox 1100 1564 1895 1606; baseline 0.001 -10"><span class='ocrx_word' id='word_1_383' title='bbox 1100 1569 1158 1596; x_wconf 79' lang='lat' dir='ltr'>tuit</span> <span class='ocrx_word' id='word_1_384' title='bbox 1181 1572 1238 1597; x_wconf 88' lang='lat' dir='ltr'>etc.</span> <span class='ocrx_word' id='word_1_385' title='bbox 1266 1573 1310 1597; x_wconf 79' lang='lat' dir='ltr'>est</span> <span class='ocrx_word' id='word_1_386' title='bbox 1335 1569 1424 1597; x_wconf 82' lang='lat' dir='ltr'>felix.</span> <span class='ocrx_word' id='word_1_387' title='bbox 1447 1583 1485 1588; x_wconf 91' lang='lat'>—-</span> <span class='ocrx_word' id='word_1_388' title='bbox 1518 1564 1710 1606; x_wconf 76' lang='lat' dir='ltr'>Praecepta</span> <span class='ocrx_word' id='word_1_389' title='bbox 1734 1572 1809 1597; x_wconf 84' lang='lat' dir='ltr'>sunt</span> <span class='ocrx_word' id='word_1_390' title='bbox 1832 1576 1895 1597; x_wconf 88' lang='lat' dir='ltr'>va-</span> 
     </span>
     <span class='ocr_line' id='line_1_67' title="bbox 1101 1613 1894 1651; baseline 0.003 -10"><span class='ocrx_word' id='word_1_391' title='bbox 1101 1615 1221 1649; x_wconf 77' lang='lat' dir='ltr'>ticinia,</span> <span class='ocrx_word' id='word_1_392' title='bbox 1247 1622 1329 1648; x_wconf 81' lang='lat' dir='ltr'>quae</span> <span class='ocrx_word' id='word_1_393' title='bbox 1351 1615 1467 1649; x_wconf 82' lang='lat' dir='ltr'>quibus</span> <span class='ocrx_word' id='word_1_394' title='bbox 1491 1614 1606 1641; x_wconf 83' lang='lat' dir='ltr'>dantur</span> <span class='ocrx_word' id='word_1_395' title='bbox 1629 1613 1741 1642; x_wconf 87' lang='lat' dir='ltr'>audire</span> <span class='ocrx_word' id='word_1_396' title='bbox 1765 1614 1894 1651; x_wconf 86' lang='lat' dir='ltr'>debent;</span> 
     </span>
     <span class='ocr_line' id='line_1_68' title="bbox 1103 1657 1893 1697; baseline 0.003 -10"><span class='ocrx_word' id='word_1_397' title='bbox 1103 1664 1136 1688; x_wconf 86' lang='lat' dir='ltr'>ut</span> <span class='ocrx_word' id='word_1_398' title='bbox 1156 1667 1238 1694; x_wconf 82' lang='lat' dir='ltr'>quae</span> <span class='ocrx_word' id='word_1_399' title='bbox 1260 1661 1337 1689; x_wconf 82' lang='lat' dir='ltr'>deus</span> <span class='ocrx_word' id='word_1_400' title='bbox 1362 1661 1494 1689; x_wconf 83' lang='lat' dir='ltr'>oracula</span> <span class='ocrx_word' id='word_1_401' title='bbox 1519 1660 1589 1695; x_wconf 77' lang='lat' dir='ltr'>(lat,</span> <span class='ocrx_word' id='word_1_402' title='bbox 1617 1657 1703 1697; x_wconf 84' lang='lat' dir='ltr'>fata</span> <span class='ocrx_word' id='word_1_403' title='bbox 1727 1662 1893 1689; x_wconf 82' lang='lat' dir='ltr'>habentur.</span> 
     </span>
     <span class='ocr_line' id='line_1_69' title="bbox 1102 1702 1896 1745; baseline 0.003 -12"><span class='ocrx_word' id='word_1_404' title='bbox 1102 1707 1151 1733; x_wconf 83' lang='lat' dir='ltr'>Ita</span> <span class='ocrx_word' id='word_1_405' title='bbox 1175 1708 1394 1745; x_wconf 81' lang='lat' dir='ltr'>praeceptum</span> <span class='ocrx_word' id='word_1_406' title='bbox 1420 1704 1449 1741; x_wconf 83' lang='lat'>3,</span> <span class='ocrx_word' id='word_1_407' title='bbox 1473 1702 1548 1732; x_wconf 82' lang='grc'><strong>546.</strong></span> <span class='ocrx_word' id='word_1_408' title='bbox 1577 1719 1614 1723; x_wconf 86' lang='grc'>-</span> <span class='ocrx_word' id='word_1_409' title='bbox 1635 1702 1790 1742; x_wconf 77' lang='lat' dir='ltr'>furentis</span> <span class='ocrx_word' id='word_1_410' title='bbox 1812 1713 1896 1743; x_wconf 82' lang='lat' dir='ltr'>„va-</span> 
     </span>
     <span class='ocr_line' id='line_1_70' title="bbox 1100 1748 1562 1786; baseline -0.004 -7"><span class='ocrx_word' id='word_1_411' title='bbox 1100 1751 1296 1780; x_wconf 75' lang='lat' dir='ltr'>ticinantis.“</span> <span class='ocrx_word' id='word_1_412' title='bbox 1324 1753 1355 1779; x_wconf 93' lang='lat' dir='ltr'>S.</span> <span class='ocrx_word' id='word_1_413' title='bbox 1387 1751 1425 1780; x_wconf 85' lang='lat' dir='ltr'>cf.</span> <span class='ocrx_word' id='word_1_414' title='bbox 1454 1748 1483 1786; x_wconf 86' lang='lat'>6,</span> <span class='ocrx_word' id='word_1_415' title='bbox 1509 1748 1562 1778; x_wconf 84' lang='lat'>47.</span> 
     </span>
    </p>

    <p class='ocr_par' dir='ltr' id='par_1_27' title="bbox 1147 1792 1825 1836">
     <span class='ocr_line' id='line_1_71' title="bbox 1147 1792 1825 1836; baseline 0.001 -12"><span class='ocrx_word' id='word_1_416' title='bbox 1147 1794 1221 1824; x_wconf 84' lang='grc'><strong>347.</strong></span> <span class='ocrx_word' id='word_1_417' title='bbox 1249 1794 1377 1825; x_wconf 87' lang='lat' dir='ltr'>audere</span> <span class='ocrx_word' id='word_1_418' title='bbox 1405 1794 1439 1824; x_wconf 88' lang='lat' dir='ltr'>in</span> <span class='ocrx_word' id='word_1_419' title='bbox 1464 1793 1599 1836; x_wconf 79' lang='lat' dir='ltr'>proelia</span> <span class='ocrx_word' id='word_1_420' title='bbox 1624 1795 1662 1824; x_wconf 85' lang='lat' dir='ltr'>cf.</span> <span class='ocrx_word' id='word_1_421' title='bbox 1694 1792 1745 1833; x_wconf 82' lang='lat'>12,</span> <span class='ocrx_word' id='word_1_422' title='bbox 1771 1794 1825 1825; x_wconf 86' lang='lat'>71.</span> 
     </span>
    </p>

    <p class='ocr_par' dir='ltr' id='par_1_28' title="bbox 1100 1838 1896 2286">
     <span class='ocr_line' id='line_1_72' title="bbox 1146 1838 1896 1881; baseline 0.003 -12"><span class='ocrx_word' id='word_1_423' title='bbox 1146 1840 1220 1870; x_wconf 75' lang='lat'>348.</span> <span class='ocrx_word' id='word_1_424' title='bbox 1252 1839 1395 1879; x_wconf 84' lang='lat' dir='ltr'>Incipio,</span> <span class='ocrx_word' id='word_1_425' title='bbox 1423 1850 1467 1870; x_wconf 84' lang='lat' dir='ltr'>sc.</span> <span class='ocrx_word' id='word_1_426' title='bbox 1491 1841 1605 1870; x_wconf 79' lang='lat' dir='ltr'>dicere.</span> <span class='ocrx_word' id='word_1_427' title='bbox 1651 1838 1814 1881; x_wconf 84' lang='lat' dir='ltr'>„Incipio</span> <span class='ocrx_word' id='word_1_428' title='bbox 1839 1851 1896 1871; x_wconf 89' lang='lat' dir='ltr'>su—</span> 
     </span>
     <span class='ocr_line' id='line_1_73' title="bbox 1100 1884 1894 1927; baseline 0.001 -11"><span class='ocrx_word' id='word_1_429' title='bbox 1100 1895 1162 1927; x_wconf 85' lang='lat' dir='ltr'>per</span> <span class='ocrx_word' id='word_1_430' title='bbox 1186 1884 1257 1916; x_wconf 81' lang='lat' dir='ltr'>his.-</span> <span class='ocrx_word' id='word_1_431' title='bbox 1299 1888 1350 1916; x_wconf 83' lang='lat' dir='ltr'>his</span> <span class='ocrx_word' id='word_1_432' title='bbox 1380 1888 1498 1922; x_wconf 84' lang='lat' dir='ltr'>‘incipio</span> <span class='ocrx_word' id='word_1_433' title='bbox 1530 1888 1677 1923; x_wconf 82' lang='lat' dir='ltr'>insuper,</span> <span class='ocrx_word' id='word_1_434' title='bbox 1718 1888 1796 1922; x_wconf 86' lang='lat' dir='ltr'>quia</span> <span class='ocrx_word' id='word_1_435' title='bbox 1829 1889 1894 1918; x_wconf 87' lang='lat' dir='ltr'>iam</span> 
     </span>
     <span class='ocr_line' id='line_1_74' title="bbox 1101 1931 1894 1972; baseline 0.001 -11"><span class='ocrx_word' id='word_1_436' title='bbox 1101 1934 1274 1970; x_wconf 79' lang='lat' dir='ltr'>audebant,</span> <span class='ocrx_word' id='word_1_437' title='bbox 1314 1935 1396 1962; x_wconf 80' lang='lat' dir='ltr'>unde</span> <span class='ocrx_word' id='word_1_438' title='bbox 1428 1934 1525 1968; x_wconf 82' lang='lat' dir='ltr'>paulo</span> <span class='ocrx_word' id='word_1_439' title='bbox 1555 1936 1625 1968; x_wconf 83' lang='lat' dir='ltr'>post</span> <span class='ocrx_word' id='word_1_440' title='bbox 1651 1931 1758 1972; x_wconf 30' lang='lat' dir='ltr'>fut-‘nor</span> <span class='ocrx_word' id='word_1_441' title='bbox 1790 1931 1894 1962; x_wconf 80' lang='lat' dir='ltr'>addi-</span> 
     </span>
     <span class='ocr_line' id='line_1_75' title="bbox 1102 1970 1896 2018; baseline 0 -10"><span class='ocrx_word' id='word_1_442' title='bbox 1102 1977 1183 2008; x_wconf 54' lang='lat' dir='ltr'>tus*</span> <span class='ocrx_word' id='word_1_443' title='bbox 1217 1981 1248 2007; x_wconf 83' lang='lat' dir='ltr'>S.</span> <span class='ocrx_word' id='word_1_444' title='bbox 1301 1979 1347 2008; x_wconf 85' lang='lat' dir='ltr'>Cf.</span> <span class='ocrx_word' id='word_1_445' title='bbox 1380 1981 1504 2007; x_wconf 81' lang='lat' dir='ltr'>Graeca</span> <span class='ocrx_word' id='word_1_446' title='bbox 1535 1976 1628 2006; x_wconf 81' lang='grc' dir='ltr'><em>τοῖσι</em></span> <span class='ocrx_word' id='word_1_447' title='bbox 1658 1970 1776 2018; x_wconf 67' lang='grc' dir='ltr'><strong><em>ῥ’ήρχ’</em></strong></span> <span class='ocrx_word' id='word_1_448' title='bbox 1807 1971 1896 2018; x_wconf 77' lang='grc' dir='ltr'>α’γο-</span> 
     </span>
     <span class='ocr_line' id='line_1_76' title="bbox 1102 2017 1894 2063; baseline 0.001 -11"><span class='ocrx_word' id='word_1_449' title='bbox 1102 2018 1216 2062; x_wconf 72' lang='grc' dir='ltr'><em>ρεύων</em></span> <span class='ocrx_word' id='word_1_450' title='bbox 1243 2040 1279 2044; x_wconf 93' lang='lat'>—</span> <span class='ocrx_word' id='word_1_451' title='bbox 1307 2023 1401 2052; x_wconf 85' lang='grc' dir='ltr'><em>τοῖσι</em></span> <span class='ocrx_word' id='word_1_452' title='bbox 1427 2018 1464 2053; x_wconf 71' lang='grc' dir='ltr'>δὲ</span> <span class='ocrx_word' id='word_1_453' title='bbox 1489 2017 1624 2062; x_wconf 80' lang='grc' dir='ltr'><em>μύθων</em></span> <span class='ocrx_word' id='word_1_454' title='bbox 1647 2018 1745 2063; x_wconf 83' lang='grc' dir='ltr'><strong>ήρχε.</strong></span> <span class='ocrx_word' id='word_1_455' title='bbox 1773 2040 1811 2044; x_wconf 93' lang='lat'>——</span> <span class='ocrx_word' id='word_1_456' title='bbox 1841 2023 1894 2053; x_wconf 84' lang='lat' dir='ltr'>iu-</span> 
     </span>
     <span class='ocr_line' id='line_1_77' title="bbox 1102 2068 1894 2109; baseline 0.003 -12"><span class='ocrx_word' id='word_1_457' title='bbox 1102 2078 1214 2106; x_wconf 79' lang='lat' dir='ltr'>venes,</span> <span class='ocrx_word' id='word_1_458' title='bbox 1237 2072 1402 2109; x_wconf 79' lang='lat' dir='ltr'>pectora.-</span> <span class='ocrx_word' id='word_1_459' title='bbox 1426 2071 1471 2098; x_wconf 89' lang='lat' dir='ltr'>De</span> <span class='ocrx_word' id='word_1_460' title='bbox 1495 2069 1694 2104; x_wconf 81' lang='lat' dir='ltr'>appositione</span> <span class='ocrx_word' id='word_1_461' title='bbox 1715 2069 1754 2099; x_wconf 86' lang='lat' dir='ltr'>cf.</span> <span class='ocrx_word' id='word_1_462' title='bbox 1769 2069 1800 2107; x_wconf 85' lang='lat'>5,</span> <span class='ocrx_word' id='word_1_463' title='bbox 1817 2068 1894 2100; x_wconf 80' lang='lat'>751.</span> 
     </span>
     <span class='ocr_line' id='line_1_78' title="bbox 1103 2115 1893 2151; baseline 0.004 -9"><span class='ocrx_word' id='word_1_464' title='bbox 1103 2116 1235 2144; x_wconf 73' lang='lat' dir='ltr'>Frustra</span> <span class='ocrx_word' id='word_1_465' title='bbox 1259 2116 1354 2144; x_wconf 78' lang='lat' dir='ltr'>fortes</span> <span class='ocrx_word' id='word_1_466' title='bbox 1379 2116 1458 2144; x_wconf 82' lang='lat' dir='ltr'>estis</span> <span class='ocrx_word' id='word_1_467' title='bbox 1481 2123 1583 2150; x_wconf 83' lang='lat' dir='ltr'>neque</span> <span class='ocrx_word' id='word_1_468' title='bbox 1607 2115 1692 2144; x_wconf 87' lang='lat' dir='ltr'>enim</span> <span class='ocrx_word' id='word_1_469' title='bbox 1717 2117 1810 2144; x_wconf 88' lang='lat' dir='ltr'>salus</span> <span class='ocrx_word' id='word_1_470' title='bbox 1834 2123 1893 2151; x_wconf 85' lang='lat' dir='ltr'>pa-</span> 
     </span>
     <span class='ocr_line' id='line_1_79' title="bbox 1103 2157 1896 2200; baseline 0.001 -11"><span class='ocrx_word' id='word_1_471' title='bbox 1103 2161 1232 2190; x_wconf 82' lang='lat' dir='ltr'>rabitur.</span> <span class='ocrx_word' id='word_1_472' title='bbox 1285 2159 1364 2189; x_wconf 81' lang='lat' dir='ltr'>Wd,</span> <span class='ocrx_word' id='word_1_473' title='bbox 1401 2158 1461 2190; x_wconf 73' lang='lat' dir='ltr'>ms</span> <span class='ocrx_word' id='word_1_474' title='bbox 1478 2158 1568 2199; x_wconf 74' lang='lat' dir='ltr'>jetzt</span> <span class='ocrx_word' id='word_1_475' title='bbox 1594 2157 1677 2190; x_wconf 80' lang='lat' dir='ltr'>habt</span> <span class='ocrx_word' id='word_1_476' title='bbox 1705 2157 1758 2189; x_wconf 80' lang='lat' dir='ltr'>ihr</span> <span class='ocrx_word' id='word_1_477' title='bbox 1789 2159 1896 2200; x_wconf 70' lang='lat' dir='ltr'>&#39;froja</span> 
     </span>
     <span class='ocr_line' id='line_1_80' title="bbox 1102 2203 1893 2247; baseline 0 -13"><span class='ocrx_word' id='word_1_478' title='bbox 1102 2206 1221 2246; x_wconf 83' lang='lat' dir='ltr'>tapfer</span> <span class='ocrx_word' id='word_1_479' title='bbox 1262 2203 1494 2246; x_wconf 77' lang='lat' dir='ltr'>verlhez&#39;digt,</span> <span class='ocrx_word' id='word_1_480' title='bbox 1540 2203 1649 2234; x_wconf 87' lang='lat' dir='ltr'>leider</span> <span class='ocrx_word' id='word_1_481' title='bbox 1692 2204 1893 2247; x_wconf 77' lang='lat' dir='ltr'>vergebcns.</span> 
     </span>
     <span class='ocr_line' id='line_1_81' title="bbox 1105 2253 1447 2286; baseline 0.003 -6"><span class='ocrx_word' id='word_1_482' title='bbox 1105 2253 1165 2281; x_wconf 81' lang='lat' dir='ltr'>Sed</span> <span class='ocrx_word' id='word_1_483' title='bbox 1190 2261 1252 2281; x_wconf 89' lang='lat' dir='ltr'>non</span> <span class='ocrx_word' id='word_1_484' title='bbox 1277 2253 1306 2280; x_wconf 87' lang='lat' dir='ltr'>id</span> <span class='ocrx_word' id='word_1_485' title='bbox 1332 2253 1447 2286; x_wconf 71' lang='lat' dir='ltr'>agitur.</span> 
     </span>
    </p>

    <p class='ocr_par' dir='ltr' id='par_1_29' title="bbox 1102 2293 1897 2697">
     <span class='ocr_line' id='line_1_82' title="bbox 1151 2293 1894 2337; baseline 0.001 -12"><span class='ocrx_word' id='word_1_486' title='bbox 1151 2296 1227 2327; x_wconf 79' lang='lat'>349.</span> <span class='ocrx_word' id='word_1_487' title='bbox 1259 2296 1392 2337; x_wconf 81' lang='lat' dir='ltr'>Cupido</span> <span class='ocrx_word' id='word_1_488' title='bbox 1429 2301 1477 2326; x_wconf 79' lang='lat' dir='ltr'>est</span> <span class='ocrx_word' id='word_1_489' title='bbox 1522 2293 1619 2335; x_wconf 83' lang='lat' dir='ltr'>sequi</span> <span class='ocrx_word' id='word_1_490' title='bbox 1664 2297 1700 2325; x_wconf 85' lang='lat' dir='ltr'>cf.</span> <span class='ocrx_word' id='word_1_491' title='bbox 1741 2296 1781 2334; x_wconf 80' lang='lat'>5,</span> <span class='ocrx_word' id='word_1_492' title='bbox 1819 2295 1894 2326; x_wconf 79' lang='lat'>638.</span> 
     </span>
     <span class='ocr_line' id='line_1_83' title="bbox 1105 2340 1894 2379; baseline 0.001 -7"><span class='ocrx_word' id='word_1_493' title='bbox 1105 2344 1220 2379; x_wconf 74' lang='lat' dir='ltr'>„Multi</span> <span class='ocrx_word' id='word_1_494' title='bbox 1259 2340 1414 2371; x_wconf 77' lang='lat' dir='ltr'>audendi</span> <span class='ocrx_word' id='word_1_495' title='bbox 1450 2344 1574 2378; x_wconf 74' lang='lat' dir='ltr'>legunt,</span> <span class='ocrx_word' id='word_1_496' title='bbox 1613 2343 1705 2371; x_wconf 83' lang='lat' dir='ltr'>multi</span> <span class='ocrx_word' id='word_1_497' title='bbox 1737 2340 1894 2373; x_wconf 80' lang='lat' dir='ltr'>audenti.</span> 
     </span>
     <span class='ocr_line' id='line_1_84' title="bbox 1105 2386 1894 2425; baseline 0.001 -9"><span class='ocrx_word' id='word_1_498' title='bbox 1105 2390 1165 2417; x_wconf 84' lang='lat' dir='ltr'>Sed</span> <span class='ocrx_word' id='word_1_499' title='bbox 1206 2393 1351 2417; x_wconf 87' lang='lat' dir='ltr'>neutrum</span> <span class='ocrx_word' id='word_1_500' title='bbox 1387 2389 1534 2423; x_wconf 76' lang='lat' dir='ltr'>procedit.</span> <span class='ocrx_word' id='word_1_501' title='bbox 1589 2390 1670 2425; x_wconf 84' lang='lat' dir='ltr'>Ergo</span> <span class='ocrx_word' id='word_1_502' title='bbox 1709 2386 1894 2418; x_wconf 84' lang='lat' dir='ltr'>audentem</span> 
     </span>
     <span class='ocr_line' id='line_1_85' title="bbox 1104 2430 1893 2473; baseline 0.003 -11"><span class='ocrx_word' id='word_1_503' title='bbox 1104 2436 1271 2470; x_wconf 73' lang='lat' dir='ltr'>legendum</span> <span class='ocrx_word' id='word_1_504' title='bbox 1304 2434 1372 2461; x_wconf 65' lang='lat' dir='ltr'>ess-⁵</span> <span class='ocrx_word' id='word_1_505' title='bbox 1411 2436 1442 2462; x_wconf 91' lang='lat' dir='ltr'>S.</span> <span class='ocrx_word' id='word_1_506' title='bbox 1497 2430 1681 2462; x_wconf 85' lang='lat' dir='ltr'>audentem</span> <span class='ocrx_word' id='word_1_507' title='bbox 1712 2436 1795 2473; x_wconf 74' lang='lat' dir='ltr'>yahc</span> <span class='ocrx_word' id='word_1_508' title='bbox 1831 2443 1893 2464; x_wconf 83' lang='lat' dir='ltr'>rec.</span> 
     </span>
     <span class='ocr_line' id='line_1_86' title="bbox 1111 2476 1897 2519; baseline 0.004 -13"><span class='ocrx_word' id='word_1_509' title='bbox 1111 2477 1196 2519; x_wconf 65' lang='lat' dir='ltr'>usg.</span> <span class='ocrx_word' id='word_1_510' title='bbox 1227 2476 1290 2507; x_wconf 81' lang='lat' dir='ltr'>Bb.</span> <span class='ocrx_word' id='word_1_511' title='bbox 1336 2476 1493 2508; x_wconf 83' lang='lat' dir='ltr'>audendi</span> <span class='ocrx_word' id='word_1_512' title='bbox 1521 2481 1552 2507; x_wconf 81' lang='lat' dir='ltr'>M</span> <span class='ocrx_word' id='word_1_513' title='bbox 1583 2488 1644 2509; x_wconf 88' lang='lat' dir='ltr'>rec.</span> <span class='ocrx_word' id='word_1_514' title='bbox 1677 2476 1740 2507; x_wconf 87' lang='lat' dir='ltr'>Ld.</span> <span class='ocrx_word' id='word_1_515' title='bbox 1779 2480 1834 2515; x_wconf 84' lang='lat' dir='ltr'>qui</span> <span class='ocrx_word' id='word_1_516' title='bbox 1866 2477 1897 2509; x_wconf 79' lang='grc' dir='ltr'>εἰ</span> 
     </span>
     <span class='ocr_line' id='line_1_87' title="bbox 1105 2521 1897 2564; baseline 0.004 -13"><span class='ocrx_word' id='word_1_517' title='bbox 1105 2533 1134 2551; x_wconf 86' lang='grc' dir='ltr'>υ.</span> <span class='ocrx_word' id='word_1_518' title='bbox 1161 2521 1316 2552; x_wconf 83' lang='lat' dir='ltr'>audendi</span> <span class='ocrx_word' id='word_1_519' title='bbox 1341 2532 1368 2552; x_wconf 89' lang='lat' dir='ltr'>e.</span> <span class='ocrx_word' id='word_1_520' title='bbox 1391 2533 1415 2552; x_wconf 86' lang='lat' dir='ltr'>c.</span> <span class='ocrx_word' id='word_1_521' title='bbox 1445 2527 1550 2560; x_wconf 83' lang='lat' dir='ltr'>certa,</span> <span class='ocrx_word' id='word_1_522' title='bbox 1566 2522 1673 2564; x_wconf 76' lang='lat' dir='ltr'>sequi,</span> <span class='ocrx_word' id='word_1_523' title='bbox 1694 2526 1775 2560; x_wconf 88' lang='lat' dir='ltr'>quod</span> <span class='ocrx_word' id='word_1_524' title='bbox 1799 2525 1897 2554; x_wconf 85' lang='lat' dir='ltr'>sumit</span> 
     </span>
     <span class='ocr_line' id='line_1_88' title="bbox 1102 2567 1896 2610; baseline 0.003 -13"><span class='ocrx_word' id='word_1_525' title='bbox 1102 2578 1175 2598; x_wconf 78' lang='lat' dir='ltr'>esse</span> <span class='ocrx_word' id='word_1_526' title='bbox 1200 2578 1254 2604; x_wconf 85' lang='lat' dir='ltr'>pro</span> <span class='ocrx_word' id='word_1_527' title='bbox 1279 2567 1482 2609; x_wconf 80' lang='lat' dir='ltr'>sequimini!</span> <span class='ocrx_word' id='word_1_528' title='bbox 1535 2567 1606 2598; x_wconf 80' lang='lat' dir='ltr'>Rb:</span> <span class='ocrx_word' id='word_1_529' title='bbox 1641 2568 1743 2599; x_wconf 87' lang='lat' dir='ltr'>Certa</span> <span class='ocrx_word' id='word_1_530' title='bbox 1769 2568 1896 2610; x_wconf 84' lang='lat' dir='ltr'>cupido</span> 
     </span>
     <span class='ocr_line' id='line_1_89' title="bbox 1103 2613 1896 2654; baseline 0.001 -11"><span class='ocrx_word' id='word_1_531' title='bbox 1103 2617 1152 2643; x_wconf 85' lang='lat' dir='ltr'>est</span> <span class='ocrx_word' id='word_1_532' title='bbox 1178 2617 1316 2649; x_wconf 83' lang='lat' dir='ltr'>postulat</span> <span class='ocrx_word' id='word_1_533' title='bbox 1340 2613 1435 2654; x_wconf 77' lang='lat' dir='ltr'>sequi</span> <span class='ocrx_word' id='word_1_534' title='bbox 1458 2616 1662 2644; x_wconf 82' lang='lat' dir='ltr'>infinitivum.</span> <span class='ocrx_word' id='word_1_535' title='bbox 1710 2617 1822 2651; x_wconf 83' lang='lat' dir='ltr'>Itaque</span> <span class='ocrx_word' id='word_1_536' title='bbox 1845 2616 1896 2644; x_wconf 87' lang='grc'><strong>111-</strong></span> 
     </span>
     <span class='ocr_line' id='line_1_90' title="bbox 1102 2658 1894 2697; baseline 0.003 -9"><span class='ocrx_word' id='word_1_537' title='bbox 1102 2661 1149 2688; x_wconf 80' lang='grc'><strong>1111</strong></span> <span class='ocrx_word' id='word_1_538' title='bbox 1174 2666 1269 2689; x_wconf 77' lang='lat' dir='ltr'>restat</span> <span class='ocrx_word' id='word_1_539' title='bbox 1291 2662 1407 2697; x_wconf 70' lang='lat' dir='ltr'>eligere</span> <span class='ocrx_word' id='word_1_540' title='bbox 1430 2669 1527 2696; x_wconf 84' lang='lat' dir='ltr'>quam</span> <span class='ocrx_word' id='word_1_541' title='bbox 1555 2658 1750 2690; x_wconf 83' lang='lat' dir='ltr'>audentem.</span> <span class='ocrx_word' id='word_1_542' title='bbox 1787 2663 1894 2690; x_wconf 82' lang='lat' dir='ltr'>Recte.</span> 
     </span>
    </p>

    <p class='ocr_par' dir='ltr' id='par_1_30' title="bbox 1102 2703 1897 3106">
     <span class='ocr_line' id='line_1_91' title="bbox 1150 2703 1896 2741; baseline 0.001 -7"><span class='ocrx_word' id='word_1_543' title='bbox 1150 2703 1224 2734; x_wconf 82' lang='lat'>351.</span> <span class='ocrx_word' id='word_1_544' title='bbox 1255 2704 1440 2735; x_wconf 58' lang='lat' dir='ltr'>Excessere</span> <span class='ocrx_word' id='word_1_545' title='bbox 1464 2715 1578 2735; x_wconf 81' lang='lat' dir='ltr'>omnes</span> <span class='ocrx_word' id='word_1_546' title='bbox 1604 2703 1676 2740; x_wconf 81' lang='lat' dir='ltr'>dii‚·</span> <span class='ocrx_word' id='word_1_547' title='bbox 1700 2713 1774 2735; x_wconf 82' lang='lat' dir='ltr'>nam</span> <span class='ocrx_word' id='word_1_548' title='bbox 1798 2715 1896 2741; x_wconf 84' lang='lat' dir='ltr'>quum</span> 
     </span>
     <span class='ocr_line' id='line_1_92' title="bbox 1102 2750 1895 2788; baseline 0.001 -9"><span class='ocrx_word' id='word_1_549' title='bbox 1102 2752 1220 2786; x_wconf 81' lang='lat' dir='ltr'>ubique</span> <span class='ocrx_word' id='word_1_550' title='bbox 1252 2753 1314 2780; x_wconf 82' lang='lat' dir='ltr'>diis</span> <span class='ocrx_word' id='word_1_551' title='bbox 1344 2753 1489 2781; x_wconf 87' lang='lat' dir='ltr'>homines</span> <span class='ocrx_word' id='word_1_552' title='bbox 1518 2753 1583 2781; x_wconf 85' lang='lat' dir='ltr'>sint</span> <span class='ocrx_word' id='word_1_553' title='bbox 1604 2750 1794 2788; x_wconf 37' lang='lat' dir='ltr'>{inferiorem</span> <span class='ocrx_word' id='word_1_554' title='bbox 1830 2760 1895 2780; x_wconf 87' lang='lat' dir='ltr'>non</span> 
     </span>
     <span class='ocr_line' id='line_1_93' title="bbox 1103 2796 1892 2834; baseline 0.001 -9"><span class='ocrx_word' id='word_1_555' title='bbox 1103 2802 1237 2831; x_wconf 82' lang='lat' dir='ltr'>possunt</span> <span class='ocrx_word' id='word_1_556' title='bbox 1266 2805 1380 2833; x_wconf 82' lang='lat' dir='ltr'>capere</span> <span class='ocrx_word' id='word_1_557' title='bbox 1411 2801 1522 2827; x_wconf 85' lang='lat' dir='ltr'>urbem</span> <span class='ocrx_word' id='word_1_558' title='bbox 1551 2805 1572 2826; x_wconf 84' lang='lat' dir='ltr'>a</span> <span class='ocrx_word' id='word_1_559' title='bbox 1607 2797 1669 2826; x_wconf 77' lang='lat' dir='ltr'>diis</span> <span class='ocrx_word' id='word_1_560' title='bbox 1708 2796 1892 2834; x_wconf 78' lang='lat' dir='ltr'>defensam3</span> 
     </span>
     <span class='ocr_line' id='line_1_94' title="bbox 1106 2843 1894 2878; baseline 0.001 -8"><span class='ocrx_word' id='word_1_561' title='bbox 1106 2843 1135 2870; x_wconf 75' lang='lat' dir='ltr'>si</span> <span class='ocrx_word' id='word_1_562' title='bbox 1176 2844 1317 2878; x_wconf 84' lang='lat' dir='ltr'>capitur.</span> <span class='ocrx_word' id='word_1_563' title='bbox 1364 2848 1459 2872; x_wconf 86' lang='lat' dir='ltr'>antea</span> <span class='ocrx_word' id='word_1_564' title='bbox 1496 2846 1704 2872; x_wconf 77' lang='lat' dir='ltr'>excesserunt</span> <span class='ocrx_word' id='word_1_565' title='bbox 1740 2843 1812 2871; x_wconf 80' lang='lat' dir='ltr'>sive</span> <span class='ocrx_word' id='word_1_566' title='bbox 1853 2844 1894 2872; x_wconf 83' lang='lat' dir='ltr'>ad</span> 
     </span>
     <span class='ocr_line' id='line_1_95' title="bbox 1106 2888 1895 2917; baseline 0.001 -1"><span class='ocrx_word' id='word_1_567' title='bbox 1106 2891 1214 2917; x_wconf 81' lang='lat' dir='ltr'>hostes</span> <span class='ocrx_word' id='word_1_568' title='bbox 1249 2889 1453 2917; x_wconf 77' lang='lat' dir='ltr'>transierunt.</span> <span class='ocrx_word' id='word_1_569' title='bbox 1502 2891 1551 2917; x_wconf 85' lang='lat' dir='ltr'>Ita</span> <span class='ocrx_word' id='word_1_570' title='bbox 1579 2888 1716 2916; x_wconf 80' lang='lat' dir='ltr'>transire</span> <span class='ocrx_word' id='word_1_571' title='bbox 1749 2889 1895 2917; x_wconf 86' lang='lat' dir='ltr'>dicuntur</span> 
     </span>
     <span class='ocr_line' id='line_1_96' title="bbox 1105 2931 1897 2972; baseline 0.001 -11"><span class='ocrx_word' id='word_1_572' title='bbox 1105 2941 1155 2967; x_wconf 79' lang='lat' dir='ltr'>ap.</span> <span class='ocrx_word' id='word_1_573' title='bbox 1187 2936 1262 2963; x_wconf 85' lang='lat' dir='ltr'>Luc.</span> <span class='ocrx_word' id='word_1_574' title='bbox 1289 2932 1319 2969; x_wconf 80' lang='lat'>7,</span> <span class='ocrx_word' id='word_1_575' title='bbox 1345 2932 1409 2962; x_wconf 86' lang='grc'><strong>647</strong></span> <span class='ocrx_word' id='word_1_576' title='bbox 1442 2932 1513 2962; x_wconf 87' lang='lat' dir='ltr'>lam</span> <span class='ocrx_word' id='word_1_577' title='bbox 1546 2931 1697 2972; x_wconf 76' lang='lat' dir='ltr'>Magnus</span> <span class='ocrx_word' id='word_1_578' title='bbox 1728 2931 1897 2962; x_wconf 71' lang='lat' dir='ltr'>transisse</span> 
     </span>
     <span class='ocr_line' id='line_1_97' title="bbox 1107 2977 1894 3013; baseline 0.003 -7"><span class='ocrx_word' id='word_1_579' title='bbox 1107 2977 1187 3007; x_wconf 78' lang='lat' dir='ltr'>deos</span> <span class='ocrx_word' id='word_1_580' title='bbox 1216 2982 1380 3008; x_wconf 83' lang='lat' dir='ltr'>senserat.</span> <span class='ocrx_word' id='word_1_581' title='bbox 1437 2981 1548 3013; x_wconf 83' lang='lat' dir='ltr'>Itaque</span> <span class='ocrx_word' id='word_1_582' title='bbox 1577 2979 1716 3007; x_wconf 83' lang='lat' dir='ltr'>Romani</span> <span class='ocrx_word' id='word_1_583' title='bbox 1747 2980 1822 3007; x_wconf 82' lang='lat' dir='ltr'>deos</span> <span class='ocrx_word' id='word_1_584' title='bbox 1853 2987 1894 3008; x_wconf 83' lang='lat' dir='ltr'>ex</span> 
     </span>
     <span class='ocr_line' id='line_1_98' title="bbox 1106 3026 1895 3059; baseline 0.001 -7"><span class='ocrx_word' id='word_1_585' title='bbox 1106 3027 1241 3053; x_wconf 82' lang='lat' dir='ltr'>obsessa</span> <span class='ocrx_word' id='word_1_586' title='bbox 1264 3027 1341 3054; x_wconf 88' lang='lat' dir='ltr'>urbe</span> <span class='ocrx_word' id='word_1_587' title='bbox 1365 3028 1541 3053; x_wconf 80' lang='lat' dir='ltr'>evocabant</span> <span class='ocrx_word' id='word_1_588' title='bbox 1572 3032 1742 3059; x_wconf 83' lang='lat' dir='ltr'>eorumque</span> <span class='ocrx_word' id='word_1_589' title='bbox 1773 3026 1895 3053; x_wconf 83' lang='lat' dir='ltr'>cultum</span> 
     </span>
     <span class='ocr_line' id='line_1_99' title="bbox 1105 3070 1894 3106; baseline 0.001 -9"><span class='ocrx_word' id='word_1_590' title='bbox 1105 3071 1241 3099; x_wconf 85' lang='lat' dir='ltr'>Romam</span> <span class='ocrx_word' id='word_1_591' title='bbox 1272 3071 1512 3099; x_wconf 84' lang='lat' dir='ltr'>transferebant.</span> <span class='ocrx_word' id='word_1_592' title='bbox 1562 3071 1681 3098; x_wconf 79' lang='lat' dir='ltr'>Nomen</span> <span class='ocrx_word' id='word_1_593' title='bbox 1711 3070 1809 3099; x_wconf 81' lang='lat' dir='ltr'>etiam</span> <span class='ocrx_word' id='word_1_594' title='bbox 1839 3077 1894 3106; x_wconf 85' lang='lat' dir='ltr'>ge-</span> 
     </span>
    </p>
   </div>
  </div>
 </body>
</html>
