2023 3350
119 231 349 273 Errantem
379 231 561 285 Mycono
596 245 618 272 e
655 231 771 273 celsa
812 230 1042 286 Gyaroque
1077 231 1263 273 revinxit

119 289 433 344 Immotamque
469 289 551 331 coli
586 288 706 330 dedit
742 292 785 331 et
820 294 1089 331 contemnere
1126 293 1285 331 ventos.

119 346 215 388 Huc
253 346 391 399 feror3
430 346 538 388 haec
575 346 711 389 fessos
748 350 843 389 tuto
884 347 1178 401 placidissima
1215 349 1345 401 portu

119 404 301 458 Accipit.

360 405 535 459 Egressi
575 419 830 447 veneramur
867 406 1080 459 Apollinis
1118 405 1280 447 urbem.

118 462 210 504 Rex
248 463 400 515 Anius,
444 477 522 504 rex
561 462 676 505 idem
715 463 933 505 hominum
971 463 1218 517 Phoebique
1254 462 1467 515 sacerdos,

118 519 252 561 Vittis
289 524 331 561 et
365 534 489 563 sacra
524 521 749 563 redimitus
785 525 983 575 tempora
1016 522 1140 563 lauro

120 577 340 630 Occurrit3
391 582 576 620 veterem
612 580 826 621 Anchisen
865 580 1093 633 adgnoscit
1128 579 1324 621 amicum.

117 635 339 690 Iungimus
373 636 562 691 hospitio
597 637 788 689 dextras,
836 641 878 679 et
914 641 1029 680 tecta
1067 637 1269 678 subimus.

232 693 410 748 Templa
448 695 516 737 dei
557 710 661 738 saxo
693 695 929 738 venerabar

717 115 948 150 AEiOEmOS
980 118 1068 150 Lm.
1099 118 1163 149 111.
1683 120 1763 159 123

1710 466 1764 504 80

962 699 1127 737 structa
1163 697 1354 736 vetusto:

1709 755 1763 794 85

118 749 188 792 Da
221 753 462 806 propriam,
503 753 790 809 Thymbraee,
830 753 1021 805 domum3
1065 754 1121 796 da
1157 753 1325 794 moenia
1359 751 1483 794 fessis

164 890 218 922 76.
251 891 415 934 Myconoe
445 891 537 923 celsa
579 892 764 935 Gyaroque
799 898 920 935 MPybc

119 940 203 968 unde
248 937 389 979 Myrone
428 938 519 969 celsa
552 943 594 970 al.
650 939 795 979 Mycono
829 940 919 970 celsa

117 987 161 1014 al.
195 987 274 1014 Mss.
307 988 388 1021 quod
420 988 537 1021 recepit
570 984 634 1015 Ld.
686 989 747 1016 Sed
784 989 917 1016 eundem

119 1032 262 1060 ordinem
286 1040 396 1061 omnes
421 1037 576 1067 servant,
613 1042 670 1062 nec
694 1041 814 1062 caussa
839 1038 918 1067 erat,

117 1078 201 1112 quod
224 1082 508 1113 transponerentur
533 1082 650 1108 verba:
683 1077 800 1117 Gyaro
826 1076 917 1107 celsa

122 1120 359 1163 Myconoque,
406 1129 440 1153 ut
481 1125 513 1153 in
550 1126 627 1152 Edd.
670 1126 746 1159 alqt.
787 1125 913 1158 legitur.

118 1170 319 1204 Quamquam
351 1171 435 1199 enim
469 1177 519 1205 ap.
546 1170 698 1198 Ovidium
723 1172 765 1198 M.
792 1167 823 1204 7,
849 1168 914 1198 463

117 1217 278 1251 Myconus
306 1216 440 1244 humilis
465 1217 648 1250 appellatur
670 1220 698 1244 et
722 1223 837 1244 revera
855 1221 915 1249 est,

118 1262 202 1296 quod
231 1261 418 1290 Tournefort
455 1266 608 1296 testatum
647 1264 774 1298 Gyaros
807 1266 914 1291 autem

118 1306 291 1343 (0313110)
316 1308 439 1336 sterilis
464 1312 493 1336 et
518 1308 738 1337 saxosissima
761 1308 826 1337 fere
849 1309 914 1344 Cy-

116 1354 263 1382 cladum:
305 1357 411 1382 tamen
439 1354 576 1388 quaevis
611 1355 722 1383 insula
753 1356 821 1383 alta
851 1355 914 1383 dici

115 1403 237 1434 potest,
261 1403 291 1428 et.
316 1400 349 1428 in
374 1401 512 1435 Mycono
538 1404 607 1429 erat
631 1408 722 1429 mons
747 1401 916 1429 Dimastus

115 1445 201 1474 Ptin.
234 1447 271 1474 N.
294 1446 332 1474 H.
365 1442 401 1482 4,
428 1442 485 1483 12,
509 1443 560 1475 22.
622 1443 652 1474 E
691 1450 798 1475 autem
834 1451 918 1476 recte

116 1491 217 1528 dixit,
249 1493 332 1526 quod
357 1492 480 1521 catenis
505 1500 522 1521 e
547 1494 687 1528 Mycono
718 1497 748 1521 et
770 1495 805 1522 G.
831 1493 917 1528 aptis

115 1538 215 1566 Delos
239 1538 371 1574 ligatur.

161 1592 215 1623 77.
242 1596 307 1624 Res
332 1595 488 1630 primaria
519 1596 689 1630 participio
724 1596 917 1631 continetur,

115 1640 154 1670 cf.
183 1638 214 1677 2,
242 1638 317 1670 169.
346 1657 384 1661 --
417 1639 555 1677 Ventos,
581 1642 698 1676 quibus
726 1646 823 1670 antea
847 1642 919 1678 agi-

115 1689 251 1716 labatur.

161 1741 213 1772 79.
245 1741 296 1774 Pl.
314 1744 396 1773 coni.
412 1741 614 1785 egressique
633 1741 916 1780 intramu8‚(1110d

113 1794 161 1818 est
183 1791 221 1819 de
239 1791 350 1819 eadem
373 1799 406 1819 re
431 1799 482 1826 ap.
499 1792 557 1819 ΟΥ.
575 1793 617 1819 Μ.
635 1788 687 1821 13.
703 1789 768 1818 631)
785 1791 918 1820 Aeneas

114 1833 225 1866 intrat
250 1837 459 1871 Apollineam
482 1837 581 1865 sociis
608 1837 836 1866 comitantibus
864 1845 917 1865 ur-

116 1884 198 1911 bem.

161 1926 216 1956 80.
245 1925 339 1956 Idem
367 1943 411 1947 —
438 1936 521 1967 que,
560 1929 605 1957 ita
639 1925 729 1956 idem
753 1944 797 1947 —
820 1930 850 1956 et
887 1926 917 1966 9,

117 1971 193 2002 327.
243 1975 344 2010 Iunge
372 1979 494 2003 autem:
534 1972 573 2002 A.
601 1971 690 2002 idem
721 1981 778 2002 rcr
811 1971 917 2003 Phoe-

115 2016 218 2059 bique
238 2016 409 2048 sacerdos.
442 2036 486 2038 —
522 2027 598 2048 rer:
624 2020 806 2055 „Malorum
833 2021 917 2048 enim

115 2068 196 2095 haec
221 2070 289 2094 erat
312 2067 527 2099 consuetudo,
560 2069 594 2094 ut
626 2074 683 2094 rex
708 2066 806 2094 etiam
831 2071 915 2094 esset

116 2113 269 2141 sacerdos
312 2111 365 2147 [cf.
408 2112 481 2140 Liv.
510 2110 548 2145 2,
583 2109 617 2146 2]
666 2113 720 2139 vel
763 2111 916 2146 pontifex.

115 2158 206 2187 Unde
232 2158 388 2192 hodieque
414 2158 626 2192 imperatores
651 2157 814 2191 pontifices
839 2157 918 2185 dici-

116 2208 212 2232 mus'·
238 2206 268 2232 S.
319 2206 428 2239 Neque
458 2206 617 2232 absonum
649 2207 714 2234 est.
757 2205 816 2232 hoc
849 2205 918 2231 loco

117 2250 293 2284 multisque
318 2251 411 2281 aliis.
436 2250 552 2284 quibus
579 2258 637 2278 rex
667 2249 798 2277 Aeneas
824 2256 919 2277 sacra

118 2300 227 2329 curat,
264 2296 441 2332 Virgilium
474 2304 516 2325 ex
547 2295 690 2329 antiquis
724 2295 919 2330 temporibus

118 2343 323 2375 comprobare
351 2342 499 2370 voluisse
523 2342 709 2378 Augustum
741 2341 919 2376 pontificem

118 2387 299 2415 maximum
338 2388 405 2417 fieri
443 2389 565 2416 debere.
629 2388 675 2415 De
711 2388 799 2415 Anio
838 2387 920 2415 idem

118 2436 229 2461 narrat
261 2434 319 2461 Ov.
346 2436 387 2462 Μ.
417 2431 468 2469 13,
489 2432 571 2462 631;
606 2432 780 2469 (Aeneas)
811 2431 921 2462 intrat

119 2474 344 2516 Apollineam
379 2477 480 2508 sociis
518 2476 764 2508 comitantibus
794 2477 922 2508 urbem.

121 2521 224 2553 Hunc
242 2521 366 2559 Anius,
392 2533 458 2563 quo
479 2533 561 2565 rege
580 2522 744 2562 homines,
766 2522 924 2554 antistite

122 2566 279 2599 Phoebus
302 2566 380 2598 Rite
403 2567 617 2605 colebantur,
642 2568 838 2609 temploque
864 2568 924 2599 ‹io-

118 2623 243 2655 moque
268 2612 405 2654 recepit.
436 2631 474 2634 —
495 2616 594 2644 vittis
617 2620 646 2644 et
670 2617 763 2645 lauro
788 2617 922 2645 redimi-

119 2666 171 2690 tus
193 2666 252 2690 est.
279 2665 310 2689 ut
336 2662 488 2690 sacerdos
512 2662 677 2696 Apollinis
705 2662 742 2690 cf.
772 2664 830 2690 ΟΥ.
858 2665 878 2691 l.
901 2664 921 2691 1.

118 2716 151 2737 v.
175 2705 251 2736 643.
288 2708 421 2736 Aeneae
447 2708 488 2735 ad
507 2708 629 2735 Anium
655 2708 829 2736 adventum
856 2716 922 2737 me-

118 2758 220 2783 morat
243 2754 343 2781 etiam
367 2754 459 2782 Dion.
486 2754 559 2781 Hal.
591 2751 615 2790 Ι,
641 2751 694 2781 50.
744 2755 790 2782 De
816 2755 923 2783 infula

119 2801 322 2829 sacerdotum
348 2799 387 2828 cf.
409 2796 460 2835 10.
491 2797 567 2827 538.

165 2855 218 2885 82.
246 2857 395 2893 „Anius,
439 2858 480 2885 ad
518 2864 613 2891 quem
647 2856 812 2885 Anchises
850 2861 923 2886 ante

119 2904 273 2932 Troicum
309 2905 432 2932 bellum
469 2904 651 2932 consultum
688 2907 838 2939 venerat,
879 2911 922 2932 an

122 2949 325 2978 Salaminam
348 2953 484 2985 peteret,
523 2956 630 2978 comes
654 2949 804 2987 Priamo,
840 2951 923 2979 unde

123 2998 154 3023 et
179 2992 388 3032 agnoscitur*
416 2997 510 3024 Serv.
536 2995 568 3023 in
595 2995 671 3029 alqt.

167 3049 222 3081 83.
249 3053 363 3091 „Licet
400 3053 528 3081 Probus
565 3055 719 3089 quaerat,
766 3053 842 3087 quid
881 3053 924 3081 sit

967 896 1132 928 iungimus
1164 894 1302 929 hospitio
1336 895 1486 929 dextraS,
1523 898 1629 923 tamen
1664 895 1765 929 septi-

967 950 1038 970 mus
1074 949 1171 970 casus
1209 945 1256 968 est
1296 940 1316 967 i.
1352 950 1378 968 e.
1411 940 1481 967 iure
1512 941 1761 975 hospitalitatis:

966 994 1041 1015 nam
1077 988 1117 1015 ad
1154 986 1327 1020 hospitium
1362 993 1426 1013 non
1470 990 1571 1019 potest
1616 987 1764 1021 intelligi,

965 1033 1044 1067 quia
1083 1033 1148 1061 iam
1189 1032 1315 1060 amicus
1354 1030 1436 1058 fuit'·
1479 1033 1510 1059 S.
1572 1032 1766 1061 Ablativuni

965 1081 1075 1113 probat
1109 1076 1140 1114 S,
1175 1076 1236 1104 169
1277 1074 1397 1105 iuncta
1431 1078 1479 1105 est
1513 1074 1600 1105 mihi
1623 1075 1769 1115 foedere

965 1121 1101 1152 dextra.
1151 1124 1237 1151 Idem
1263 1123 1381 1156 legitur
1406 1118 1457 1155 11,
1489 1120 1560 1151 1115.

962 1201 1162 1233 84—120.
1230 1198 1380 1231 Oraculo
1424 1197 1467 1230 ab
1508 1198 1674 1241 Apolline
1713 1208 1767 1231 ac-

1009 1250 1110 1289 cepto
1136 1245 1312 1278 Anchises
1342 1245 1479 1277 Cretam
1514 1245 1584 1286 peti
1612 1243 1720 1277 iubet.

1007 1304 1062 1336 84.
1088 1315 1173 1335 saro
1199 1308 1335 1335 vetus-to
1370 1306 1408 1335 cf.
1437 1304 1468 1339 8,
1493 1303 1569 1334 478.
1619 1306 1654 1334 Si
1689 1311 1768 1334 tem-

962 1355 1052 1389 plum
1078 1357 1239 1381 vetustum
1266 1357 1330 1383 est,
1373 1352 1471 1381 etiam
1504 1359 1605 1388 saxa,
1645 1353 1763 1387 quibus

964 1404 1141 1428 struuntur.
1214 1400 1263 1427 Ita
1311 1398 1466 1427 facillime
1509 1402 1539 1427 et
1584 1398 1765 1427 rectissime

964 1448 1066 1475 verba
1090 1445 1282 1480 explicabis.
1333 1445 1393 1473 Sed
1419 1448 1525 1473 tamen
1550 1445 1615 1473 iam
1637 1445 1763 1479 antiqui

964 1497 997 1521 ut
1023 1492 1159 1520 Servius
1185 1491 1432 1526 quaesiverunt.
1458 1499 1515 1520 cur
1537 1493 1574 1519 ob
1602 1498 1674 1519 eam
1699 1499 1764 1519 rem

964 1539 1171 1571 laudaretur:
1201 1542 1229 1566 et
1255 1537 1472 1571 reperiebant.
1506 1538 1622 1565 Delum
1646 1537 1690 1565 ita
1714 1546 1765 1565 re-

964 1585 1082 1621 ligiose
1105 1585 1226 1613 cultam
1245 1591 1327 1613 esse.
1353 1587 1386 1611 ut
1411 1592 1450 1611 ne
1474 1590 1494 1611 a
1518 1583 1667 1612 barbaris
1693 1584 1765 1618 qui-

966 1632 1037 1659 dem
1057 1635 1141 1659 esset
1164 1631 1289 1658 violata
1314 1634 1342 1657 et
1364 1634 1502 1662 vexata:
1529 1630 1642 1658 deinde
1666 1630 1763 1658 etiam

966 1685 1063 1712 quttm
1097 1684 1208 1705 omnes
1235 1676 1306 1704 eius
1332 1675 1475 1709 regionis
1502 1675 1630 1704 insulae
1654 1679 1764 1705 crebro

965 1727 1069 1751 terrae
1100 1727 1187 1751 motu
1211 1726 1470 1756 concuterentur,
1511 1724 1595 1751 hanc
1620 1722 1762 1751 insulam

964 1769 1118 1798 intactam
1166 1768 1286 1800 fuisse:
1347 1773 1431 1797 certe
1478 1769 1645 1797 rarissime
1694 1777 1766 1797 esse

966 1820 1172 1844 commotam.
1212 1815 1294 1849 quod
1321 1814 1349 1842 si
1370 1815 1496 1848 quando
1521 1814 1640 1844 factum
1665 1819 1763 1844 esset.

963 1862 1068 1890 fuisse
1109 1861 1236 1893 signum
1276 1868 1415 1893 magnae
1452 1861 1658 1889 calamitatis.
1717 1861 1765 1889 Cf.

966 1910 1105 1936 Macron.
1135 1906 1170 1939 3,
1198 1904 1226 1934 6.
1261 1911 1288 1935 et
1323 1907 1421 1935 Thuc.
1452 1904 1480 1935 2.
1506 1904 1524 1934 8
1552 1903 1673 1945 Δῆλος
1699 1899 1766 1946 gut:

964 1946 1064 1990 νήθη
1084 1945 1263 1989 πρότερον
1285 1944 1388 1980 οὔπω
1413 1949 1613 1990 σεισθεῖσα,
1637 1945 1700 1990 (ἐφ’
1723 1947 1766 1981 οὐ

972 1995 1126 2037 Eli-qves
1153 1992 1372 2036 μέμνηνται,
1401 2002 1430 2026 et
1458 1999 1529 2026 Her.
1562 1996 1597 2034 6,
1627 1997 1669 2026 98
1696 2006 1767 2027 eam

964 2046 1048 2072 bello
1086 2045 1217 2073 Pers1co
1248 2044 1386 2079 primum
1418 2052 1490 2072 esse
1524 2049 1641 2072 motam
1674 2045 1768 2073 tradit

965 2090 1173 2124 habitumque
1196 2091 1227 2118 id
1252 2090 1442 2125 prodigium.
1476 2090 1599 2119 Deinde
1621 2099 1662 2119 ex
1680 2091 1767 2119 Plin.

966 2137 1034 2164 NH.
1061 2134 1092 2167 4,
1120 2132 1172 2168 12,
1198 2134 1239 2162 22
1274 2140 1424 2170 apparet.
1458 2136 1554 2164 etiam
1580 2141 1693 2171 postea
1718 2137 1769 2164 in-

966 2183 1073 2209 sulam
1114 2182 1357 2210 contremuisse.
1422 2183 1483 2210 Sed
1513 2186 1582 2210 utut
1617 2185 1676 2211 boc
1707 2187 1764 2220 est,

966 2227 1040 2261 Vgl.
1067 2235 1109 2255 ex
1132 2227 1266 2255 Aeneae
1298 2231 1437 2261 tempore
1461 2232 1545 2256 recte
1569 2228 1660 2256 dixit.

1014 2270 1067 2300 85.
1096 2273 1185 2306 Quod
1215 2273 1343 2308 signum
1380 2280 1472 2301 omne
1507 2274 1655 2307 inceptae
1693 2282 1767 2302 ora-

969 2319 1066 2347 tionis
1103 2319 1259 2346 omissum
1299 2322 1347 2346 est
1388 2318 1425 2346 cf.
1466 2316 1501 2348 4.
1536 2317 1610 2346 ⁴16.
1677 2320 1765 2353 Quod

968 2365 1095 2393 etiamsi
1126 2365 1208 2392 satis
1234 2364 1388 2392 usitatum
1415 2368 1480 2397 est,
1520 2368 1624 2392 tamen
1648 2365 1680 2392 in
1706 2368 1766 2394 boc

967 2412 1050 2439 libro
1077 2411 1207 2443 singula
1232 2417 1462 2444 nonnunquam
1488 2418 1548 2437 11011
1576 2415 1662 2439 arcte
1691 2420 1768 2439 con-

971 2457 1078 2485 iuncta
1105 2465 1178 2485 esse
1207 2457 1371 2489 concedes,
1398 2456 1426 2483 si
1448 2457 1661 2490 reputaveris.
1688 2465 1767 2491 quo-

972 2504 1063 2532 modo
1089 2512 1120 2531 v.
1148 2501 1203 2533 13,
1234 2499 1289 2530 19.
1315 2500 1376 2533 49,
1404 2500 1456 2531 69.
1482 2500 1534 2530 73,
1555 2499 1608 2534 78,
1631 2501 1685 2537 80,
1714 2501 1768 2540 83,

972 2547 1016 2577 84
1037 2554 1093 2577 etc.
1120 2556 1191 2577 cum
1212 2548 1371 2583 prioribus
1395 2550 1597 2577 cohaereant.
1632 2550 1767 2578 Omnino

972 2600 1079 2624 autem
1105 2600 1196 2629 poeta
1227 2595 1259 2622 in
1286 2597 1345 2623 hoc
1374 2594 1474 2627 libro,
1505 2594 1538 2621 in
1570 2603 1631 2628 quo
1658 2595 1767 2624 minus

971 2649 1068 2675 quam
1101 2642 1134 2668 in
1169 2641 1245 2669 aliis
1277 2641 1317 2668 ad
1351 2645 1469 2669 certum
1500 2640 1642 2675 aliquem
1672 2641 1765 2670 tinem

969 2688 1079 2716 omnia
1113 2695 1300 2721 componere
1334 2688 1520 2719 cogebatur.
1561 2688 1617 2715 sed
1648 2688 1763 2716 varias

969 2734 1172 2762 narrationes
1205 2736 1231 2760 et
1264 2733 1378 2760 addere
1411 2736 1439 2760 et
1473 2732 1616 2761 omittere
1642 2739 1764 2767 poterat

969 2781 1059 2808 nullo
1085 2780 1182 2807 totius
1208 2778 1281 2806 libri
1309 2779 1434 2813 damno,
1460 2786 1689 2813 nonnunquam
1717 2780 1765 2808 111-

970 2830 1075 2854 certus
1101 2825 1292 2853 haesitabat.
1342 2825 1420 2852 Inde
1443 2823 1563 2853 factum
1587 2829 1645 2854 est.
1673 2831 1704 2853 ut
1731 2827 1764 2853 in

969 2872 1036 2900 alio
1057 2873 1126 2899 loco
1153 2872 1265 2899 deesse
1289 2869 1422 2906 aliquid,
1450 2870 1482 2898 in
1510 2871 1575 2899 3110
1601 2873 1766 2900 abundare

968 2918 1148 2948 videretur:
1199 2923 1379 2949 versusque
1424 2916 1547 2951 aliquot
1590 2922 1765 2954 exstarent,

969 2964 1025 2998 qui
1046 2971 1109 2991 non
1132 2965 1265 2997 possunt
1291 2962 1337 2990 ita
1360 2962 1533 2999 explicari,
1562 2968 1596 2991 ut
1619 2966 1659 2991 ab
1678 2964 1765 2991 0111111

970 3013 1060 3044 parte
1089 3008 1304 3037 satisfaciant.
1354 3008 1460 3042 Quare
1490 3009 1641 3043 propensi
1675 3013 1768 3038 erant

970 3054 1171 3089 antiquiores
1195 3054 1371 3090 adiungere
1395 3062 1529 3092 versus,
1558 3062 1682 3090 suaque
1704 3056 1766 3084 im-
