<?xml version="1.0" encoding="UTF-8"?>
<!DOCTYPE html PUBLIC "-//W3C//DTD XHTML 1.0 Transitional//EN"
    "http://www.w3.org/TR/xhtml1/DTD/xhtml1-transitional.dtd">
<html xmlns="http://www.w3.org/1999/xhtml" xml:lang="en" lang="en">
 <head>
  <title>
</title>
<meta http-equiv="Content-Type" content="text/html;charset=utf-8" />
  <meta name='ocr-system' content='tesseract 3.04.00' />
  <meta name='ocr-capabilities' content='ocr_page ocr_carea ocr_par ocr_line ocrx_word'/>
</head>
<body>
  <div class='ocr_page' id='page_1' title='image "aeneisvi00virguoft_0066.png"; bbox 0 0 2023 3350; ppageno 0'>
   <div class='ocr_carea' id='block_1_1' title="bbox 249 110 302 147">
    <p class='ocr_par' dir='ltr' id='par_1_1' title="bbox 249 110 302 147">
     <span class='ocr_line' id='line_1_1' title="bbox 249 110 302 147; baseline -0.019 0"><span class='ocrx_word' id='word_1_1' title='bbox 249 110 302 147; x_wconf 78' lang='grc'>40</span> 
     </span>
    </p>
   </div>
   <div class='ocr_carea' id='block_1_2' title="bbox 811 109 1300 143">
    <p class='ocr_par' dir='ltr' id='par_1_2' title="bbox 811 109 1300 143">
     <span class='ocr_line' id='line_1_2' title="bbox 811 109 1300 143; baseline 0.002 -2"><span class='ocrx_word' id='word_1_2' title='bbox 811 110 846 141; x_wconf 87' lang='lat' dir='ltr'>P.</span> <span class='ocrx_word' id='word_1_3' title='bbox 874 109 1070 142; x_wconf 76' lang='lat' dir='ltr'>vinGlLll</span> <span class='ocrx_word' id='word_1_4' title='bbox 1094 109 1300 143; x_wconf 80' lang='lat' dir='ltr'>MARONIS</span> 
     </span>
    </p>
   </div>
   <div class='ocr_carea' id='block_1_3' title="bbox 249 219 1329 272">
    <p class='ocr_par' dir='ltr' id='par_1_3' title="bbox 249 219 1329 272">
     <span class='ocr_line' id='line_1_3' title="bbox 249 219 1329 272; baseline 0.003 -12"><span class='ocrx_word' id='word_1_5' title='bbox 249 220 333 260; x_wconf 77' lang='lat' dir='ltr'>Nec</span> <span class='ocrx_word' id='word_1_6' title='bbox 368 221 516 272; x_wconf 85' lang='lat' dir='ltr'>procul</span> <span class='ocrx_word' id='word_1_7' title='bbox 552 220 648 261; x_wconf 89' lang='lat' dir='ltr'>hinc</span> <span class='ocrx_word' id='word_1_8' title='bbox 678 219 805 261; x_wconf 81' lang='lat' dir='ltr'>Rhesi</span> <span class='ocrx_word' id='word_1_9' title='bbox 837 220 968 262; x_wconf 80' lang='lat' dir='ltr'>niveis</span> <span class='ocrx_word' id='word_1_10' title='bbox 1006 223 1191 263; x_wconf 87' lang='lat' dir='ltr'>tentoria</span> <span class='ocrx_word' id='word_1_11' title='bbox 1227 222 1329 263; x_wconf 87' lang='lat' dir='ltr'>velis</span> 
     </span>
    </p>
   </div>
   <div class='ocr_carea' id='block_1_4' title="bbox 247 276 1463 331">
    <p class='ocr_par' dir='ltr' id='par_1_4' title="bbox 247 276 1463 331">
     <span class='ocr_line' id='line_1_4' title="bbox 247 276 1463 331; baseline 0.002 -14"><span class='ocrx_word' id='word_1_12' title='bbox 247 276 480 327; x_wconf 43' lang='lat' dir='ltr'>fids-{noscit</span> <span class='ocrx_word' id='word_1_13' title='bbox 512 277 752 327; x_wconf 75' lang='lat' dir='ltr'>lacrimans,</span> <span class='ocrx_word' id='word_1_14' title='bbox 791 277 928 329; x_wconf 87' lang='lat' dir='ltr'>primo</span> <span class='ocrx_word' id='word_1_15' title='bbox 968 291 1077 329; x_wconf 87' lang='lat' dir='ltr'>quae</span> <span class='ocrx_word' id='word_1_16' title='bbox 1110 278 1282 331; x_wconf 80' lang='lat' dir='ltr'>prodita</span> <span class='ocrx_word' id='word_1_17' title='bbox 1317 292 1463 320; x_wconf 90' lang='lat' dir='ltr'>somno</span> 
     </span>
    </p>
   </div>
   <div class='ocr_carea' id='block_1_5' title="bbox 1780 281 1862 320">
    <p class='ocr_par' dir='ltr' id='par_1_5' title="bbox 1780 281 1862 320">
     <span class='ocr_line' id='line_1_5' title="bbox 1780 281 1862 320; baseline 0 0"><span class='ocrx_word' id='word_1_18' title='bbox 1780 281 1862 320; x_wconf 85' lang='lat'>470</span> 
     </span>
    </p>
   </div>
   <div class='ocr_carea' id='block_1_6' title="bbox 247 333 1488 557">
    <p class='ocr_par' dir='ltr' id='par_1_6' title="bbox 247 333 1488 557">
     <span class='ocr_line' id='line_1_6' title="bbox 247 333 1239 387; baseline 0.003 -14"><span class='ocrx_word' id='word_1_19' title='bbox 247 333 428 384; x_wconf 67' lang='lat' dir='ltr'>Tydides</span> <span class='ocrx_word' id='word_1_20' title='bbox 465 334 599 375; x_wconf 82' lang='lat' dir='ltr'>multa</span> <span class='ocrx_word' id='word_1_21' title='bbox 632 333 829 374; x_wconf 80' lang='lat' dir='ltr'>vastabat</span> <span class='ocrx_word' id='word_1_22' title='bbox 866 333 995 375; x_wconf 83' lang='lat' dir='ltr'>caede</span> <span class='ocrx_word' id='word_1_23' title='bbox 1030 338 1239 387; x_wconf 90' lang='lat' dir='ltr'>cruentus,</span> 
     </span>
     <span class='ocr_line' id='line_1_7' title="bbox 247 390 1488 446; baseline 0.002 -16"><span class='ocrx_word' id='word_1_24' title='bbox 247 390 539 444; x_wconf 72' lang='lat' dir='ltr'>Ardentesque</span> <span class='ocrx_word' id='word_1_25' title='bbox 574 390 728 432; x_wconf 78' lang='lat' dir='ltr'>avertit</span> <span class='ocrx_word' id='word_1_26' title='bbox 767 403 898 443; x_wconf 89' lang='lat' dir='ltr'>equos</span> <span class='ocrx_word' id='word_1_27' title='bbox 935 391 978 430; x_wconf 89' lang='grc'>111</span> <span class='ocrx_word' id='word_1_28' title='bbox 1014 395 1170 442; x_wconf 84' lang='lat' dir='ltr'>castra,</span> <span class='ocrx_word' id='word_1_29' title='bbox 1206 393 1323 446; x_wconf 88' lang='lat' dir='ltr'>prius</span> <span class='ocrx_word' id='word_1_30' title='bbox 1360 405 1488 444; x_wconf 85' lang='lat' dir='ltr'>quam</span> 
     </span>
     <span class='ocr_line' id='line_1_8' title="bbox 247 447 1464 502; baseline 0.003 -16"><span class='ocrx_word' id='word_1_31' title='bbox 247 447 408 488; x_wconf 78' lang='lat' dir='ltr'>Pabula</span> <span class='ocrx_word' id='word_1_32' title='bbox 443 450 684 499; x_wconf 71' lang='lat' dir='ltr'>gustassent</span> <span class='ocrx_word' id='word_1_33' title='bbox 719 447 870 488; x_wconf 80' lang='lat' dir='ltr'>Troiae</span> <span class='ocrx_word' id='word_1_34' title='bbox 903 447 1203 502; x_wconf 74' lang='lat' dir='ltr'>Xanthumque</span> <span class='ocrx_word' id='word_1_35' title='bbox 1245 448 1464 490; x_wconf 78' lang='lat' dir='ltr'>bibissent.</span> 
     </span>
     <span class='ocr_line' id='line_1_9' title="bbox 247 504 1273 557; baseline 0.002 -12"><span class='ocrx_word' id='word_1_36' title='bbox 247 504 372 545; x_wconf 80' lang='lat' dir='ltr'>Parte</span> <span class='ocrx_word' id='word_1_37' title='bbox 407 505 490 545; x_wconf 79' lang='lat' dir='ltr'>alia</span> <span class='ocrx_word' id='word_1_38' title='bbox 529 504 690 557; x_wconf 74' lang='lat' dir='ltr'>fugiens</span> <span class='ocrx_word' id='word_1_39' title='bbox 727 504 893 545; x_wconf 87' lang='lat' dir='ltr'>amissis</span> <span class='ocrx_word' id='word_1_40' title='bbox 928 504 1091 547; x_wconf 80' lang='lat' dir='ltr'>Troilus</span> <span class='ocrx_word' id='word_1_41' title='bbox 1132 506 1273 556; x_wconf 82' lang='lat' dir='ltr'>armis,</span> 
     </span>
    </p>
   </div>
   <div class='ocr_carea' id='block_1_7' title="bbox 247 560 1360 615">
    <p class='ocr_par' dir='ltr' id='par_1_7' title="bbox 247 560 1360 615">
     <span class='ocr_line' id='line_1_10' title="bbox 247 560 1360 615; baseline 0.002 -13"><span class='ocrx_word' id='word_1_42' title='bbox 247 560 397 602; x_wconf 75' lang='lat' dir='ltr'><strong>Infelix</strong></span> <span class='ocrx_word' id='word_1_43' title='bbox 434 575 537 615; x_wconf 83' lang='lat' dir='ltr'>puer</span> <span class='ocrx_word' id='word_1_44' title='bbox 573 565 700 613; x_wconf 82' lang='lat' dir='ltr'>atque</span> <span class='ocrx_word' id='word_1_45' title='bbox 734 561 874 614; x_wconf 83' lang='lat' dir='ltr'>impar</span> <span class='ocrx_word' id='word_1_46' title='bbox 911 575 1160 615; x_wconf 81' lang='lat' dir='ltr'>congressus</span> <span class='ocrx_word' id='word_1_47' title='bbox 1193 563 1360 614; x_wconf 78' lang='lat' dir='ltr'>Achilli,</span> 
     </span>
    </p>
   </div>
   <div class='ocr_carea' id='block_1_8' title="bbox 1783 563 1864 603">
    <p class='ocr_par' dir='ltr' id='par_1_8' title="bbox 1783 563 1864 603">
     <span class='ocr_line' id='line_1_11' title="bbox 1783 563 1864 603; baseline -0.012 0"><span class='ocrx_word' id='word_1_48' title='bbox 1783 563 1864 603; x_wconf 84' lang='lat'>475</span> 
     </span>
    </p>
   </div>
   <div class='ocr_carea' id='block_1_9' title="bbox 245 617 1667 844">
    <p class='ocr_par' dir='ltr' id='par_1_9' title="bbox 246 617 1426 673">
     <span class='ocr_line' id='line_1_12' title="bbox 246 617 1426 673; baseline 0.003 -15"><span class='ocrx_word' id='word_1_49' title='bbox 246 619 398 659; x_wconf 81' lang='lat' dir='ltr'>Fertur</span> <span class='ocrx_word' id='word_1_50' title='bbox 430 618 565 670; x_wconf 87' lang='lat' dir='ltr'>equis,</span> <span class='ocrx_word' id='word_1_51' title='bbox 608 631 817 672; x_wconf 88' lang='lat' dir='ltr'>curruque</span> <span class='ocrx_word' id='word_1_52' title='bbox 853 617 1002 660; x_wconf 85' lang='lat' dir='ltr'>haeret</span> <span class='ocrx_word' id='word_1_53' title='bbox 1039 620 1260 673; x_wconf 79' lang='lat' dir='ltr'>resupinus</span> <span class='ocrx_word' id='word_1_54' title='bbox 1299 619 1426 671; x_wconf 81' lang='lat' dir='ltr'>inani,</span> 
     </span>
    </p>

    <p class='ocr_par' dir='ltr' id='par_1_10' title="bbox 245 675 1667 786">
     <span class='ocr_line' id='line_1_13' title="bbox 245 675 1667 730; baseline 0.002 -15"><span class='ocrx_word' id='word_1_55' title='bbox 245 675 357 715; x_wconf 85' lang='lat' dir='ltr'>Lora</span> <span class='ocrx_word' id='word_1_56' title='bbox 392 679 537 716; x_wconf 84' lang='lat' dir='ltr'>tenens</span> <span class='ocrx_word' id='word_1_57' title='bbox 579 678 742 727; x_wconf 78' lang='lat' dir='ltr'>tamen3</span> <span class='ocrx_word' id='word_1_58' title='bbox 784 675 882 716; x_wconf 89' lang='lat' dir='ltr'>huic</span> <span class='ocrx_word' id='word_1_59' title='bbox 915 676 1138 729; x_wconf 82' lang='lat' dir='ltr'>cervixque</span> <span class='ocrx_word' id='word_1_60' title='bbox 1177 690 1406 730; x_wconf 77' lang='lat' dir='ltr'>comaeque</span> <span class='ocrx_word' id='word_1_61' title='bbox 1437 677 1667 719; x_wconf 87' lang='lat' dir='ltr'>trahuntur</span> 
     </span>
     <span class='ocr_line' id='line_1_14' title="bbox 246 732 1396 786; baseline 0.003 -15"><span class='ocrx_word' id='word_1_62' title='bbox 246 732 325 772; x_wconf 88' lang='lat' dir='ltr'>l&#39;er</span> <span class='ocrx_word' id='word_1_63' title='bbox 354 735 530 783; x_wconf 88' lang='lat' dir='ltr'>terram,</span> <span class='ocrx_word' id='word_1_64' title='bbox 573 736 614 773; x_wconf 90' lang='lat' dir='ltr'>et</span> <span class='ocrx_word' id='word_1_65' title='bbox 646 746 767 774; x_wconf 85' lang='lat' dir='ltr'>versa</span> <span class='ocrx_word' id='word_1_66' title='bbox 806 733 944 786; x_wconf 88' lang='lat' dir='ltr'>pulvis</span> <span class='ocrx_word' id='word_1_67' title='bbox 980 733 1227 774; x_wconf 76' lang='lat' dir='ltr'>inscribitur</span> <span class='ocrx_word' id='word_1_68' title='bbox 1262 734 1396 774; x_wconf 84' lang='lat' dir='ltr'>hasta.</span> 
     </span>
    </p>

    <p class='ocr_par' dir='ltr' id='par_1_11' title="bbox 246 789 1441 844">
     <span class='ocr_line' id='line_1_15' title="bbox 246 789 1441 844; baseline 0.003 -16"><span class='ocrx_word' id='word_1_69' title='bbox 246 789 413 830; x_wconf 86' lang='lat' dir='ltr'>Interea</span> <span class='ocrx_word' id='word_1_70' title='bbox 446 789 500 830; x_wconf 85' lang='lat' dir='ltr'>ad</span> <span class='ocrx_word' id='word_1_71' title='bbox 537 789 743 843; x_wconf 82' lang='lat' dir='ltr'>templum</span> <span class='ocrx_word' id='word_1_72' title='bbox 779 804 864 831; x_wconf 87' lang='lat' dir='ltr'>non</span> <span class='ocrx_word' id='word_1_73' title='bbox 901 804 1060 844; x_wconf 87' lang='lat' dir='ltr'>aequae</span> <span class='ocrx_word' id='word_1_74' title='bbox 1093 791 1279 832; x_wconf 83' lang='lat' dir='ltr'>Palladis</span> <span class='ocrx_word' id='word_1_75' title='bbox 1318 790 1441 832; x_wconf 80' lang='lat' dir='ltr'>ibant</span> 
     </span>
    </p>
   </div>
   <div class='ocr_carea' id='block_1_10' title="bbox 247 845 1357 901">
    <p class='ocr_par' dir='ltr' id='par_1_12' title="bbox 247 845 1357 901">
     <span class='ocr_line' id='line_1_16' title="bbox 247 845 1357 901; baseline 0.001 -15"><span class='ocrx_word' id='word_1_76' title='bbox 247 845 442 886; x_wconf 80' lang='lat' dir='ltr'>Crinibus</span> <span class='ocrx_word' id='word_1_77' title='bbox 476 846 629 888; x_wconf 81' lang='lat' dir='ltr'>Iliades</span> <span class='ocrx_word' id='word_1_78' title='bbox 669 847 824 900; x_wconf 80' lang='lat' dir='ltr'>passis,</span> <span class='ocrx_word' id='word_1_79' title='bbox 863 848 1119 901; x_wconf 84' lang='lat' dir='ltr'>peplumque</span> <span class='ocrx_word' id='word_1_80' title='bbox 1153 848 1357 899; x_wconf 85' lang='lat' dir='ltr'>ferebant,</span> 
     </span>
    </p>
   </div>
   <div class='ocr_carea' id='block_1_11' title="bbox 1785 848 1866 887">
    <p class='ocr_par' dir='ltr' id='par_1_13' title="bbox 1785 848 1866 887">
     <span class='ocr_line' id='line_1_17' title="bbox 1785 848 1866 887; baseline 0 -1"><span class='ocrx_word' id='word_1_81' title='bbox 1785 848 1866 887; x_wconf 75' lang='lat'>480</span> 
     </span>
    </p>
   </div>
   <div class='ocr_carea' id='block_1_12' title="bbox 245 902 1409 1131">
    <p class='ocr_par' dir='ltr' id='par_1_14' title="bbox 246 902 1370 959">
     <span class='ocr_line' id='line_1_18' title="bbox 246 902 1370 959; baseline 0.004 -17"><span class='ocrx_word' id='word_1_82' title='bbox 246 902 505 956; x_wconf 74' lang='lat' dir='ltr'>Suppliciter</span> <span class='ocrx_word' id='word_1_83' title='bbox 542 904 687 945; x_wconf 83' lang='lat' dir='ltr'>tristes</span> <span class='ocrx_word' id='word_1_84' title='bbox 723 907 766 946; x_wconf 90' lang='lat' dir='ltr'>et</span> <span class='ocrx_word' id='word_1_85' title='bbox 799 908 949 946; x_wconf 80' lang='lat' dir='ltr'>tunsae</span> <span class='ocrx_word' id='word_1_86' title='bbox 985 909 1161 959; x_wconf 79' lang='lat' dir='ltr'>pectora</span> <span class='ocrx_word' id='word_1_87' title='bbox 1195 905 1370 959; x_wconf 71' lang='lat' dir='ltr'>palmis,</span> 
     </span>
    </p>

    <p class='ocr_par' dir='ltr' id='par_1_15' title="bbox 245 960 1211 1004">
     <span class='ocr_line' id='line_1_19' title="bbox 245 960 1211 1004; baseline 0.004 -4"><span class='ocrx_word' id='word_1_88' title='bbox 245 960 352 1001; x_wconf 77' lang='lat' dir='ltr'>Diva</span> <span class='ocrx_word' id='word_1_89' title='bbox 389 961 480 1002; x_wconf 88' lang='grc'>5010</span> <span class='ocrx_word' id='word_1_90' title='bbox 518 961 624 1003; x_wconf 80' lang='lat' dir='ltr'>fixos</span> <span class='ocrx_word' id='word_1_91' title='bbox 660 962 806 1003; x_wconf 89' lang='grc'>0011105</span> <span class='ocrx_word' id='word_1_92' title='bbox 842 976 991 1004; x_wconf 86' lang='lat' dir='ltr'>aversa</span> <span class='ocrx_word' id='word_1_93' title='bbox 1028 963 1211 1004; x_wconf 82' lang='lat' dir='ltr'>tenebat.</span> 
     </span>
    </p>

    <p class='ocr_par' dir='ltr' id='par_1_16' title="bbox 245 1017 1409 1131">
     <span class='ocr_line' id='line_1_20' title="bbox 245 1017 1409 1073; baseline 0.003 -16"><span class='ocrx_word' id='word_1_94' title='bbox 245 1017 325 1058; x_wconf 88' lang='lat' dir='ltr'>Ter</span> <span class='ocrx_word' id='word_1_95' title='bbox 359 1018 517 1059; x_wconf 89' lang='lat' dir='ltr'>circum</span> <span class='ocrx_word' id='word_1_96' title='bbox 552 1019 707 1060; x_wconf 87' lang='lat' dir='ltr'>Iliacos</span> <span class='ocrx_word' id='word_1_97' title='bbox 741 1022 989 1073; x_wconf 81' lang='lat' dir='ltr'>raptaverat</span> <span class='ocrx_word' id='word_1_98' title='bbox 1021 1020 1213 1061; x_wconf 84' lang='lat' dir='ltr'>Hectora</span> <span class='ocrx_word' id='word_1_99' title='bbox 1253 1032 1409 1070; x_wconf 83' lang='lat' dir='ltr'>murOS,</span> 
     </span>
     <span class='ocr_line' id='line_1_21' title="bbox 245 1075 1383 1131; baseline 0.002 -16"><span class='ocrx_word' id='word_1_100' title='bbox 245 1075 581 1130; x_wconf 67' lang='lat' dir='ltr'>Exn-nimiunque</span> <span class='ocrx_word' id='word_1_101' title='bbox 613 1090 717 1118; x_wconf 86' lang='lat' dir='ltr'>auro</span> <span class='ocrx_word' id='word_1_102' title='bbox 753 1091 907 1131; x_wconf 88' lang='lat' dir='ltr'>corpus</span> <span class='ocrx_word' id='word_1_103' title='bbox 939 1077 1149 1119; x_wconf 87' lang='lat' dir='ltr'>vendebat</span> <span class='ocrx_word' id='word_1_104' title='bbox 1187 1077 1383 1119; x_wconf 88' lang='lat' dir='ltr'>Achilles.</span> 
     </span>
    </p>
   </div>
   <div class='ocr_carea' id='block_1_13' title="bbox 244 1202 1035 1689">
    <p class='ocr_par' dir='ltr' id='par_1_17' title="bbox 244 1202 1035 1689">
     <span class='ocr_line' id='line_1_22' title="bbox 291 1202 1033 1242; baseline 0.005 -11"><span class='ocrx_word' id='word_1_105' title='bbox 291 1202 364 1232; x_wconf 72' lang='lat'>469.</span> <span class='ocrx_word' id='word_1_106' title='bbox 393 1206 437 1233; x_wconf 85' lang='lat' dir='ltr'>De</span> <span class='ocrx_word' id='word_1_107' title='bbox 470 1207 591 1241; x_wconf 82' lang='lat' dir='ltr'>Rheso,</span> <span class='ocrx_word' id='word_1_108' title='bbox 623 1207 780 1236; x_wconf 80' lang='lat' dir='ltr'>Thraciae</span> <span class='ocrx_word' id='word_1_109' title='bbox 809 1215 882 1242; x_wconf 83' lang='lat' dir='ltr'>rege</span> <span class='ocrx_word' id='word_1_110' title='bbox 913 1210 943 1235; x_wconf 85' lang='lat' dir='ltr'>et</span> <span class='ocrx_word' id='word_1_111' title='bbox 972 1208 1033 1235; x_wconf 88' lang='lat' dir='ltr'>He-</span> 
     </span>
     <span class='ocr_line' id='line_1_23' title="bbox 245 1250 1034 1289; baseline 0.004 -12"><span class='ocrx_word' id='word_1_112' title='bbox 245 1253 343 1278; x_wconf 66' lang='lat' dir='ltr'>cubae</span> <span class='ocrx_word' id='word_1_113' title='bbox 378 1250 475 1279; x_wconf 81' lang='lat' dir='ltr'>fratre</span> <span class='ocrx_word' id='word_1_114' title='bbox 510 1253 641 1287; x_wconf 80' lang='lat' dir='ltr'>eiusque</span> <span class='ocrx_word' id='word_1_115' title='bbox 679 1253 792 1289; x_wconf 85' lang='lat' dir='ltr'>sociis,</span> <span class='ocrx_word' id='word_1_116' title='bbox 835 1259 855 1280; x_wconf 86' lang='lat' dir='ltr'>a</span> <span class='ocrx_word' id='word_1_117' title='bbox 885 1253 1034 1281; x_wconf 81' lang='lat' dir='ltr'>Diomede</span> 
     </span>
     <span class='ocr_line' id='line_1_24' title="bbox 245 1296 1032 1333; baseline 0.005 -11"><span class='ocrx_word' id='word_1_118' title='bbox 245 1296 370 1324; x_wconf 68' lang='lat' dir='ltr'>oeci-is.</span> <span class='ocrx_word' id='word_1_119' title='bbox 397 1301 425 1325; x_wconf 85' lang='lat' dir='ltr'>et</span> <span class='ocrx_word' id='word_1_120' title='bbox 451 1298 541 1332; x_wconf 80' lang='lat' dir='ltr'>equis</span> <span class='ocrx_word' id='word_1_121' title='bbox 564 1301 603 1326; x_wconf 90' lang='lat' dir='ltr'>ab</span> <span class='ocrx_word' id='word_1_122' title='bbox 628 1298 749 1333; x_wconf 83' lang='lat' dir='ltr'>Ulysse</span> <span class='ocrx_word' id='word_1_123' title='bbox 774 1298 917 1326; x_wconf 81' lang='lat' dir='ltr'>abductis</span> <span class='ocrx_word' id='word_1_124' title='bbox 943 1299 1032 1326; x_wconf 88' lang='lat' dir='ltr'>Hom.</span> 
     </span>
     <span class='ocr_line' id='line_1_25' title="bbox 246 1339 1033 1380; baseline 0.004 -12"><span class='ocrx_word' id='word_1_125' title='bbox 246 1342 280 1368; x_wconf 89' lang='lat' dir='ltr'>ll.</span> <span class='ocrx_word' id='word_1_126' title='bbox 311 1339 365 1371; x_wconf 84' lang='grc'>10.</span> <span class='ocrx_word' id='word_1_127' title='bbox 393 1340 455 1369; x_wconf 76' lang='lat'>433</span> <span class='ocrx_word' id='word_1_128' title='bbox 482 1352 527 1377; x_wconf 83' lang='lat' dir='ltr'>sq.</span> <span class='ocrx_word' id='word_1_129' title='bbox 559 1341 623 1371; x_wconf 84' lang='grc'>470</span> <span class='ocrx_word' id='word_1_130' title='bbox 649 1351 713 1379; x_wconf 83' lang='lat' dir='ltr'>sq.·,</span> <span class='ocrx_word' id='word_1_131' title='bbox 749 1344 805 1372; x_wconf 83' lang='lat' dir='ltr'>sed</span> <span class='ocrx_word' id='word_1_132' title='bbox 834 1344 971 1380; x_wconf 78' lang='lat' dir='ltr'>primus,</span> <span class='ocrx_word' id='word_1_133' title='bbox 1000 1347 1033 1372; x_wconf 83' lang='lat' dir='ltr'>ut</span> 
     </span>
     <span class='ocr_line' id='line_1_26' title="bbox 244 1387 1034 1425; baseline 0.005 -12"><span class='ocrx_word' id='word_1_134' title='bbox 244 1387 378 1415; x_wconf 78' lang='lat' dir='ltr'>videtur.</span> <span class='ocrx_word' id='word_1_135' title='bbox 404 1388 563 1417; x_wconf 74' lang='lat' dir='ltr'>Pindarus</span> <span class='ocrx_word' id='word_1_136' title='bbox 588 1389 730 1425; x_wconf 83' lang='lat' dir='ltr'>tradidit,</span> <span class='ocrx_word' id='word_1_137' title='bbox 763 1390 796 1417; x_wconf 92' lang='lat' dir='ltr'>in</span> <span class='ocrx_word' id='word_1_138' title='bbox 821 1389 896 1417; x_wconf 85' lang='lat' dir='ltr'>fatis</span> <span class='ocrx_word' id='word_1_139' title='bbox 921 1389 1034 1425; x_wconf 85' lang='lat' dir='ltr'>fuisse,</span> 
     </span>
     <span class='ocr_line' id='line_1_27' title="bbox 244 1433 1035 1471; baseline 0.005 -13"><span class='ocrx_word' id='word_1_140' title='bbox 244 1433 370 1460; x_wconf 79' lang='lat' dir='ltr'>Troiam</span> <span class='ocrx_word' id='word_1_141' title='bbox 399 1442 459 1461; x_wconf 90' lang='lat' dir='ltr'>non</span> <span class='ocrx_word' id='word_1_142' title='bbox 492 1435 633 1468; x_wconf 80' lang='lat' dir='ltr'>potuisse</span> <span class='ocrx_word' id='word_1_143' title='bbox 660 1435 746 1471; x_wconf 76' lang='lat' dir='ltr'>capi,</span> <span class='ocrx_word' id='word_1_144' title='bbox 782 1435 810 1463; x_wconf 84' lang='lat' dir='ltr'>si</span> <span class='ocrx_word' id='word_1_145' title='bbox 836 1435 936 1463; x_wconf 83' lang='lat' dir='ltr'>Rhesi</span> <span class='ocrx_word' id='word_1_146' title='bbox 962 1435 1035 1469; x_wconf 83' lang='lat' dir='ltr'>equi</span> 
     </span>
     <span class='ocr_line' id='line_1_28' title="bbox 246 1480 1033 1514; baseline 0.005 -10"><span class='ocrx_word' id='word_1_147' title='bbox 246 1480 361 1511; x_wconf 76' lang='lat' dir='ltr'>pabula</span> <span class='ocrx_word' id='word_1_148' title='bbox 385 1484 566 1512; x_wconf 64' lang='lat' dir='ltr'>gustassent</span> <span class='ocrx_word' id='word_1_149' title='bbox 593 1481 707 1508; x_wconf 83' lang='lat' dir='ltr'>Troiae</span> <span class='ocrx_word' id='word_1_150' title='bbox 733 1482 956 1514; x_wconf 77' lang='lat' dir='ltr'>Xanthumque</span> <span class='ocrx_word' id='word_1_151' title='bbox 984 1480 1033 1508; x_wconf 91' lang='lat' dir='ltr'>bi-</span> 
     </span>
     <span class='ocr_line' id='line_1_29' title="bbox 245 1522 1032 1555; baseline 0.005 -6"><span class='ocrx_word' id='word_1_152' title='bbox 245 1523 373 1551; x_wconf 72' lang='lat' dir='ltr'>bissent.</span> <span class='ocrx_word' id='word_1_153' title='bbox 404 1540 439 1543; x_wconf 91' lang='lat'><strong>—</strong></span> <span class='ocrx_word' id='word_1_154' title='bbox 466 1523 576 1554; x_wconf 83' lang='lat' dir='ltr'>niveis</span> <span class='ocrx_word' id='word_1_155' title='bbox 594 1522 744 1555; x_wconf 79' lang='lat' dir='ltr'>tentoria</span> <span class='ocrx_word' id='word_1_156' title='bbox 762 1523 858 1554; x_wconf 83' lang='lat' dir='ltr'>velis.</span> <span class='ocrx_word' id='word_1_157' title='bbox 897 1528 932 1553; x_wconf 92' lang='lat' dir='ltr'>lu</span> <span class='ocrx_word' id='word_1_158' title='bbox 951 1527 1032 1554; x_wconf 88' lang='lat' dir='ltr'>bello</span> 
     </span>
     <span class='ocr_line' id='line_1_30' title="bbox 244 1569 1032 1607; baseline 0.005 -12"><span class='ocrx_word' id='word_1_159' title='bbox 244 1569 379 1596; x_wconf 78' lang='lat' dir='ltr'>Troiano</span> <span class='ocrx_word' id='word_1_160' title='bbox 413 1574 466 1597; x_wconf 86' lang='lat' dir='ltr'>aut</span> <span class='ocrx_word' id='word_1_161' title='bbox 499 1574 557 1599; x_wconf 83' lang='lat' dir='ltr'>sub</span> <span class='ocrx_word' id='word_1_162' title='bbox 583 1571 632 1599; x_wconf 82' lang='lat' dir='ltr'>dio</span> <span class='ocrx_word' id='word_1_163' title='bbox 658 1575 778 1599; x_wconf 86' lang='lat' dir='ltr'>noctem</span> <span class='ocrx_word' id='word_1_164' title='bbox 801 1575 955 1607; x_wconf 81' lang='lat' dir='ltr'>peragunt</span> <span class='ocrx_word' id='word_1_165' title='bbox 980 1575 1032 1600; x_wconf 89' lang='lat' dir='ltr'>aut</span> 
     </span>
     <span class='ocr_line' id='line_1_31' title="bbox 244 1612 1034 1653; baseline 0.006 -13"><span class='ocrx_word' id='word_1_166' title='bbox 244 1613 274 1641; x_wconf 91' lang='lat' dir='ltr'>in</span> <span class='ocrx_word' id='word_1_167' title='bbox 304 1615 440 1647; x_wconf 67' lang='lat' dir='ltr'>tuguriis</span> <span class='ocrx_word' id='word_1_168' title='bbox 467 1612 675 1653; x_wconf 71' lang='grc' dir='ltr'>(κλισίαις),</span> <span class='ocrx_word' id='word_1_169' title='bbox 710 1625 772 1645; x_wconf 87' lang='grc'>11011</span> <span class='ocrx_word' id='word_1_170' title='bbox 806 1619 864 1645; x_wconf 87' lang='lat' dir='ltr'>sub</span> <span class='ocrx_word' id='word_1_171' title='bbox 891 1617 1034 1645; x_wconf 83' lang='lat' dir='ltr'>tentoriis</span> 
     </span>
     <span class='ocr_line' id='line_1_32' title="bbox 244 1659 554 1689; baseline 0.01 -3"><span class='ocrx_word' id='word_1_172' title='bbox 244 1660 359 1687; x_wconf 79' lang='lat' dir='ltr'>linteis.</span> <span class='ocrx_word' id='word_1_173' title='bbox 410 1661 455 1688; x_wconf 80' lang='lat' dir='ltr'>Cf.</span> <span class='ocrx_word' id='word_1_174' title='bbox 484 1659 554 1689; x_wconf 57' lang='lat'>165¹.</span> 
     </span>
    </p>
   </div>
   <div class='ocr_carea' id='block_1_14' title="bbox 241 1714 1033 1938">
    <p class='ocr_par' dir='ltr' id='par_1_18' title="bbox 241 1714 1033 1938">
     <span class='ocr_line' id='line_1_33' title="bbox 289 1714 1033 1755; baseline 0.005 -12"><span class='ocrx_word' id='word_1_175' title='bbox 289 1714 362 1744; x_wconf 68' lang='lat'>470.</span> <span class='ocrx_word' id='word_1_176' title='bbox 388 1714 500 1754; x_wconf 82' lang='lat' dir='ltr'>primo</span> <span class='ocrx_word' id='word_1_177' title='bbox 536 1715 678 1755; x_wconf 76' lang='lat' dir='ltr'>prodita</span> <span class='ocrx_word' id='word_1_178' title='bbox 715 1727 843 1746; x_wconf 85' lang='lat' dir='ltr'>somno.</span> <span class='ocrx_word' id='word_1_179' title='bbox 906 1719 1033 1747; x_wconf 82' lang='lat' dir='ltr'>Primus</span> 
     </span>
     <span class='ocr_line' id='line_1_34' title="bbox 243 1762 1032 1793; baseline 0.004 -4"><span class='ocrx_word' id='word_1_180' title='bbox 243 1762 326 1790; x_wconf 73' lang='lat' dir='ltr'>enim</span> <span class='ocrx_word' id='word_1_181' title='bbox 354 1770 485 1790; x_wconf 77' lang='lat' dir='ltr'>somnus</span> <span class='ocrx_word' id='word_1_182' title='bbox 511 1767 600 1791; x_wconf 77' lang='lat' dir='ltr'>artus</span> <span class='ocrx_word' id='word_1_183' title='bbox 633 1772 705 1791; x_wconf 79' lang='lat' dir='ltr'>esse</span> <span class='ocrx_word' id='word_1_184' title='bbox 735 1766 815 1792; x_wconf 82' lang='lat' dir='ltr'>solet</span> <span class='ocrx_word' id='word_1_185' title='bbox 837 1765 891 1793; x_wconf 80' lang='lat' dir='ltr'>sed</span> <span class='ocrx_word' id='word_1_186' title='bbox 915 1765 1032 1792; x_wconf 73' lang='lat' dir='ltr'>melius</span> 
     </span>
     <span class='ocr_line' id='line_1_35' title="bbox 241 1808 1033 1844; baseline 0.004 -10"><span class='ocrx_word' id='word_1_187' title='bbox 241 1812 290 1835; x_wconf 81' lang='lat' dir='ltr'>est</span> <span class='ocrx_word' id='word_1_188' title='bbox 327 1808 469 1841; x_wconf 74' lang='lat' dir='ltr'>accipere</span> <span class='ocrx_word' id='word_1_189' title='bbox 504 1817 579 1836; x_wconf 73' lang='lat' dir='ltr'>vere</span> <span class='ocrx_word' id='word_1_190' title='bbox 614 1810 751 1843; x_wconf 74' lang='lat' dir='ltr'>primuni</span> <span class='ocrx_word' id='word_1_191' title='bbox 788 1810 808 1837; x_wconf 90' lang='lat' dir='ltr'>i.</span> <span class='ocrx_word' id='word_1_192' title='bbox 844 1818 869 1837; x_wconf 89' lang='lat' dir='ltr'>e.</span> <span class='ocrx_word' id='word_1_193' title='bbox 913 1811 1033 1844; x_wconf 83' lang='lat' dir='ltr'>primae</span> 
     </span>
     <span class='ocr_line' id='line_1_36' title="bbox 241 1852 1030 1894; baseline 0.004 -14"><span class='ocrx_word' id='word_1_194' title='bbox 241 1853 342 1881; x_wconf 87' lang='lat' dir='ltr'>noctis</span> <span class='ocrx_word' id='word_1_195' title='bbox 372 1861 535 1884; x_wconf 84' lang='lat' dir='ltr'>somnum.</span> <span class='ocrx_word' id='word_1_196' title='bbox 573 1854 619 1882; x_wconf 82' lang='lat' dir='ltr'>ita</span> <span class='ocrx_word' id='word_1_197' title='bbox 654 1852 737 1894; x_wconf 81' lang='lat' dir='ltr'>Wg.</span> <span class='ocrx_word' id='word_1_198' title='bbox 786 1855 832 1883; x_wconf 86' lang='lat' dir='ltr'>Cf.</span> <span class='ocrx_word' id='word_1_199' title='bbox 865 1856 922 1883; x_wconf 86' lang='lat' dir='ltr'>Ov.</span> <span class='ocrx_word' id='word_1_200' title='bbox 958 1857 1030 1883; x_wconf 85' lang='lat' dir='ltr'>Her.</span> 
     </span>
     <span class='ocr_line' id='line_1_37' title="bbox 244 1895 842 1938; baseline 0.005 -13"><span class='ocrx_word' id='word_1_201' title='bbox 244 1896 277 1931; x_wconf 87' lang='grc'>1,</span> <span class='ocrx_word' id='word_1_202' title='bbox 306 1896 347 1925; x_wconf 73' lang='lat'>40</span> <span class='ocrx_word' id='word_1_203' title='bbox 380 1895 513 1927; x_wconf 76' lang='lat' dir='ltr'>Rhesus</span> <span class='ocrx_word' id='word_1_204' title='bbox 536 1907 652 1927; x_wconf 83' lang='lat' dir='ltr'>somno</span> <span class='ocrx_word' id='word_1_205' title='bbox 673 1896 842 1938; x_wconf 79' lang='lat' dir='ltr'>proditus.</span> 
     </span>
    </p>
   </div>
   <div class='ocr_carea' id='block_1_15' title="bbox 237 1952 1032 2663">
    <p class='ocr_par' dir='ltr' id='par_1_19' title="bbox 237 1952 1032 2663">
     <span class='ocr_line' id='line_1_38' title="bbox 286 1952 1032 1991; baseline 0.005 -10"><span class='ocrx_word' id='word_1_206' title='bbox 286 1952 361 1982; x_wconf 75' lang='lat'>471.</span> <span class='ocrx_word' id='word_1_207' title='bbox 391 1953 562 1984; x_wconf 80' lang='lat' dir='ltr'>vastabat.</span> <span class='ocrx_word' id='word_1_208' title='bbox 606 1958 655 1983; x_wconf 88' lang='lat' dir='ltr'>Ita</span> <span class='ocrx_word' id='word_1_209' title='bbox 678 1954 708 1991; x_wconf 81' lang='lat' dir='ltr'>S,</span> <span class='ocrx_word' id='word_1_210' title='bbox 732 1954 752 1983; x_wconf 82' lang='lat'>8</span> <span class='ocrx_word' id='word_1_211' title='bbox 779 1953 870 1984; x_wconf 77' lang='lat' dir='ltr'>latos</span> <span class='ocrx_word' id='word_1_212' title='bbox 892 1959 1032 1985; x_wconf 73' lang='lat' dir='ltr'>vastant</span> 
     </span>
     <span class='ocr_line' id='line_1_39' title="bbox 242 1997 1030 2038; baseline 0.005 -12"><span class='ocrx_word' id='word_1_213' title='bbox 242 1997 430 2028; x_wconf 75' lang='lat' dir='ltr'>cultoribus</span> <span class='ocrx_word' id='word_1_214' title='bbox 454 2008 579 2038; x_wconf 68' lang='lat' dir='ltr'>agros,</span> <span class='ocrx_word' id='word_1_215' title='bbox 619 2003 772 2030; x_wconf 85' lang='lat' dir='ltr'>delectum</span> <span class='ocrx_word' id='word_1_216' title='bbox 796 2004 965 2037; x_wconf 77' lang='lat' dir='ltr'>habentes,</span> <span class='ocrx_word' id='word_1_217' title='bbox 1002 2007 1030 2030; x_wconf 86' lang='lat' dir='ltr'>et</span> 
     </span>
     <span class='ocr_line' id='line_1_40' title="bbox 242 2045 1031 2085; baseline 0.001 -11"><span class='ocrx_word' id='word_1_218' title='bbox 242 2045 377 2079; x_wconf 69' lang='lat' dir='ltr'>(Caes.)</span> <span class='ocrx_word' id='word_1_219' title='bbox 405 2047 438 2073; x_wconf 90' lang='lat' dir='ltr'>B.</span> <span class='ocrx_word' id='word_1_220' title='bbox 466 2048 500 2073; x_wconf 82' lang='lat' dir='ltr'>G.</span> <span class='ocrx_word' id='word_1_221' title='bbox 534 2046 570 2079; x_wconf 72' lang='grc' dir='ltr'>δ,</span> <span class='ocrx_word' id='word_1_222' title='bbox 597 2045 638 2074; x_wconf 76' lang='grc'>24</span> <span class='ocrx_word' id='word_1_223' title='bbox 661 2045 754 2085; x_wconf 85' lang='lat' dir='ltr'>fines</span> <span class='ocrx_word' id='word_1_224' title='bbox 779 2049 919 2075; x_wconf 74' lang='lat' dir='ltr'>vastare</span> <span class='ocrx_word' id='word_1_225' title='bbox 949 2045 1031 2075; x_wconf 73' lang='lat' dir='ltr'>civi-</span> 
     </span>
     <span class='ocr_line' id='line_1_41' title="bbox 241 2089 1031 2129; baseline 0.008 -14"><span class='ocrx_word' id='word_1_226' title='bbox 241 2089 311 2118; x_wconf 79' lang='lat' dir='ltr'>bus.</span> <span class='ocrx_word' id='word_1_227' title='bbox 360 2091 405 2118; x_wconf 65' lang='lat' dir='ltr'>(ff.</span> <span class='ocrx_word' id='word_1_228' title='bbox 438 2089 609 2129; x_wconf 79' lang='lat' dir='ltr'>populare</span> <span class='ocrx_word' id='word_1_229' title='bbox 639 2090 715 2120; x_wconf 81' lang='grc'>527.</span> <span class='ocrx_word' id='word_1_230' title='bbox 765 2094 813 2120; x_wconf 83' lang='lat' dir='ltr'>Ila</span> <span class='ocrx_word' id='word_1_231' title='bbox 841 2094 877 2120; x_wconf 81' lang='grc'>110</span> <span class='ocrx_word' id='word_1_232' title='bbox 910 2094 1031 2122; x_wconf 80' lang='lat' dir='ltr'>delectu</span> 
     </span>
     <span class='ocr_line' id='line_1_42' title="bbox 241 2134 1032 2176; baseline 0.001 -12"><span class='ocrx_word' id='word_1_233' title='bbox 241 2138 317 2164; x_wconf 67' lang='lat' dir='ltr'>Stat.</span> <span class='ocrx_word' id='word_1_234' title='bbox 345 2137 440 2164; x_wconf 72' lang='lat' dir='ltr'>Theb.</span> <span class='ocrx_word' id='word_1_235' title='bbox 469 2135 505 2170; x_wconf 66' lang='lat'>⁴.</span> <span class='ocrx_word' id='word_1_236' title='bbox 530 2136 570 2164; x_wconf 75' lang='lat'>36</span> <span class='ocrx_word' id='word_1_237' title='bbox 602 2140 752 2176; x_wconf 76' lang='lat' dir='ltr'>quantas</span> <span class='ocrx_word' id='word_1_238' title='bbox 779 2134 917 2176; x_wconf 83' lang='lat' dir='ltr'>populis</span> <span class='ocrx_word' id='word_1_239' title='bbox 941 2136 1032 2166; x_wconf 77' lang='lat' dir='ltr'>sola-</span> 
     </span>
     <span class='ocr_line' id='line_1_43' title="bbox 241 2179 1031 2217; baseline 0.004 -9"><span class='ocrx_word' id='word_1_240' title='bbox 241 2179 327 2209; x_wconf 68' lang='lat' dir='ltr'>verit</span> <span class='ocrx_word' id='word_1_241' title='bbox 356 2180 463 2209; x_wconf 72' lang='lat' dir='ltr'>urbes.</span> <span class='ocrx_word' id='word_1_242' title='bbox 520 2184 610 2210; x_wconf 74' lang='lat' dir='ltr'>Adde</span> <span class='ocrx_word' id='word_1_243' title='bbox 636 2184 713 2211; x_wconf 82' lang='lat' dir='ltr'>Sall.</span> <span class='ocrx_word' id='word_1_244' title='bbox 741 2185 808 2217; x_wconf 62' lang='lat' dir='ltr'>lug.</span> <span class='ocrx_word' id='word_1_245' title='bbox 837 2180 878 2210; x_wconf 72' lang='lat'>48</span> <span class='ocrx_word' id='word_1_246' title='bbox 913 2187 1031 2213; x_wconf 75' lang='lat' dir='ltr'>vastus</span> 
     </span>
     <span class='ocr_line' id='line_1_44' title="bbox 240 2225 1031 2265; baseline 0.003 -11"><span class='ocrx_word' id='word_1_247' title='bbox 240 2225 282 2254; x_wconf 83' lang='lat' dir='ltr'>ab</span> <span class='ocrx_word' id='word_1_248' title='bbox 316 2230 443 2255; x_wconf 74' lang='lat' dir='ltr'>natura</span> <span class='ocrx_word' id='word_1_249' title='bbox 483 2229 513 2255; x_wconf 84' lang='lat' dir='ltr'>et</span> <span class='ocrx_word' id='word_1_250' title='bbox 551 2225 702 2256; x_wconf 82' lang='lat' dir='ltr'>humano</span> <span class='ocrx_word' id='word_1_251' title='bbox 739 2226 845 2256; x_wconf 81' lang='lat' dir='ltr'>cultu.</span> <span class='ocrx_word' id='word_1_252' title='bbox 896 2230 967 2257; x_wconf 82' lang='lat' dir='ltr'>Liv.</span> <span class='ocrx_word' id='word_1_253' title='bbox 1001 2227 1031 2265; x_wconf 89' lang='grc'>2,</span> 
     </span>
     <span class='ocr_line' id='line_1_45' title="bbox 240 2269 1030 2313; baseline 0.006 -15"><span class='ocrx_word' id='word_1_254' title='bbox 240 2270 282 2298; x_wconf 81' lang='grc'>50</span> <span class='ocrx_word' id='word_1_255' title='bbox 319 2269 510 2310; x_wconf 73' lang='lat' dir='ltr'>agrestium</span> <span class='ocrx_word' id='word_1_256' title='bbox 539 2271 638 2311; x_wconf 76' lang='lat' dir='ltr'>fuga</span> <span class='ocrx_word' id='word_1_257' title='bbox 669 2271 761 2302; x_wconf 69' lang='lat' dir='ltr'>vasti</span> <span class='ocrx_word' id='word_1_258' title='bbox 793 2271 906 2302; x_wconf 78' lang='lat' dir='ltr'>relicti</span> <span class='ocrx_word' id='word_1_259' title='bbox 938 2272 1030 2313; x_wconf 66' lang='lat' dir='ltr'>agri.</span> 
     </span>
     <span class='ocr_line' id='line_1_46' title="bbox 240 2318 1032 2355; baseline 0.004 -10"><span class='ocrx_word' id='word_1_260' title='bbox 240 2318 361 2345; x_wconf 83' lang='lat' dir='ltr'>Deinde</span> <span class='ocrx_word' id='word_1_261' title='bbox 384 2318 479 2345; x_wconf 77' lang='lat' dir='ltr'>etiam</span> <span class='ocrx_word' id='word_1_262' title='bbox 506 2319 623 2347; x_wconf 88' lang='lat' dir='ltr'>dictum</span> <span class='ocrx_word' id='word_1_263' title='bbox 649 2320 685 2347; x_wconf 88' lang='lat' dir='ltr'>de</span> <span class='ocrx_word' id='word_1_264' title='bbox 710 2320 768 2355; x_wconf 82' lang='lat' dir='ltr'>iis,</span> <span class='ocrx_word' id='word_1_265' title='bbox 800 2320 851 2353; x_wconf 84' lang='lat' dir='ltr'>qui</span> <span class='ocrx_word' id='word_1_266' title='bbox 884 2320 915 2347; x_wconf 93' lang='lat' dir='ltr'>in</span> <span class='ocrx_word' id='word_1_267' title='bbox 941 2328 1032 2354; x_wconf 82' lang='lat' dir='ltr'>proe-</span> 
     </span>
     <span class='ocr_line' id='line_1_47' title="bbox 238 2362 1031 2401; baseline 0.004 -11"><span class='ocrx_word' id='word_1_268' title='bbox 238 2363 282 2390; x_wconf 91' lang='lat' dir='ltr'>lio</span> <span class='ocrx_word' id='word_1_269' title='bbox 308 2364 393 2391; x_wconf 83' lang='grc'>03051</span> <span class='ocrx_word' id='word_1_270' title='bbox 421 2368 504 2391; x_wconf 78' lang='lat' dir='ltr'>sunt.</span> <span class='ocrx_word' id='word_1_271' title='bbox 554 2364 599 2392; x_wconf 82' lang='lat' dir='ltr'>Cf.</span> <span class='ocrx_word' id='word_1_272' title='bbox 635 2362 670 2401; x_wconf 89' lang='grc'>9,</span> <span class='ocrx_word' id='word_1_273' title='bbox 698 2362 762 2391; x_wconf 82' lang='grc'>323</span> <span class='ocrx_word' id='word_1_274' title='bbox 795 2366 934 2393; x_wconf 76' lang='lat' dir='ltr'>vastare</span> <span class='ocrx_word' id='word_1_275' title='bbox 960 2373 1031 2393; x_wconf 84' lang='lat' dir='ltr'>cor-</span> 
     </span>
     <span class='ocr_line' id='line_1_48' title="bbox 237 2406 1031 2449; baseline 0.005 -14"><span class='ocrx_word' id='word_1_276' title='bbox 237 2416 324 2447; x_wconf 85' lang='lat' dir='ltr'>pora</span> <span class='ocrx_word' id='word_1_277' title='bbox 350 2413 377 2436; x_wconf 88' lang='lat' dir='ltr'>et</span> <span class='ocrx_word' id='word_1_278' title='bbox 405 2406 465 2436; x_wconf 80' lang='lat'>771</span> <span class='ocrx_word' id='word_1_279' title='bbox 499 2407 658 2444; x_wconf 84' lang='lat' dir='ltr'>ferarum</span> <span class='ocrx_word' id='word_1_280' title='bbox 694 2411 899 2438; x_wconf 69' lang='lat' dir='ltr'>vastatorem</span> <span class='ocrx_word' id='word_1_281' title='bbox 929 2408 1031 2449; x_wconf 60' lang='grc' dir='ltr'>ΑΜ]-</span> 
     </span>
     <span class='ocr_line' id='line_1_49' title="bbox 239 2451 1031 2492; baseline 0.005 -12"><span class='ocrx_word' id='word_1_282' title='bbox 239 2461 325 2480; x_wconf 73' lang='lat' dir='ltr'>cnm.</span> <span class='ocrx_word' id='word_1_283' title='bbox 385 2456 442 2482; x_wconf 83' lang='lat' dir='ltr'>Ov.</span> <span class='ocrx_word' id='word_1_284' title='bbox 477 2456 516 2481; x_wconf 74' lang='lat' dir='ltr'>M.</span> <span class='ocrx_word' id='word_1_285' title='bbox 556 2451 614 2487; x_wconf 76' lang='lat'>13,</span> <span class='ocrx_word' id='word_1_286' title='bbox 654 2452 717 2481; x_wconf 78' lang='grc'>255</span> <span class='ocrx_word' id='word_1_287' title='bbox 757 2452 1031 2492; x_wconf 69' lang='lat' dir='ltr'>Qnidreseram</span> 
     </span>
     <span class='ocr_line' id='line_1_50' title="bbox 243 2496 1031 2539; baseline 0.005 -15"><span class='ocrx_word' id='word_1_288' title='bbox 243 2496 458 2537; x_wconf 73' lang='lat' dir='ltr'>Sarpedonis</span> <span class='ocrx_word' id='word_1_289' title='bbox 504 2497 651 2539; x_wconf 74' lang='lat' dir='ltr'>agmina</span> <span class='ocrx_word' id='word_1_290' title='bbox 699 2498 793 2536; x_wconf 75' lang='lat' dir='ltr'>ferro</span> <span class='ocrx_word' id='word_1_291' title='bbox 839 2497 1031 2529; x_wconf 66' lang='lat' dir='ltr'>venustata</span> 
     </span>
     <span class='ocr_line' id='line_1_51' title="bbox 238 2539 1032 2580; baseline 0.004 -10"><span class='ocrx_word' id='word_1_292' title='bbox 238 2539 338 2570; x_wconf 80' lang='lat' dir='ltr'>meo?</span> <span class='ocrx_word' id='word_1_293' title='bbox 368 2560 404 2564; x_wconf 76' lang='lat'>—</span> <span class='ocrx_word' id='word_1_294' title='bbox 439 2542 607 2573; x_wconf 65' lang='lat' dir='ltr'>I&#39;asrabat</span> <span class='ocrx_word' id='word_1_295' title='bbox 632 2545 725 2580; x_wconf 79' lang='lat' dir='ltr'>inm.,</span> <span class='ocrx_word' id='word_1_296' title='bbox 752 2552 825 2573; x_wconf 85' lang='lat' dir='ltr'>nam</span> <span class='ocrx_word' id='word_1_297' title='bbox 850 2545 880 2573; x_wconf 88' lang='lat' dir='ltr'>in</span> <span class='ocrx_word' id='word_1_298' title='bbox 909 2546 1032 2579; x_wconf 76' lang='lat' dir='ltr'>pictura</span> 
     </span>
     <span class='ocr_line' id='line_1_52' title="bbox 239 2588 1030 2625; baseline 0.004 -10"><span class='ocrx_word' id='word_1_299' title='bbox 239 2593 326 2616; x_wconf 84' lang='lat' dir='ltr'>erant</span> <span class='ocrx_word' id='word_1_300' title='bbox 357 2590 419 2617; x_wconf 89' lang='lat' dir='ltr'>iam</span> <span class='ocrx_word' id='word_1_301' title='bbox 455 2591 545 2618; x_wconf 82' lang='lat' dir='ltr'>multi</span> <span class='ocrx_word' id='word_1_302' title='bbox 582 2591 687 2625; x_wconf 82' lang='lat' dir='ltr'>caesi3</span> <span class='ocrx_word' id='word_1_303' title='bbox 727 2588 853 2619; x_wconf 77' lang='lat' dir='ltr'>avertit</span> <span class='ocrx_word' id='word_1_304' title='bbox 884 2591 959 2624; x_wconf 69' lang='lat' dir='ltr'>perf.</span> <span class='ocrx_word' id='word_1_305' title='bbox 985 2595 1030 2618; x_wconf 82' lang='lat' dir='ltr'>est</span> 
     </span>
     <span class='ocr_line' id='line_1_53' title="bbox 239 2633 488 2663; baseline 0.012 -3"><span class='ocrx_word' id='word_1_306' title='bbox 239 2633 356 2661; x_wconf 76' lang='lat' dir='ltr'>sactum</span> <span class='ocrx_word' id='word_1_307' title='bbox 382 2643 488 2663; x_wconf 81' lang='lat' dir='ltr'>tinum.</span> 
     </span>
    </p>
   </div>
   <div class='ocr_carea' id='block_1_16' title="bbox 285 2686 870 2727">
    <p class='ocr_par' dir='ltr' id='par_1_20' title="bbox 285 2686 870 2727">
     <span class='ocr_line' id='line_1_54' title="bbox 285 2686 870 2727; baseline 0.009 -13"><span class='ocrx_word' id='word_1_308' title='bbox 285 2686 358 2716; x_wconf 69' lang='lat'>452.</span> <span class='ocrx_word' id='word_1_309' title='bbox 388 2688 564 2727; x_wconf 61' lang='lat' dir='ltr'>ardentes,</span> <span class='ocrx_word' id='word_1_310' title='bbox 592 2692 698 2719; x_wconf 82' lang='lat' dir='ltr'>animo</span> <span class='ocrx_word' id='word_1_311' title='bbox 722 2691 870 2720; x_wconf 77' lang='lat' dir='ltr'>fervidos.</span> 
     </span>
    </p>
   </div>
   <div class='ocr_carea' id='block_1_17' title="bbox 236 2742 1030 3056">
    <p class='ocr_par' dir='ltr' id='par_1_21' title="bbox 236 2742 1030 3056">
     <span class='ocr_line' id='line_1_55' title="bbox 285 2742 1030 2784; baseline 0.004 -12"><span class='ocrx_word' id='word_1_312' title='bbox 285 2742 359 2773; x_wconf 74' lang='lat'>475.</span> <span class='ocrx_word' id='word_1_313' title='bbox 387 2747 513 2774; x_wconf 75' lang='lat' dir='ltr'>Troilus</span> <span class='ocrx_word' id='word_1_314' title='bbox 556 2748 677 2775; x_wconf 87' lang='lat' dir='ltr'>Priami</span> <span class='ocrx_word' id='word_1_315' title='bbox 726 2748 811 2776; x_wconf 86' lang='lat' dir='ltr'>filius</span> <span class='ocrx_word' id='word_1_316' title='bbox 858 2748 1030 2784; x_wconf 63' lang='lat' dir='ltr'>„minimus</span> 
     </span>
     <span class='ocr_line' id='line_1_56' title="bbox 238 2792 1029 2827; baseline 0.005 -10"><span class='ocrx_word' id='word_1_317' title='bbox 238 2794 331 2824; x_wconf 74' lang='lat' dir='ltr'>natu,</span> <span class='ocrx_word' id='word_1_318' title='bbox 377 2799 436 2819; x_wconf 91' lang='lat' dir='ltr'>non</span> <span class='ocrx_word' id='word_1_319' title='bbox 479 2793 584 2819; x_wconf 81' lang='lat' dir='ltr'>minus</span> <span class='ocrx_word' id='word_1_320' title='bbox 626 2793 714 2821; x_wconf 83' lang='lat' dir='ltr'>fortis</span> <span class='ocrx_word' id='word_1_321' title='bbox 757 2800 851 2827; x_wconf 71' lang='lat' dir='ltr'>(uiam</span> <span class='ocrx_word' id='word_1_322' title='bbox 897 2792 1029 2821; x_wconf 39' lang='lat' dir='ltr'>lla-seton·</span> 
     </span>
     <span class='ocr_line' id='line_1_57' title="bbox 239 2834 1027 2875; baseline 0.004 -12"><span class='ocrx_word' id='word_1_323' title='bbox 239 2836 340 2864; x_wconf 76' lang='lat' dir='ltr'>Dares</span> <span class='ocrx_word' id='word_1_324' title='bbox 365 2845 389 2865; x_wconf 87' lang='lat' dir='ltr'>c.</span> <span class='ocrx_word' id='word_1_325' title='bbox 416 2834 446 2871; x_wconf 88' lang='grc'>7,</span> <span class='ocrx_word' id='word_1_326' title='bbox 474 2838 640 2865; x_wconf 82' lang='lat' dir='ltr'>admodum</span> <span class='ocrx_word' id='word_1_327' title='bbox 666 2839 794 2866; x_wconf 78' lang='lat' dir='ltr'>iuvenis</span> <span class='ocrx_word' id='word_1_328' title='bbox 817 2838 910 2871; x_wconf 81' lang='lat' dir='ltr'>(Hor.</span> <span class='ocrx_word' id='word_1_329' title='bbox 937 2839 970 2866; x_wconf 85' lang='lat' dir='ltr'>C.</span> <span class='ocrx_word' id='word_1_330' title='bbox 997 2837 1027 2875; x_wconf 97' lang='grc'>2,</span> 
     </span>
     <span class='ocr_line' id='line_1_58' title="bbox 239 2878 1028 2919; baseline 0.006 -12"><span class='ocrx_word' id='word_1_331' title='bbox 239 2878 274 2909; x_wconf 88' lang='grc'>9.</span> <span class='ocrx_word' id='word_1_332' title='bbox 317 2878 354 2907; x_wconf 81' lang='grc'>15</span> <span class='ocrx_word' id='word_1_333' title='bbox 394 2878 559 2918; x_wconf 77' lang='lat' dir='ltr'>impubem</span> <span class='ocrx_word' id='word_1_334' title='bbox 600 2880 759 2919; x_wconf 73' lang='lat' dir='ltr'>Troilon)</span> <span class='ocrx_word' id='word_1_335' title='bbox 792 2889 865 2912; x_wconf 86' lang='lat' dir='ltr'>ante</span> <span class='ocrx_word' id='word_1_336' title='bbox 896 2888 1028 2919; x_wconf 72' lang='lat' dir='ltr'>tempus,</span> 
     </span>
     <span class='ocr_line' id='line_1_59' title="bbox 237 2927 1028 2963; baseline 0.006 -10"><span class='ocrx_word' id='word_1_337' title='bbox 237 2928 318 2960; x_wconf 82' lang='lat' dir='ltr'>quod</span> <span class='ocrx_word' id='word_1_338' title='bbox 343 2927 489 2955; x_wconf 63' lang='lat' dir='ltr'>describit</span> <span class='ocrx_word' id='word_1_339' title='bbox 513 2927 604 2959; x_wconf 74' lang='lat' dir='ltr'>Ilias.</span> <span class='ocrx_word' id='word_1_340' title='bbox 635 2936 706 2956; x_wconf 84' lang='lat' dir='ltr'>cum</span> <span class='ocrx_word' id='word_1_341' title='bbox 730 2930 858 2957; x_wconf 83' lang='lat' dir='ltr'>Achille</span> <span class='ocrx_word' id='word_1_342' title='bbox 881 2937 1028 2963; x_wconf 67' lang='lat' dir='ltr'>congres-</span> 
     </span>
     <span class='ocr_line' id='line_1_60' title="bbox 237 2972 1027 3012; baseline 0.004 -13"><span class='ocrx_word' id='word_1_343' title='bbox 237 2980 309 3007; x_wconf 82' lang='lat' dir='ltr'>sus,</span> <span class='ocrx_word' id='word_1_344' title='bbox 353 2976 440 3000; x_wconf 80' lang='lat' dir='ltr'>scuto</span> <span class='ocrx_word' id='word_1_345' title='bbox 479 2972 599 3000; x_wconf 80' lang='lat' dir='ltr'>amisso</span> <span class='ocrx_word' id='word_1_346' title='bbox 639 2977 667 3001; x_wconf 84' lang='lat' dir='ltr'>et</span> <span class='ocrx_word' id='word_1_347' title='bbox 699 2982 715 3002; x_wconf 84' lang='lat' dir='ltr'>e</span> <span class='ocrx_word' id='word_1_348' title='bbox 746 2983 839 3003; x_wconf 87' lang='lat' dir='ltr'>curru</span> <span class='ocrx_word' id='word_1_349' title='bbox 876 2976 1027 3012; x_wconf 83' lang='lat' dir='ltr'>deiectus,</span> 
     </span>
     <span class='ocr_line' id='line_1_61' title="bbox 236 3017 1028 3056; baseline 0.005 -11"><span class='ocrx_word' id='word_1_350' title='bbox 236 3025 332 3050; x_wconf 81' lang='lat' dir='ltr'>quum</span> <span class='ocrx_word' id='word_1_351' title='bbox 358 3018 425 3046; x_wconf 85' lang='lat' dir='ltr'>lora</span> <span class='ocrx_word' id='word_1_352' title='bbox 454 3025 516 3046; x_wconf 89' lang='lat' dir='ltr'>non</span> <span class='ocrx_word' id='word_1_353' title='bbox 540 3017 723 3056; x_wconf 80' lang='lat' dir='ltr'>remitteret,</span> <span class='ocrx_word' id='word_1_354' title='bbox 760 3020 851 3055; x_wconf 83' lang='lat' dir='ltr'>equis</span> <span class='ocrx_word' id='word_1_355' title='bbox 876 3029 931 3055; x_wconf 75' lang='lat' dir='ltr'>per</span> <span class='ocrx_word' id='word_1_356' title='bbox 957 3022 1028 3055; x_wconf 85' lang='lat' dir='ltr'>pul-</span> 
     </span>
    </p>
   </div>
   <div class='ocr_carea' id='block_1_18' title="bbox 1078 1203 1869 1600">
    <p class='ocr_par' dir='ltr' id='par_1_22' title="bbox 1078 1203 1869 1600">
     <span class='ocr_line' id='line_1_62' title="bbox 1080 1203 1869 1243; baseline -0.005 -7"><span class='ocrx_word' id='word_1_357' title='bbox 1080 1216 1188 1237; x_wconf 75' lang='lat' dir='ltr'>verem</span> <span class='ocrx_word' id='word_1_358' title='bbox 1214 1207 1362 1243; x_wconf 73' lang='lat' dir='ltr'>trahitur,</span> <span class='ocrx_word' id='word_1_359' title='bbox 1396 1208 1490 1234; x_wconf 78' lang='lat' dir='ltr'>hasta</span> <span class='ocrx_word' id='word_1_360' title='bbox 1520 1212 1573 1240; x_wconf 79' lang='lat' dir='ltr'>per</span> <span class='ocrx_word' id='word_1_361' title='bbox 1602 1211 1715 1238; x_wconf 76' lang='lat' dir='ltr'>corpus</span> <span class='ocrx_word' id='word_1_362' title='bbox 1739 1203 1869 1233; x_wconf 78' lang='lat' dir='ltr'>traiecta</span> 
     </span>
     <span class='ocr_line' id='line_1_63' title="bbox 1080 1247 1868 1287; baseline -0.008 -5"><span class='ocrx_word' id='word_1_363' title='bbox 1080 1255 1244 1287; x_wconf 80' lang='lat' dir='ltr'>pulverem</span> <span class='ocrx_word' id='word_1_364' title='bbox 1283 1252 1481 1281; x_wconf 79' lang='lat' dir='ltr'>inscribente.</span> <span class='ocrx_word' id='word_1_365' title='bbox 1539 1250 1585 1279; x_wconf 85' lang='lat' dir='ltr'>Cf.</span> <span class='ocrx_word' id='word_1_366' title='bbox 1617 1251 1707 1278; x_wconf 88' lang='lat' dir='ltr'>Hom.</span> <span class='ocrx_word' id='word_1_367' title='bbox 1740 1251 1778 1278; x_wconf 90' lang='lat' dir='ltr'>Il.</span> <span class='ocrx_word' id='word_1_368' title='bbox 1815 1247 1868 1286; x_wconf 72' lang='lat'>24,</span> 
     </span>
     <span class='ocr_line' id='line_1_64' title="bbox 1080 1292 1869 1332; baseline -0.006 -5"><span class='ocrx_word' id='word_1_369' title='bbox 1080 1296 1155 1327; x_wconf 78' lang='lat'>257.</span> <span class='ocrx_word' id='word_1_370' title='bbox 1186 1314 1222 1317; x_wconf 87' lang='lat'>—</span> <span class='ocrx_word' id='word_1_371' title='bbox 1258 1299 1436 1326; x_wconf 80' lang='lat' dir='ltr'>Secundum</span> <span class='ocrx_word' id='word_1_372' title='bbox 1460 1298 1562 1324; x_wconf 83' lang='lat' dir='ltr'>Plaut.</span> <span class='ocrx_word' id='word_1_373' title='bbox 1591 1295 1738 1324; x_wconf 82' lang='lat' dir='ltr'>Bacchid.</span> <span class='ocrx_word' id='word_1_374' title='bbox 1770 1295 1806 1331; x_wconf 75' lang='lat'>4,</span> <span class='ocrx_word' id='word_1_375' title='bbox 1838 1292 1869 1332; x_wconf 88' lang='grc'>9,</span> 
     </span>
     <span class='ocr_line' id='line_1_65' title="bbox 1081 1341 1868 1376; baseline -0.005 -4"><span class='ocrx_word' id='word_1_376' title='bbox 1081 1342 1122 1372; x_wconf 85' lang='grc'>30</span> <span class='ocrx_word' id='word_1_377' title='bbox 1157 1344 1227 1372; x_wconf 82' lang='grc'>01115</span> <span class='ocrx_word' id='word_1_378' title='bbox 1261 1344 1329 1372; x_wconf 85' lang='lat' dir='ltr'>vita</span> <span class='ocrx_word' id='word_1_379' title='bbox 1361 1346 1428 1371; x_wconf 85' lang='lat' dir='ltr'>erat</span> <span class='ocrx_word' id='word_1_380' title='bbox 1466 1343 1546 1370; x_wconf 85' lang='lat' dir='ltr'>inter</span> <span class='ocrx_word' id='word_1_381' title='bbox 1577 1341 1691 1369; x_wconf 80' lang='lat' dir='ltr'>Troiae</span> <span class='ocrx_word' id='word_1_382' title='bbox 1725 1341 1868 1376; x_wconf 81' lang='lat' dir='ltr'>pignora.</span> 
     </span>
     <span class='ocr_line' id='line_1_66' title="bbox 1080 1384 1869 1424; baseline -0.006 -6"><span class='ocrx_word' id='word_1_383' title='bbox 1080 1389 1246 1424; x_wconf 74' lang='lat' dir='ltr'>Apollinis</span> <span class='ocrx_word' id='word_1_384' title='bbox 1280 1391 1453 1417; x_wconf 75' lang='lat' dir='ltr'>habebatur</span> <span class='ocrx_word' id='word_1_385' title='bbox 1489 1387 1573 1415; x_wconf 86' lang='lat' dir='ltr'>filius</span> <span class='ocrx_word' id='word_1_386' title='bbox 1604 1387 1711 1421; x_wconf 85' lang='lat' dir='ltr'>Apoll.</span> <span class='ocrx_word' id='word_1_387' title='bbox 1745 1384 1780 1422; x_wconf 80' lang='lat'>3,</span> <span class='ocrx_word' id='word_1_388' title='bbox 1818 1384 1869 1423; x_wconf 89' lang='grc'>12,</span> 
     </span>
     <span class='ocr_line' id='line_1_67' title="bbox 1081 1432 1869 1466; baseline -0.006 -2"><span class='ocrx_word' id='word_1_389' title='bbox 1081 1435 1100 1463; x_wconf 80' lang='grc'><em>5</em></span> <span class='ocrx_word' id='word_1_390' title='bbox 1132 1439 1162 1463; x_wconf 82' lang='lat' dir='ltr'>et</span> <span class='ocrx_word' id='word_1_391' title='bbox 1192 1436 1364 1463; x_wconf 80' lang='lat' dir='ltr'>secundum</span> <span class='ocrx_word' id='word_1_392' title='bbox 1393 1434 1477 1462; x_wconf 89' lang='lat' dir='ltr'>alios</span> <span class='ocrx_word' id='word_1_393' title='bbox 1509 1435 1548 1461; x_wconf 88' lang='lat' dir='ltr'>ab</span> <span class='ocrx_word' id='word_1_394' title='bbox 1575 1432 1704 1460; x_wconf 87' lang='lat' dir='ltr'>Achille</span> <span class='ocrx_word' id='word_1_395' title='bbox 1736 1432 1770 1460; x_wconf 88' lang='lat' dir='ltr'>in</span> <span class='ocrx_word' id='word_1_396' title='bbox 1796 1432 1869 1466; x_wconf 80' lang='lat' dir='ltr'>ipsa</span> 
     </span>
     <span class='ocr_line' id='line_1_68' title="bbox 1079 1477 1869 1515; baseline -0.005 -6"><span class='ocrx_word' id='word_1_397' title='bbox 1079 1488 1137 1509; x_wconf 85' lang='lat' dir='ltr'>ara</span> <span class='ocrx_word' id='word_1_398' title='bbox 1152 1481 1317 1515; x_wconf 85' lang='lat' dir='ltr'>Apollinis</span> <span class='ocrx_word' id='word_1_399' title='bbox 1334 1479 1527 1515; x_wconf 79' lang='lat' dir='ltr'>Thymbraei</span> <span class='ocrx_word' id='word_1_400' title='bbox 1546 1477 1673 1506; x_wconf 87' lang='lat' dir='ltr'>occisus</span> <span class='ocrx_word' id='word_1_401' title='bbox 1696 1481 1753 1513; x_wconf 82' lang='lat' dir='ltr'>est,</span> <span class='ocrx_word' id='word_1_402' title='bbox 1776 1485 1869 1512; x_wconf 87' lang='lat' dir='ltr'>quem</span> 
     </span>
     <span class='ocr_line' id='line_1_69' title="bbox 1078 1523 1867 1557; baseline -0.005 -3"><span class='ocrx_word' id='word_1_403' title='bbox 1078 1528 1205 1555; x_wconf 87' lang='lat' dir='ltr'>ulturus</span> <span class='ocrx_word' id='word_1_404' title='bbox 1236 1527 1314 1554; x_wconf 85' lang='lat' dir='ltr'>deus</span> <span class='ocrx_word' id='word_1_405' title='bbox 1340 1525 1465 1554; x_wconf 89' lang='lat' dir='ltr'>Achilli</span> <span class='ocrx_word' id='word_1_406' title='bbox 1496 1527 1627 1552; x_wconf 88' lang='lat' dir='ltr'>mortem</span> <span class='ocrx_word' id='word_1_407' title='bbox 1657 1523 1794 1557; x_wconf 82' lang='lat' dir='ltr'>paravit.</span> <span class='ocrx_word' id='word_1_408' title='bbox 1829 1538 1867 1542; x_wconf 92' lang='lat'>—</span> 
     </span>
     <span class='ocr_line' id='line_1_70' title="bbox 1081 1566 1720 1600; baseline -0.006 0"><span class='ocrx_word' id='word_1_409' title='bbox 1081 1568 1218 1600; x_wconf 81' lang='lat' dir='ltr'>amissis</span> <span class='ocrx_word' id='word_1_410' title='bbox 1240 1568 1347 1599; x_wconf 81' lang='lat' dir='ltr'>armis</span> <span class='ocrx_word' id='word_1_411' title='bbox 1374 1571 1394 1599; x_wconf 89' lang='lat' dir='ltr'>i.</span> <span class='ocrx_word' id='word_1_412' title='bbox 1420 1579 1446 1598; x_wconf 88' lang='lat' dir='ltr'>e.</span> <span class='ocrx_word' id='word_1_413' title='bbox 1470 1573 1558 1598; x_wconf 86' lang='lat' dir='ltr'>scuto</span> <span class='ocrx_word' id='word_1_414' title='bbox 1582 1568 1619 1598; x_wconf 87' lang='lat' dir='ltr'>cf.</span> <span class='ocrx_word' id='word_1_415' title='bbox 1647 1566 1720 1596; x_wconf 88' lang='grc'>119.</span> 
     </span>
    </p>
   </div>
   <div class='ocr_carea' id='block_1_19' title="bbox 1070 1622 1871 2389">
    <p class='ocr_par' dir='ltr' id='par_1_23' title="bbox 1070 1622 1871 1983">
     <span class='ocr_line' id='line_1_71' title="bbox 1127 1622 1871 1656; baseline -0.004 0"><span class='ocrx_word' id='word_1_416' title='bbox 1127 1625 1201 1656; x_wconf 75' lang='grc'>478.</span> <span class='ocrx_word' id='word_1_417' title='bbox 1228 1624 1437 1656; x_wconf 77' lang='lat' dir='ltr'>inscribitur.</span> <span class='ocrx_word' id='word_1_418' title='bbox 1480 1627 1575 1654; x_wconf 88' lang='lat' dir='ltr'>Recte</span> <span class='ocrx_word' id='word_1_419' title='bbox 1592 1629 1621 1654; x_wconf 81' lang='lat' dir='ltr'>et</span> <span class='ocrx_word' id='word_1_420' title='bbox 1643 1622 1784 1654; x_wconf 79' lang='lat' dir='ltr'>inscribi</span> <span class='ocrx_word' id='word_1_421' title='bbox 1803 1622 1871 1653; x_wconf 89' lang='lat' dir='ltr'>ali-</span> 
     </span>
     <span class='ocr_line' id='line_1_72' title="bbox 1082 1668 1871 1711; baseline -0.004 -10"><span class='ocrx_word' id='word_1_422' title='bbox 1082 1671 1136 1702; x_wconf 85' lang='grc' dir='ltr'>01ιί</span> <span class='ocrx_word' id='word_1_423' title='bbox 1160 1671 1210 1701; x_wconf 85' lang='lat' dir='ltr'>rei</span> <span class='ocrx_word' id='word_1_424' title='bbox 1233 1669 1368 1711; x_wconf 79' lang='lat' dir='ltr'>aliquid</span> <span class='ocrx_word' id='word_1_425' title='bbox 1394 1675 1424 1700; x_wconf 88' lang='lat' dir='ltr'>et</span> <span class='ocrx_word' id='word_1_426' title='bbox 1448 1668 1584 1710; x_wconf 80' lang='lat' dir='ltr'>aliquid</span> <span class='ocrx_word' id='word_1_427' title='bbox 1610 1668 1731 1710; x_wconf 77' lang='lat' dir='ltr'>aliqua</span> <span class='ocrx_word' id='word_1_428' title='bbox 1756 1679 1792 1699; x_wconf 86' lang='lat' dir='ltr'>re</span> <span class='ocrx_word' id='word_1_429' title='bbox 1817 1669 1871 1699; x_wconf 81' lang='lat' dir='ltr'>di-</span> 
     </span>
     <span class='ocr_line' id='line_1_73' title="bbox 1080 1716 1869 1754; baseline -0.003 -7"><span class='ocrx_word' id='word_1_430' title='bbox 1080 1717 1169 1747; x_wconf 77' lang='lat' dir='ltr'>citur</span> <span class='ocrx_word' id='word_1_431' title='bbox 1191 1718 1231 1747; x_wconf 83' lang='lat' dir='ltr'>cf.</span> <span class='ocrx_word' id='word_1_432' title='bbox 1258 1717 1287 1753; x_wconf 78' lang='lat' dir='ltr'>ti,</span> <span class='ocrx_word' id='word_1_433' title='bbox 1314 1716 1396 1753; x_wconf 75' lang='lat'>2293</span> <span class='ocrx_word' id='word_1_434' title='bbox 1428 1721 1458 1745; x_wconf 88' lang='lat' dir='ltr'>et</span> <span class='ocrx_word' id='word_1_435' title='bbox 1483 1717 1511 1745; x_wconf 84' lang='lat' dir='ltr'>si</span> <span class='ocrx_word' id='word_1_436' title='bbox 1536 1725 1597 1744; x_wconf 93' lang='lat' dir='ltr'>non</span> <span class='ocrx_word' id='word_1_437' title='bbox 1621 1716 1814 1754; x_wconf 83' lang='lat' dir='ltr'>offendimur,</span> <span class='ocrx_word' id='word_1_438' title='bbox 1839 1717 1869 1746; x_wconf 85' lang='lat' dir='ltr'>si</span> 
     </span>
     <span class='ocr_line' id='line_1_74' title="bbox 1081 1760 1870 1802; baseline -0.003 -9"><span class='ocrx_word' id='word_1_439' title='bbox 1081 1765 1190 1793; x_wconf 83' lang='lat' dir='ltr'>Cicero</span> <span class='ocrx_word' id='word_1_440' title='bbox 1226 1764 1315 1791; x_wconf 74' lang='lat' dir='ltr'>Verr.</span> <span class='ocrx_word' id='word_1_441' title='bbox 1355 1761 1390 1799; x_wconf 87' lang='grc'>2,</span> <span class='ocrx_word' id='word_1_442' title='bbox 1432 1760 1472 1789; x_wconf 86' lang='grc'>69</span> <span class='ocrx_word' id='word_1_443' title='bbox 1512 1764 1649 1790; x_wconf 75' lang='lat' dir='ltr'>statuae</span> <span class='ocrx_word' id='word_1_444' title='bbox 1686 1764 1870 1802; x_wconf 79' lang='lat' dir='ltr'>equestres,</span> 
     </span>
     <span class='ocr_line' id='line_1_75' title="bbox 1081 1803 1869 1848; baseline -0.001 -11"><span class='ocrx_word' id='word_1_445' title='bbox 1081 1818 1167 1847; x_wconf 76' lang='lat' dir='ltr'>quas</span> <span class='ocrx_word' id='word_1_446' title='bbox 1198 1811 1234 1837; x_wconf 81' lang='lat' dir='ltr'>tu</span> <span class='ocrx_word' id='word_1_447' title='bbox 1262 1805 1346 1848; x_wconf 84' lang='lat' dir='ltr'>poni</span> <span class='ocrx_word' id='word_1_448' title='bbox 1378 1805 1584 1846; x_wconf 81' lang='lat' dir='ltr'>inscribique</span> <span class='ocrx_word' id='word_1_449' title='bbox 1617 1804 1750 1836; x_wconf 75' lang='lat' dir='ltr'>iussisti</span> <span class='ocrx_word' id='word_1_450' title='bbox 1784 1803 1869 1845; x_wconf 77' lang='lat' dir='ltr'>dicit,</span> 
     </span>
     <span class='ocr_line' id='line_1_76' title="bbox 1080 1851 1869 1891; baseline -0.001 -9"><span class='ocrx_word' id='word_1_451' title='bbox 1080 1857 1138 1883; x_wconf 86' lang='lat' dir='ltr'>hoc</span> <span class='ocrx_word' id='word_1_452' title='bbox 1168 1863 1290 1888; x_wconf 70' lang='lat' dir='ltr'>utroque</span> <span class='ocrx_word' id='word_1_453' title='bbox 1322 1858 1404 1881; x_wconf 85' lang='lat' dir='ltr'>recte</span> <span class='ocrx_word' id='word_1_454' title='bbox 1439 1854 1556 1882; x_wconf 88' lang='lat' dir='ltr'>dictum</span> <span class='ocrx_word' id='word_1_455' title='bbox 1585 1856 1643 1881; x_wconf 81' lang='lat' dir='ltr'>est.</span> <span class='ocrx_word' id='word_1_456' title='bbox 1701 1853 1747 1881; x_wconf 83' lang='lat' dir='ltr'>Cf.</span> <span class='ocrx_word' id='word_1_457' title='bbox 1775 1855 1810 1882; x_wconf 86' lang='lat' dir='ltr'>E.</span> <span class='ocrx_word' id='word_1_458' title='bbox 1839 1851 1869 1891; x_wconf 89' lang='grc'>3,</span> 
     </span>
     <span class='ocr_line' id='line_1_77' title="bbox 1082 1896 1870 1939; baseline 0 -12"><span class='ocrx_word' id='word_1_459' title='bbox 1082 1897 1143 1927; x_wconf 86' lang='grc'>106</span> <span class='ocrx_word' id='word_1_460' title='bbox 1172 1897 1330 1939; x_wconf 79' lang='lat' dir='ltr'>inscripti</span> <span class='ocrx_word' id='word_1_461' title='bbox 1364 1896 1504 1927; x_wconf 87' lang='lat' dir='ltr'>nomina</span> <span class='ocrx_word' id='word_1_462' title='bbox 1530 1906 1652 1938; x_wconf 83' lang='lat' dir='ltr'>regum</span> <span class='ocrx_word' id='word_1_463' title='bbox 1681 1900 1870 1927; x_wconf 70' lang='lat' dir='ltr'>nascuntur</span> 
     </span>
     <span class='ocr_line' id='line_1_78' title="bbox 1070 1943 1188 1983; baseline 0 -10"><span class='ocrx_word' id='word_1_464' title='bbox 1070 1943 1188 1983; x_wconf 80' lang='lat' dir='ltr'>flores.</span> 
     </span>
    </p>

    <p class='ocr_par' dir='ltr' id='par_1_24' title="bbox 1077 1987 1869 2300">
     <span class='ocr_line' id='line_1_79' title="bbox 1124 1987 1868 2027; baseline 0.001 -9"><span class='ocrx_word' id='word_1_465' title='bbox 1124 1988 1198 2018; x_wconf 68' lang='lat'>⁴79.</span> <span class='ocrx_word' id='word_1_466' title='bbox 1229 1987 1363 2018; x_wconf 75' lang='lat' dir='ltr'>Interea</span> <span class='ocrx_word' id='word_1_467' title='bbox 1390 1997 1451 2017; x_wconf 87' lang='lat' dir='ltr'>non</span> <span class='ocrx_word' id='word_1_468' title='bbox 1480 1993 1528 2018; x_wconf 85' lang='lat' dir='ltr'>est</span> <span class='ocrx_word' id='word_1_469' title='bbox 1550 1997 1604 2023; x_wconf 84' lang='lat' dir='ltr'>per</span> <span class='ocrx_word' id='word_1_470' title='bbox 1627 1988 1709 2017; x_wconf 85' lang='lat' dir='ltr'>idem</span> <span class='ocrx_word' id='word_1_471' title='bbox 1734 1993 1868 2027; x_wconf 83' lang='lat' dir='ltr'>tempus,</span> 
     </span>
     <span class='ocr_line' id='line_1_80' title="bbox 1077 2035 1869 2064; baseline 0.001 -1"><span class='ocrx_word' id='word_1_472' title='bbox 1077 2037 1131 2064; x_wconf 79' lang='lat' dir='ltr'>sed</span> <span class='ocrx_word' id='word_1_473' title='bbox 1157 2036 1237 2064; x_wconf 91' lang='lat' dir='ltr'>inter</span> <span class='ocrx_word' id='word_1_474' title='bbox 1255 2036 1322 2064; x_wconf 89' lang='lat' dir='ltr'>alia</span> <span class='ocrx_word' id='word_1_475' title='bbox 1344 2036 1431 2063; x_wconf 79' lang='lat' dir='ltr'>videt</span> <span class='ocrx_word' id='word_1_476' title='bbox 1453 2035 1548 2063; x_wconf 81' lang='lat' dir='ltr'>etiam</span> <span class='ocrx_word' id='word_1_477' title='bbox 1568 2037 1656 2062; x_wconf 86' lang='lat' dir='ltr'>haec.</span> <span class='ocrx_word' id='word_1_478' title='bbox 1706 2036 1771 2063; x_wconf 85' lang='lat' dir='ltr'>Res</span> <span class='ocrx_word' id='word_1_479' title='bbox 1793 2042 1869 2064; x_wconf 86' lang='lat' dir='ltr'>nar-</span> 
     </span>
     <span class='ocr_line' id='line_1_81' title="bbox 1078 2078 1869 2116; baseline 0 -7"><span class='ocrx_word' id='word_1_480' title='bbox 1078 2086 1166 2109; x_wconf 87' lang='lat' dir='ltr'>ratur</span> <span class='ocrx_word' id='word_1_481' title='bbox 1201 2083 1290 2109; x_wconf 72' lang='grc'>110111.</span> <span class='ocrx_word' id='word_1_482' title='bbox 1324 2082 1360 2108; x_wconf 91' lang='lat'>11.</span> <span class='ocrx_word' id='word_1_483' title='bbox 1397 2079 1434 2116; x_wconf 84' lang='grc'>6,</span> <span class='ocrx_word' id='word_1_484' title='bbox 1469 2078 1548 2116; x_wconf 82' lang='grc'>269,</span> <span class='ocrx_word' id='word_1_485' title='bbox 1591 2080 1644 2108; x_wconf 89' lang='lat' dir='ltr'>ubi</span> <span class='ocrx_word' id='word_1_486' title='bbox 1680 2081 1795 2109; x_wconf 81' lang='lat' dir='ltr'>Hector</span> <span class='ocrx_word' id='word_1_487' title='bbox 1828 2083 1869 2109; x_wconf 84' lang='lat' dir='ltr'>ab</span> 
     </span>
     <span class='ocr_line' id='line_1_82' title="bbox 1079 2125 1868 2155; baseline 0 0"><span class='ocrx_word' id='word_1_488' title='bbox 1079 2128 1199 2155; x_wconf 86' lang='lat' dir='ltr'>Heleno</span> <span class='ocrx_word' id='word_1_489' title='bbox 1230 2127 1369 2155; x_wconf 87' lang='lat' dir='ltr'>monitus</span> <span class='ocrx_word' id='word_1_490' title='bbox 1400 2130 1562 2154; x_wconf 82' lang='lat' dir='ltr'>matronas</span> <span class='ocrx_word' id='word_1_491' title='bbox 1588 2125 1745 2154; x_wconf 84' lang='lat' dir='ltr'>Troianas</span> <span class='ocrx_word' id='word_1_492' title='bbox 1779 2126 1868 2155; x_wconf 78' lang='lat' dir='ltr'>exci-</span> 
     </span>
     <span class='ocr_line' id='line_1_83' title="bbox 1078 2170 1868 2207; baseline 0 -7"><span class='ocrx_word' id='word_1_493' title='bbox 1078 2177 1139 2207; x_wconf 80' lang='lat' dir='ltr'>tat,</span> <span class='ocrx_word' id='word_1_494' title='bbox 1177 2176 1207 2200; x_wconf 90' lang='lat' dir='ltr'>ut</span> <span class='ocrx_word' id='word_1_495' title='bbox 1237 2173 1327 2207; x_wconf 78' lang='lat' dir='ltr'>peplo</span> <span class='ocrx_word' id='word_1_496' title='bbox 1358 2173 1470 2200; x_wconf 85' lang='lat' dir='ltr'>donato</span> <span class='ocrx_word' id='word_1_497' title='bbox 1502 2178 1522 2199; x_wconf 88' lang='lat' dir='ltr'>a</span> <span class='ocrx_word' id='word_1_498' title='bbox 1543 2170 1692 2199; x_wconf 81' lang='lat' dir='ltr'>Minerva</span> <span class='ocrx_word' id='word_1_499' title='bbox 1716 2171 1868 2205; x_wconf 75' lang='lat' dir='ltr'>implora-</span> 
     </span>
     <span class='ocr_line' id='line_1_84' title="bbox 1078 2216 1867 2246; baseline 0 0"><span class='ocrx_word' id='word_1_500' title='bbox 1078 2221 1145 2246; x_wconf 85' lang='lat' dir='ltr'>rent</span> <span class='ocrx_word' id='word_1_501' title='bbox 1174 2218 1334 2246; x_wconf 88' lang='lat' dir='ltr'>auxilium</span> <span class='ocrx_word' id='word_1_502' title='bbox 1359 2218 1398 2245; x_wconf 91' lang='lat' dir='ltr'>ad</span> <span class='ocrx_word' id='word_1_503' title='bbox 1430 2216 1599 2245; x_wconf 78' lang='lat' dir='ltr'>arcendum</span> <span class='ocrx_word' id='word_1_504' title='bbox 1625 2218 1664 2244; x_wconf 89' lang='lat' dir='ltr'>ab</span> <span class='ocrx_word' id='word_1_505' title='bbox 1690 2218 1766 2245; x_wconf 88' lang='lat' dir='ltr'>urbe</span> <span class='ocrx_word' id='word_1_506' title='bbox 1791 2217 1867 2246; x_wconf 89' lang='lat' dir='ltr'>Dio-</span> 
     </span>
     <span class='ocr_line' id='line_1_85' title="bbox 1078 2262 1731 2300; baseline -0.002 -9"><span class='ocrx_word' id='word_1_507' title='bbox 1078 2264 1208 2292; x_wconf 81' lang='lat' dir='ltr'>medem.</span> <span class='ocrx_word' id='word_1_508' title='bbox 1236 2278 1273 2282; x_wconf 77' lang='lat'><em>-</em></span> <span class='ocrx_word' id='word_1_509' title='bbox 1298 2271 1365 2290; x_wconf 87' lang='lat' dir='ltr'>non</span> <span class='ocrx_word' id='word_1_510' title='bbox 1388 2269 1537 2300; x_wconf 71' lang='lat' dir='ltr'>aequae,</span> <span class='ocrx_word' id='word_1_511' title='bbox 1563 2262 1731 2290; x_wconf 81' lang='lat' dir='ltr'>adversae.</span> 
     </span>
    </p>

    <p class='ocr_par' dir='ltr' id='par_1_25' title="bbox 1078 2303 1869 2389">
     <span class='ocr_line' id='line_1_86' title="bbox 1125 2303 1869 2345; baseline 0.003 -10"><span class='ocrx_word' id='word_1_512' title='bbox 1125 2306 1199 2336; x_wconf 69' lang='lat'>480.</span> <span class='ocrx_word' id='word_1_513' title='bbox 1233 2304 1392 2336; x_wconf 78' lang='lat' dir='ltr'>Crinibus</span> <span class='ocrx_word' id='word_1_514' title='bbox 1409 2303 1523 2345; x_wconf 76' lang='lat' dir='ltr'>passis</span> <span class='ocrx_word' id='word_1_515' title='bbox 1547 2305 1684 2335; x_wconf 83' lang='lat' dir='ltr'>feminae</span> <span class='ocrx_word' id='word_1_516' title='bbox 1701 2310 1869 2337; x_wconf 84' lang='lat' dir='ltr'>utebantur</span> 
     </span>
     <span class='ocr_line' id='line_1_87' title="bbox 1078 2350 1427 2389; baseline -0.006 -7"><span class='ocrx_word' id='word_1_517' title='bbox 1078 2359 1219 2383; x_wconf 73' lang='lat' dir='ltr'>maestae</span> <span class='ocrx_word' id='word_1_518' title='bbox 1243 2353 1280 2381; x_wconf 88' lang='lat' dir='ltr'>cf.</span> <span class='ocrx_word' id='word_1_519' title='bbox 1308 2351 1342 2389; x_wconf 80' lang='grc'>3,</span> <span class='ocrx_word' id='word_1_520' title='bbox 1375 2350 1427 2380; x_wconf 80' lang='grc'>65.</span> 
     </span>
    </p>
   </div>
   <div class='ocr_carea' id='block_1_20' title="bbox 1078 2405 1869 2535">
    <p class='ocr_par' dir='ltr' id='par_1_26' title="bbox 1078 2405 1869 2535">
     <span class='ocr_line' id='line_1_88' title="bbox 1124 2405 1869 2446; baseline 0 -9"><span class='ocrx_word' id='word_1_521' title='bbox 1124 2408 1199 2437; x_wconf 71' lang='grc'>482.</span> <span class='ocrx_word' id='word_1_522' title='bbox 1230 2406 1320 2437; x_wconf 85' lang='lat' dir='ltr'>Diva</span> <span class='ocrx_word' id='word_1_523' title='bbox 1355 2405 1426 2436; x_wconf 88' lang='lat' dir='ltr'>solo</span> <span class='ocrx_word' id='word_1_524' title='bbox 1460 2406 1551 2446; x_wconf 61' lang='lat' dir='ltr'>simos</span> <span class='ocrx_word' id='word_1_525' title='bbox 1589 2405 1704 2436; x_wconf 67' lang='lat' dir='ltr'>oculos</span> <span class='ocrx_word' id='word_1_526' title='bbox 1745 2417 1869 2437; x_wconf 82' lang='lat' dir='ltr'>aversa</span> 
     </span>
     <span class='ocr_line' id='line_1_89' title="bbox 1078 2451 1868 2491; baseline 0.001 -8"><span class='ocrx_word' id='word_1_527' title='bbox 1078 2452 1214 2484; x_wconf 79' lang='lat' dir='ltr'>tenebat</span> <span class='ocrx_word' id='word_1_528' title='bbox 1240 2454 1277 2482; x_wconf 86' lang='lat' dir='ltr'>cf.</span> <span class='ocrx_word' id='word_1_529' title='bbox 1311 2452 1351 2489; x_wconf 83' lang='grc'>6,</span> <span class='ocrx_word' id='word_1_530' title='bbox 1379 2451 1453 2481; x_wconf 76' lang='grc'>469.</span> <span class='ocrx_word' id='word_1_531' title='bbox 1502 2455 1536 2482; x_wconf 92' lang='lat' dir='ltr'>Id</span> <span class='ocrx_word' id='word_1_532' title='bbox 1564 2454 1654 2487; x_wconf 78' lang='lat' dir='ltr'>facit,</span> <span class='ocrx_word' id='word_1_533' title='bbox 1686 2455 1740 2489; x_wconf 84' lang='lat' dir='ltr'>qui</span> <span class='ocrx_word' id='word_1_534' title='bbox 1770 2455 1868 2491; x_wconf 82' lang='lat' dir='ltr'>timet,</span> 
     </span>
     <span class='ocr_line' id='line_1_90' title="bbox 1078 2499 1868 2535; baseline 0.001 -7"><span class='ocrx_word' id='word_1_535' title='bbox 1078 2510 1117 2529; x_wconf 84' lang='lat' dir='ltr'>ne</span> <span class='ocrx_word' id='word_1_536' title='bbox 1142 2501 1289 2534; x_wconf 79' lang='lat' dir='ltr'>precibus</span> <span class='ocrx_word' id='word_1_537' title='bbox 1315 2499 1464 2527; x_wconf 82' lang='lat' dir='ltr'>flectatur.</span> <span class='ocrx_word' id='word_1_538' title='bbox 1513 2501 1561 2527; x_wconf 86' lang='lat' dir='ltr'>Ita</span> <span class='ocrx_word' id='word_1_539' title='bbox 1586 2500 1729 2535; x_wconf 83' lang='lat' dir='ltr'>Regulus</span> <span class='ocrx_word' id='word_1_540' title='bbox 1753 2501 1868 2529; x_wconf 85' lang='lat' dir='ltr'>dicitur</span> 
     </span>
    </p>
   </div>
   <div class='ocr_carea' id='block_1_21' title="bbox 1077 2541 1867 2624">
    <p class='ocr_par' dir='ltr' id='par_1_27' title="bbox 1077 2541 1867 2624">
     <span class='ocr_line' id='line_1_91' title="bbox 1077 2541 1867 2583; baseline 0.001 -10"><span class='ocrx_word' id='word_1_541' title='bbox 1077 2543 1211 2573; x_wconf 84' lang='lat' dir='ltr'>virilem</span> <span class='ocrx_word' id='word_1_542' title='bbox 1240 2547 1357 2573; x_wconf 78' lang='lat' dir='ltr'>torvus</span> <span class='ocrx_word' id='word_1_543' title='bbox 1376 2541 1471 2572; x_wconf 82' lang='lat' dir='ltr'>humi</span> <span class='ocrx_word' id='word_1_544' title='bbox 1489 2542 1645 2583; x_wconf 81' lang='lat' dir='ltr'>posuisse</span> <span class='ocrx_word' id='word_1_545' title='bbox 1663 2543 1791 2574; x_wconf 83' lang='lat' dir='ltr'>voltum</span> <span class='ocrx_word' id='word_1_546' title='bbox 1816 2553 1867 2581; x_wconf 82' lang='lat' dir='ltr'>ap.</span> 
     </span>
     <span class='ocr_line' id='line_1_92' title="bbox 1078 2587 1382 2624; baseline -0.003 -6"><span class='ocrx_word' id='word_1_547' title='bbox 1078 2592 1117 2618; x_wconf 86' lang='grc' dir='ltr'>ΙΙ.</span> <span class='ocrx_word' id='word_1_548' title='bbox 1145 2591 1178 2619; x_wconf 79' lang='lat' dir='ltr'>C.</span> <span class='ocrx_word' id='word_1_549' title='bbox 1205 2589 1242 2624; x_wconf 82' lang='lat'>3,</span> <span class='ocrx_word' id='word_1_550' title='bbox 1269 2590 1305 2623; x_wconf 79' lang='lat'>5,</span> <span class='ocrx_word' id='word_1_551' title='bbox 1331 2587 1382 2617; x_wconf 84' lang='grc'>43.</span> 
     </span>
    </p>
   </div>
   <div class='ocr_carea' id='block_1_22' title="bbox 1076 2644 1868 3000">
    <p class='ocr_par' dir='ltr' id='par_1_28' title="bbox 1076 2644 1868 3000">
     <span class='ocr_line' id='line_1_93' title="bbox 1124 2644 1868 2683; baseline 0.004 -10"><span class='ocrx_word' id='word_1_552' title='bbox 1124 2644 1197 2674; x_wconf 71' lang='lat'>483.</span> <span class='ocrx_word' id='word_1_553' title='bbox 1225 2647 1286 2680; x_wconf 80' lang='lat' dir='ltr'>Ap.</span> <span class='ocrx_word' id='word_1_554' title='bbox 1319 2648 1408 2674; x_wconf 89' lang='lat' dir='ltr'>Hom.</span> <span class='ocrx_word' id='word_1_555' title='bbox 1441 2648 1477 2674; x_wconf 89' lang='grc' dir='ltr'>ΙΙ.</span> <span class='ocrx_word' id='word_1_556' title='bbox 1518 2644 1579 2683; x_wconf 87' lang='grc'>22,</span> <span class='ocrx_word' id='word_1_557' title='bbox 1623 2644 1685 2674; x_wconf 85' lang='grc'>399</span> <span class='ocrx_word' id='word_1_558' title='bbox 1720 2647 1868 2676; x_wconf 86' lang='lat' dir='ltr'>Achilles</span> 
     </span>
     <span class='ocr_line' id='line_1_94' title="bbox 1078 2692 1867 2728; baseline 0.003 -9"><span class='ocrx_word' id='word_1_559' title='bbox 1078 2693 1242 2720; x_wconf 70' lang='lat' dir='ltr'>Hectorem</span> <span class='ocrx_word' id='word_1_560' title='bbox 1266 2700 1362 2725; x_wconf 79' lang='lat' dir='ltr'>quum</span> <span class='ocrx_word' id='word_1_561' title='bbox 1387 2692 1604 2728; x_wconf 83' lang='lat' dir='ltr'>interfecisset,</span> <span class='ocrx_word' id='word_1_562' title='bbox 1632 2692 1738 2720; x_wconf 82' lang='lat' dir='ltr'>statim</span> <span class='ocrx_word' id='word_1_563' title='bbox 1758 2693 1867 2721; x_wconf 88' lang='lat' dir='ltr'>currui</span> 
     </span>
     <span class='ocr_line' id='line_1_95' title="bbox 1076 2738 1865 2772; baseline 0.001 -7"><span class='ocrx_word' id='word_1_564' title='bbox 1076 2738 1242 2770; x_wconf 70' lang='lat' dir='ltr'>alligatum</span> <span class='ocrx_word' id='word_1_565' title='bbox 1265 2739 1304 2765; x_wconf 86' lang='lat' dir='ltr'>ad</span> <span class='ocrx_word' id='word_1_566' title='bbox 1326 2744 1428 2765; x_wconf 84' lang='lat' dir='ltr'>naves</span> <span class='ocrx_word' id='word_1_567' title='bbox 1451 2738 1562 2772; x_wconf 82' lang='lat' dir='ltr'>trahit;</span> <span class='ocrx_word' id='word_1_568' title='bbox 1587 2738 1641 2766; x_wconf 87' lang='lat' dir='ltr'>sed</span> <span class='ocrx_word' id='word_1_569' title='bbox 1664 2741 1784 2772; x_wconf 77' lang='lat' dir='ltr'>poetae,</span> <span class='ocrx_word' id='word_1_570' title='bbox 1811 2738 1865 2772; x_wconf 74' lang='lat' dir='ltr'>qui</span> 
     </span>
     <span class='ocr_line' id='line_1_96' title="bbox 1079 2783 1866 2817; baseline 0.004 -8"><span class='ocrx_word' id='word_1_571' title='bbox 1079 2787 1146 2817; x_wconf 73' lang='lat' dir='ltr'>post</span> <span class='ocrx_word' id='word_1_572' title='bbox 1163 2784 1332 2811; x_wconf 82' lang='lat' dir='ltr'>Homerum</span> <span class='ocrx_word' id='word_1_573' title='bbox 1359 2783 1565 2817; x_wconf 78' lang='lat' dir='ltr'>scripserunt,</span> <span class='ocrx_word' id='word_1_574' title='bbox 1590 2791 1621 2811; x_wconf 82' lang='lat' dir='ltr'>v.</span> <span class='ocrx_word' id='word_1_575' title='bbox 1647 2791 1672 2810; x_wconf 90' lang='lat' dir='ltr'>c.</span> <span class='ocrx_word' id='word_1_576' title='bbox 1693 2784 1866 2817; x_wconf 79' lang='lat' dir='ltr'>Sophocles</span> 
     </span>
     <span class='ocr_line' id='line_1_97' title="bbox 1076 2828 1866 2863; baseline 0.005 -9"><span class='ocrx_word' id='word_1_577' title='bbox 1076 2833 1104 2855; x_wconf 70' lang='lat' dir='ltr'>vt</span> <span class='ocrx_word' id='word_1_578' title='bbox 1135 2829 1254 2856; x_wconf 74' lang='lat' dir='ltr'>Ennius</span> <span class='ocrx_word' id='word_1_579' title='bbox 1288 2828 1368 2855; x_wconf 85' lang='lat' dir='ltr'>idem</span> <span class='ocrx_word' id='word_1_580' title='bbox 1401 2829 1482 2862; x_wconf 77' lang='lat' dir='ltr'>quod</span> <span class='ocrx_word' id='word_1_581' title='bbox 1507 2828 1666 2863; x_wconf 77' lang='lat' dir='ltr'>Virgilius</span> <span class='ocrx_word' id='word_1_582' title='bbox 1701 2829 1866 2858; x_wconf 84' lang='lat' dir='ltr'>tradidere.</span> 
     </span>
     <span class='ocr_line' id='line_1_98' title="bbox 1081 2870 1866 2912; baseline 0.003 -12"><span class='ocrx_word' id='word_1_583' title='bbox 1081 2870 1298 2912; x_wconf 77' lang='lat' dir='ltr'>Raplaverat</span> <span class='ocrx_word' id='word_1_584' title='bbox 1320 2874 1482 2902; x_wconf 85' lang='lat' dir='ltr'>narrantis</span> <span class='ocrx_word' id='word_1_585' title='bbox 1503 2877 1627 2901; x_wconf 79' lang='lat' dir='ltr'>estnon</span> <span class='ocrx_word' id='word_1_586' title='bbox 1648 2874 1866 2910; x_wconf 80' lang='lat' dir='ltr'>describentis,</span> 
     </span>
     <span class='ocr_line' id='line_1_99' title="bbox 1076 2918 1864 2955; baseline 0.001 -9"><span class='ocrx_word' id='word_1_587' title='bbox 1076 2927 1131 2946; x_wconf 67' lang='lat' dir='ltr'>nec</span> <span class='ocrx_word' id='word_1_588' title='bbox 1156 2922 1275 2952; x_wconf 74' lang='lat' dir='ltr'>poterat</span> <span class='ocrx_word' id='word_1_589' title='bbox 1300 2918 1358 2946; x_wconf 87' lang='lat' dir='ltr'>illa</span> <span class='ocrx_word' id='word_1_590' title='bbox 1384 2922 1427 2947; x_wconf 86' lang='lat' dir='ltr'>ter</span> <span class='ocrx_word' id='word_1_591' title='bbox 1453 2918 1584 2952; x_wconf 76' lang='lat' dir='ltr'>repetita</span> <span class='ocrx_word' id='word_1_592' title='bbox 1605 2919 1740 2952; x_wconf 83' lang='lat' dir='ltr'>raptatio</span> <span class='ocrx_word' id='word_1_593' title='bbox 1765 2919 1864 2955; x_wconf 83' lang='lat' dir='ltr'>pingi,</span> 
     </span>
     <span class='ocr_line' id='line_1_100' title="bbox 1076 2963 1733 3000; baseline 0 -8"><span class='ocrx_word' id='word_1_594' title='bbox 1076 2968 1179 2992; x_wconf 79' lang='lat' dir='ltr'>tamen</span> <span class='ocrx_word' id='word_1_595' title='bbox 1209 2964 1278 2992; x_wconf 83' lang='lat' dir='ltr'>eius</span> <span class='ocrx_word' id='word_1_596' title='bbox 1305 2964 1399 3000; x_wconf 83' lang='lat' dir='ltr'>signa</span> <span class='ocrx_word' id='word_1_597' title='bbox 1423 2967 1512 2992; x_wconf 88' lang='lat' dir='ltr'>erant</span> <span class='ocrx_word' id='word_1_598' title='bbox 1538 2963 1570 2991; x_wconf 89' lang='lat' dir='ltr'>in</span> <span class='ocrx_word' id='word_1_599' title='bbox 1594 2971 1733 2997; x_wconf 81' lang='lat' dir='ltr'>corpore.</span> 
     </span>
    </p>
   </div>
   <div class='ocr_carea' id='block_1_23' title="bbox 1122 3017 1867 3058">
    <p class='ocr_par' dir='ltr' id='par_1_29' title="bbox 1122 3017 1867 3058">
     <span class='ocr_line' id='line_1_101' title="bbox 1122 3017 1867 3058; baseline 0.003 -10"><span class='ocrx_word' id='word_1_600' title='bbox 1122 3017 1197 3048; x_wconf 77' lang='lat'>484.</span> <span class='ocrx_word' id='word_1_601' title='bbox 1225 3027 1312 3048; x_wconf 85' lang='lat' dir='ltr'>auro</span> <span class='ocrx_word' id='word_1_602' title='bbox 1348 3017 1526 3048; x_wconf 81' lang='lat' dir='ltr'>vendebat.</span> <span class='ocrx_word' id='word_1_603' title='bbox 1588 3019 1737 3049; x_wconf 87' lang='lat' dir='ltr'>Priamus</span> <span class='ocrx_word' id='word_1_604' title='bbox 1773 3020 1867 3058; x_wconf 86' lang='lat' dir='ltr'>enim,</span> 
     </span>
    </p>
   </div>
  </div>
 </body>
</html>
