2044 3329
757 76 992 111 AENEmos
1018 78 1104 111 Lm.
1135 79 1162 110 1.
1720 79 1771 119 31

135 193 374 247 Ambages,
403 191 478 234 sed
503 205 671 233 summa
694 204 851 244 sequar
878 191 1053 246 fastigia
1079 204 1233 233 rerum.

136 252 247 293 Huic
274 251 459 292 coniunx
491 249 707 303 Sychaeus
733 253 845 301 erat,
880 249 1112 291 ditissimus
1137 249 1233 303 agri

134 309 416 360 Phoenicum,
449 310 491 349 et
520 320 675 360 magno
702 307 883 349 miserae
912 307 1092 349 dilectus
1121 320 1278 358 amore,

135 367 214 409 Cui
239 370 364 420 pater
387 366 596 407 intactam
621 363 802 406 dederat
830 366 1064 419 primisque
1094 366 1269 418 iugarat
1693 366 1773 405 345

135 424 372 465 Ominibus.

433 422 518 465 Sed
548 437 682 476 regna
706 423 806 477 Tyri
838 437 1066 476 germanus
1096 423 1286 465 habebat

134 482 406 536 Pygmalion,
435 480 594 522 scelere
621 484 721 522 ante
749 480 857 522 alios
882 481 1109 522 immanior
1135 495 1292 522 omnes.

135 540 252 590 Quos
282 539 396 580 inter
422 537 586 580 medius
616 539 731 580 venit
761 538 892 580 furor.

953 539 1033 580 Ille
1063 538 1300 592 Sychaeum

134 597 294 651 Impius
323 599 424 638 ante
451 611 549 638 aras
577 600 706 650 atque
735 596 833 637 auri
862 610 1012 638 caecus
1042 610 1188 637 amore

135 654 256 698 Clam
285 654 401 696 ferro
430 655 650 696 incautum
676 657 870 708 superat,
898 668 1071 696 securus
1101 667 1297 695 amorum
1694 655 1776 694 350

135 712 399 762 Germanae3
431 712 679 765 factumque
708 711 781 753 diu
812 713 965 754 celavit
995 716 1036 753 et
1067 726 1252 765 aegram,

133 770 275 812 Multa
304 771 443 812 malus
474 770 682 812 simulans
709 784 819 811 vana
851 784 925 824 spe
955 770 1060 811 lusi‘c
1088 774 1314 811 amantem.

134 829 236 882 Ipsa
265 828 340 870 sed
365 829 409 870 in
441 828 598 869 somnis
623 827 836 869 inhumati
866 828 981 869 venit
1011 828 1156 880 imago

136 887 361 939 Coniugis,
389 900 466 928 ora
494 885 631 927 modis
663 886 865 927 attollens
894 885 1059 939 pallida
1086 884 1226 936 miris,

135 944 339 986 Crudeles
371 958 470 986 aras
499 944 767 997 traiectaque
787 946 965 997 pectora
990 942 1104 984 ferro

134 1052 252 1080 dictum
291 1052 401 1080 laudat
445 1047 526 1078 Wd.
586 1051 703 1079 Contra
743 1046 798 1077 Gt.
841 1054 929 1078 ..tur-

135 1099 305 1133 pissimum
322 1097 492 1125 mendum*
519 1100 606 1130 putat
624 1096 798 1129 scribitque
815 1092 929 1134 gerit!

181 1153 255 1183 342.
286 1151 431 1182 Summa
454 1149 613 1191 fastigia
637 1153 655 1180 i.
684 1160 710 1180 e.
744 1160 847 1180 rerum
877 1159 930 1180 ca·

134 1201 218 1236 pita,
253 1208 304 1228 res
341 1199 482 1227 maxime
511 1198 664 1226 illustres.
714 1199 788 1226 Vox
821 1199 931 1226 eadem

133 1246 168 1276 vi
193 1245 347 1280 reperitur
372 1245 457 1278 apud
480 1244 675 1280 Varronem,
714 1245 873 1272 translata
895 1245 932 1272 de

134 1292 263 1328 fastigio
295 1291 431 1319 aedium.
464 1304 508 1309 —
545 1288 681 1330 Sequar
718 1298 762 1319 sc.
799 1291 931 1318 diceudo

134 1337 194 1373 (cf.
228 1333 434 1377 vcrfolgen]
466 1335 511 1364 ita
545 1333 581 1371 2,
621 1332 703 1371 43⁴;
743 1343 934 1376 prosequor

133 1382 173 1421 2,
217 1380 297 1414 Ιο7;
334 1386 363 1411 et
396 1379 532 1420 reseqni
566 1383 651 1416 apud
681 1382 832 1410 Ovidium
869 1381 931 1416 (Μ.

134 1428 165 1465 6,
192 1427 243 1458 36.
276 1426 307 1466 8,
335 1426 412 1456 863.
455 1426 505 1465 13,
532 1425 619 1463 749)
644 1432 692 1457 est
715 1436 770 1463 pro
792 1436 933 1468 respon—

135 1473 226 1505 (lere.

181 1529 256 1560 343.
287 1527 474 1571 Sychaeus.
520 1531 601 1559 Rern
620 1536 728 1560 narrat
747 1531 860 1560 lustin.
881 1529 933 1565 18,

134 1575 165 1607 4.
197 1594 234 1597 -
260 1574 454 1606 ditissimus
480 1575 564 1617 agri
588 1577 627 1606 cf.
657 1575 704 1606 14.
731 1593 768 1597 —-
790 1578 933 1606 Eundem

134 1625 322 1653 divitiarum
341 1623 468 1657 fontem,
493 1623 546 1657 qui
568 1624 724 1652 Romanis
750 1632 823 1652 esse
848 1625 933 1652 sole-

134 1673 204 1706 bat,
250 1669 439 1704 latifundia,
484 1676 623 1706 pascua,
668 1672 817 1698 arboreta
858 1671 930 1703 vgt.

134 1716 245 1745 tribuit
262 1715 486 1749 Phoenicibus,
512 1715 577 1749 qui.
602 1721 800 1745 mercaturae
826 1716 932 1750 dediti,

135 1764 295 1797 pollebant
319 1768 408 1790 auro.
459 1762 521 1789 Sed
543 1766 663 1796 poterat
689 1763 810 1797 Tyrius
834 1762 932 1790 etiam

135 1809 229 1836 dives
267 1816 340 1836 esse
377 1808 476 1843 agris.
543 1809 634 1837 Hanc
671 1809 863 1842 scripturam
903 1811 933 1835 et

137 1854 230 1882 libris
252 1856 332 1882 Mss.
357 1858 387 1881 et
413 1860 432 1882 a
455 1854 676 1889 grammaticis
703 1854 867 1882 defensam
891 1862 932 1882 ex

138 1898 199 1936 10,
231 1897 314 1936 563,
352 1903 469 1928 temere
506 1899 631 1928 illatam
670 1904 760 1935 putat
801 1897 864 1928 Rb.
903 1904 932 1928 et

136 1946 288 1974 Huetium
318 1949 448 1973 secutus
477 1945 588 1973 scribit
618 1943 713 1984 auri,
758 1946 871 1974 allatis
901 1954 932 1974 v.

138 1989 212 2020 349.
245 1988 322 2019 358.
355 1987 435 2027 364,
466 1990 522 2018 ubi
553 1991 625 2019 anri
656 1992 699 2020 sit
729 1991 934 2020 memoratio'.

136 2037 233 2073 quasi
254 2037 285 2064 id
307 2036 387 2065 locis
412 2044 492 2070 opus
516 2036 557 2065 sit
580 2038 797 2066 demonstrare
820 2045 935 2066 aurum

137 2091 233 2118 posse
250 2082 371 2117 surripi
390 2090 450 2110 non
470 2089 592 2116 agrum.
641 2083 748 2117 Atque
767 2083 842 2111 illos
862 2092 935 2111 ver-

137 2138 195 2158 sus
221 2128 371 2157 Servium
395 2129 542 2162 aliosque
567 2133 595 2156 et
621 2136 676 2156 eos
699 2129 753 2163 qui
776 2129 936 2157 describe-

136 2178 213 2204 bant
252 2175 369 2211 libros,
419 2182 480 2202 non
521 2174 648 2202 vidisse
687 2174 852 2209 opinatur!
896 2189 933 2193 —

137 2222 259 2250 Deinde
293 2217 343 2249 Pl.
376 2221 458 2254 quod
489 2220 522 2248 in
551 2216 729 2259 Sychaeus
756 2228 788 2248 v.
819 2217 883 2247 343
907 2224 937 2248 et

139 2265 181 2295 43
209 2267 314 2302 prima
338 2267 470 2301 syllaba
495 2266 623 2294 diverso
650 2270 747 2294 metro
775 2270 822 2294 est
849 2265 886 2294 cf.
915 2265 936 2300 5

140 2311 193 2341 13.
234 2313 267 2341 in
296 2321 328 2342 v.
362 2309 426 2340 343
453 2320 508 2347 pro
538 2308 715 2351 Sychaeus
740 2312 853 2340 scribit
879 2319 939 2340 ae-

140 2366 295 2399 quaevus
317 2354 377 2398 (l)
404 2359 524 2387 omisso
547 2358 676 2386 nomine
701 2356 903 2386 necessario!

187 2412 262 2444 3⁴4.
293 2412 459 2451 Miserae,
495 2422 578 2450 quae
602 2423 677 2444 mox
707 2415 835 2443 deliciis
866 2414 937 2443 suis

138 2464 312 2490 orbaretur.
361 2462 434 2497 Vgl.
465 2461 660 2496 saepissime
691 2462 852 2490 vocabulo
877 2460 938 2489 ali-

139 2516 202 2542 quo
232 2507 396 2535 narrantis
435 2507 473 2535 de
515 2515 550 2535 re
584 2507 775 2535 sententiam
822 2506 939 2541 profert

140 2557 314 2588 antequam
338 2557 458 2581 narrat.

188 2608 263 2638 345.
287 2611 390 2649 pater
413 2610 522 2638 Belus.
544 2625 581 2629 -
604 2606 794 2644 intactam,
815 2613 940 2638 castam

140 2657 301 2691 virginem
323 2655 361 2685 ef.
381 2657 493 2684 Iuven.
519 2653 548 2691 6,
576 2653 638 2683 162
658 2652 824 2683 intactior
844 2652 937 2683 omni

146 2700 292 2731 Sabina.
341 2702 416 2729 Hor.
440 2701 473 2729 C.
503 2699 530 2737 1,
550 2698 581 2737 7,
603 2701 621 2728 5
647 2697 782 2729 intacta
805 2697 937 2729 Pallas.

144 2764 182 2768 —-
213 2745 362 2788 iugarat
394 2743 576 2775 ominibus.
622 2748 720 2775 Erant
746 2747 831 2775 enim
853 2748 938 2781 apud

142 2796 307 2823 Romanos
324 2793 421 2822 etiam
438 2793 622 2827 nuptiarum
640 2792 789 2827 auspicia
808 2792 846 2821 cf.
862 2793 937 2821 Val.

142 2843 230 2869 Max.
255 2838 293 2875 2,
321 2839 349 2867 1.
397 2840 472 2867 Tac.
493 2839 534 2866 A.
561 2837 617 2875 11,
643 2836 695 2867 27.
741 2839 774 2867 C.
800 2839 874 2867 Div.
909 2838 937 2873 l,

147 2885 196 2915 16.
246 2887 316 2915 Iuv.
346 2883 404 2921 10,
430 2882 506 2912 336.
557 2884 672 2913 Catull.
698 2882 755 2920 61,
781 2881 820 2912 19
844 2881 938 2914 bona

141 2929 246 2961 nubet
280 2929 366 2960 alite
406 2928 520 2970 virgo.
580 2931 673 2965 Prop.
717 2928 754 2965 3,
796 2928 853 2965 19,
898 2927 937 2958 14

149 2974 358 3007 Confirmant
396 2973 493 3005 nobis
527 2973 645 3004 omina
674 2972 790 3015 prima
814 2973 938 3015 fidem.

146 3039 184 3043 -
210 3021 335 3064 primis
365 3031 429 3052 om.
476 3024 588 3057 Itaque
612 3023 750 3050 nondum
773 3024 811 3050 ob
837 3022 938 3051 alium

1694 941 1775 980 355

977 1049 1129 1078 maritum
1162 1052 1257 1075 antea
1289 1049 1384 1080 capta
1413 1048 1502 1074 erant
1530 1044 1646 1074 omina.

978 1096 1100 1130 primus
1127 1101 1225 1121 amor.

1024 1137 1099 1168 347.
1132 1134 1343 1178 Pygmalion
1369 1136 1503 1164 Didonis
1525 1141 1574 1164 est
1595 1145 1776 1171 germanus.

981 1202 1018 1205 —
1050 1184 1141 1214 Ante
1167 1182 1256 1213 alios
1285 1191 1357 1212 cum
1381 1183 1601 1217 comparativo
1627 1189 1675 1212 est
1702 1193 1777 1219 poe-

978 1237 1093 1260 tarum.

1026 1276 1101 1306 350.
1131 1273 1282 1304 Securus
1318 1282 1495 1309 amorum,
1542 1275 1623 1303 nihil
1659 1283 1779 1305 curans

979 1324 1116 1352 Didonis
1150 1330 1306 1357 amorem,
1337 1329 1399 1356 quo
1430 1321 1581 1349 maritum
1606 1324 1778 1357 aniplerte-

979 1373 1087 1402 batur;
1126 1369 1169 1396 ita
1201 1375 1343 1396 securus
1375 1376 1400 1395 e.
1434 1376 1504 1401 gen.
1539 1367 1611 1395 inde
1636 1375 1655 1396 a
1683 1369 1778 1402 Yglio

980 1416 1018 1445 cf.
1044 1414 1081 1450 7,
1108 1412 1183 1442 303.
1225 1412 1282 1447 10,
1310 1411 1386 1442 326.
1437 1421 1577 1442 securus
1598 1411 1679 1442 belli
1702 1416 1776 1444 Luc.

980 1462 1017 1497 5,
1052 1459 1128 1489 526.
1184 1468 1325 1489 securus
1366 1459 1488 1497 famae
1523 1460 1583 1487 Ov.
1615 1461 1710 1489 Trist.
1752 1461 1778 1499 l,

984 1508 1017 1546 1,
1044 1505 1097 1536 49.

1027 1552 1102 1582 351.
1130 1552 1284 1594 Aegram
1317 1561 1360 1581 sc.
1394 1551 1519 1583 animo:
1552 1559 1661 1591 aeger
1691 1553 1779 1582 enim

979 1602 1017 1629 de
1041 1601 1159 1633 animi,
1191 1601 1359 1640 aegrotus
1383 1599 1420 1626 de
1445 1598 1588 1632 corporis
1613 1598 1674 1627 diei
1698 1601 1778 1627 solet

979 1647 1172 1676 valetudine.
1224 1646 1301 1674 Inde
1326 1641 1491 1673 mortales
1518 1642 1621 1684 aegri
1644 1643 1674 1677 2,
1701 1645 1777 1674 266.

1025 1691 1100 1721 352.
1134 1689 1251 1721 Malus
1274 1696 1307 1719 ut
1333 1695 1430 1718 antea
1455 1687 1583 1729 impias
1608 1691 1777 1726 interposi-

979 1743 1044 1767 tum
1068 1744 1117 1767 est
1138 1748 1179 1768 ex
1197 1737 1358 1767 narrantis
1376 1736 1505 1765 iudicio.
1527 1751 1565 1755 —-
1591 1734 1606 1764 l
1623 1745 1693 1765 ana
1718 1746 1779 1777 spe

979 1781 1079 1821 lusit,
1116 1793 1213 1819 auum
1248 1792 1320 1812 eum
1360 1791 1455 1817 posse
1496 1781 1611 1810 vivere
1651 1784 1777 1819 diceret,

978 1839 1072 1865 quem
1096 1831 1164 1865 ipse
1188 1830 1398 1859 interfecerat.
1425 1844 1462 1848 ——
1488 1825 1626 1865 ludere,
1656 1838 1700 1857 se.
1725 1831 1777 1858 de-

980 1877 1084 1911 cipere
1110 1874 1186 1905 407.

1702 1048 1778 1075 Erat

1027 1921 1102 1951 353.
1130 1920 1188 1951 sed
1209 1922 1248 1952 cf.
1278 1919 1328 1949 19.
1379 1917 1412 1949 in
1436 1917 1564 1949 somnis
1587 1920 1626 1949 cf.
1647 1918 1677 1956 2,
1701 1919 1777 1950 270.

984 1984 1021 1988 —-
1057 1965 1242 1997 inhumati.
1300 1967 1405 1996 Etiam
1443 1966 1474 1994 iu
1512 1968 1587 2002 hoc,
1626 1968 1707 2001 quod
1740 1976 1780 1996 ne

980 2015 1131 2049 sepelivit
1150 2014 1286 2051 (pridem,
1314 2012 1541 2049 Pygmalionis
1564 2018 1695 2047 apparet
1719 2014 1779 2042 im—

981 2061 1131 2089 manitas.

1029 2104 1104 2133 354.
1130 2102 1242 2134 modis
1271 2101 1369 2133 miris
1406 2105 1426 2132 i.
1462 2113 1487 2133 e.
1527 2104 1709 2133 mirandum
1746 2106 1779 2134 in

981 2152 1119 2180 modum.
1167 2152 1254 2179 Idem
1280 2148 1316 2186 6,
1342 2148 1418 2178 738.
1460 2147 1496 2187 7,
1521 2148 1576 2179 89.
1617 2150 1675 2187 10,
1701 2149 1778 2180 822.

983 2199 1017 2225 G.
1047 2195 1074 2232 1,
1102 2193 1177 2224 477.
1223 2197 1316 2224 Lucr.
1347 2194 1375 2232 1,
1404 2193 1467 2223 124
1492 2193 1685 2226 simulacra
1708 2205 1779 2226 mo-

983 2240 1038 2272 dis
1057 2238 1232 2281 pallentia
1255 2238 1362 2269 miris.

1029 2286 1104 2316 355.
1131 2283 1288 2315 crudeles
1323 2294 1416 2314 aras.
1473 2287 1520 2315 De
1555 2295 1588 2316 re
1627 2286 1666 2315 cf.
1701 2284 1778 2316 349.

983 2334 1127 2369 Quodvis
1152 2333 1280 2361 facinus
1305 2333 1410 2360 locum
1433 2340 1495 2366 quo
1521 2332 1552 2360 fu
1576 2331 1720 2369 afficere,
1750 2337 1780 2362 et

984 2383 1075 2409 homo
1099 2381 1177 2409 loco.
1200 2379 1232 2407 in
1251 2386 1312 2413 quo
1338 2382 1396 2411 est,
1418 2379 1551 2406 eandem
1570 2386 1668 2412 quam
1684 2381 1780 2407 hahet

984 2427 1123 2455 indolem
1145 2425 1272 2453 videtur
1290 2426 1449 2459 praebere.
1495 2425 1572 2452 Inde
1590 2421 1676 2453 litus
1693 2433 1780 2453 ava-

985 2480 1060 2501 rum
1088 2470 1123 2506 3,
1151 2468 1204 2499 44.
1261 2469 1447 2507 fortunata
1470 2477 1613 2498 nemora
1638 2470 1674 2507 6,
1703 2468 1779 2499 639.

985 2515 1090 2547 limen
1124 2513 1263 2546 crudele
1297 2514 1332 2548 3,
1373 2513 1448 2543 616.
1507 2513 1711 2545 sceleratum
1749 2516 1780 2552 6,

986 2562 1050 2592 563
1078 2565 1121 2592 al.
1170 2564 1291 2591 Romae
1313 2566 1380 2590 erat
1410 2558 1506 2590 vicus
1531 2559 1718 2591 sceleratus
1750 2567 1781 2590 et

984 2612 1088 2650 porta
1128 2606 1309 2637 scelerata.
1370 2607 1451 2636 Hinc
1488 2609 1631 2637 locorum
1666 2608 1780 2643 expia-

983 2657 1086 2685 tiones
1102 2660 1130 2683 et
1148 2654 1423 2688 consecrationem
1452 2653 1528 2683 hinc
1545 2656 1656 2682 horror
1676 2662 1779 2691 sacer,

983 2710 1045 2737 quo
1070 2701 1236 2733 afficimur,
1262 2700 1291 2728 si
1313 2701 1353 2727 ad
1371 2701 1477 2728 locum
1499 2700 1691 2735 accedimus,
1718 2709 1779 2734 quo

984 2748 1148 2783 egregium
1173 2746 1295 2781 aliquid
1321 2745 1440 2774 factum
1464 2750 1521 2774 est.
1571 2746 1618 2775 Cf.
1650 2743 1780 2775 Gothe:

988 2791 1054 2822 Die
1078 2791 1211 2827 stricte,
1241 2789 1297 2820 die
1329 2789 1382 2820 ein
1417 2793 1524 2832 gater
1554 2788 1696 2820 Mensch
1725 2789 1780 2820 be-

985 2841 1068 2877 trat,
1095 2837 1138 2868 ist
1154 2834 1360 2877 eingeweiht
1380 2853 1418 2857 —
1434 2834 1499 2865 das
1514 2834 1647 2878 heilige
1668 2834 1779 2866 Laud.

988 2901 1026 2904 —
1059 2881 1234 2914 Traiicere
1264 2886 1311 2911 est
1339 2883 1535 2912 transfodere
1565 2881 1601 2920 2,
1631 2881 1706 2911 273.
1749 2881 1779 2920 9,

985 2929 1060 2959 633.
1108 2930 1160 2965 10,
1186 2926 1262 2957 339.
1290 2927 1365 2957 400.
1415 2930 1509 2958 Caes.
1540 2930 1575 2957 B.
1606 2931 1641 2957 G.
1669 2927 1705 2963 7,
1737 2927 1778 2956 25

989 2973 1179 3016 Scorpione
1202 2974 1277 3009 (teli
1303 2976 1424 3011 genus)
1456 2973 1497 3004 ab
1527 2972 1637 3003 latere
1660 2972 1780 3004 dextro

983 3019 1195 3052 transiemus
1219 3019 1508 3061 exanimatusque
1531 3018 1692 3051 concidit.
