2023 3350
15 2771 26 3350 ——fflz
15 2748 17 2767 ⁴
15 2683 23 2741 Σ..-
3 0 22 2678 ..οε-*ΜΜ

101 2241 211 2276 ,dente
228 2246 261 2267 m
285 2242 396 2268 natum
421 2241 483 2266 est.

710 54 949 88 AENEIDOS
976 55 1062 88 LIB.
1090 56 1164 88 vll.

1681 56 1762 97 353

107 172 222 214 Huic
259 171 341 214 dea
378 169 587 212 caeruleis
630 183 760 212 unum
800 169 853 211 de
885 169 1078 212 crinibus
1109 183 1295 224 anguem

109 230 295 274 Coniicit
331 229 462 282 inque
502 228 640 269 sinum
677 227 937 282 praecordia
974 227 1031 270 ad
1070 227 1224 269 intima
1262 227 1421 279 subdit,

109 289 201 339 Quo
243 285 479 329 furibunda
519 285 695 327 domum
735 290 930 328 monstro
967 285 1226 340 permisceat
1266 299 1446 328 omnem.

108 346 188 388 Ille
225 346 339 387 inter
375 347 515 386 vestes
553 346 596 385 et
633 343 745 386 levia
784 347 964 398 pectora
997 343 1145 397 lapsus

107 404 308 446 Volvitur
345 405 514 444 attactu
550 401 687 453 nullo,
726 401 925 456 fallitque
966 401 1181 443 furentem

1679 401 1763 442 350

107 462 350 516 Vipeream-
373 460 543 514 spirans
581 460 790 512 animam3
831 459 880 501 fit
918 459 1067 502 tortile
1105 458 1217 501 collo

107 521 272 562 Aurum
310 519 461 572 ingens
501 517 695 570 coluber,
735 517 785 559 fit.
820 518 978 572 longae
1013 517 1161 558 taenia
1197 516 1345 569 vit-tae,

106 577 380 630 Innectitque
418 589 585 627 comas,
623 579 667 618 et
703 575 906 618 membris
943 575 1135 618 lubricus
1174 578 1302 617 errat.

105 636 168 678 Ac
207 635 309 677 dum
344 633 486 688 prima
521 633 613 675 lues
650 633 737 675 udo
779 633 986 689 sublapsa
1027 646 1188 674 veneno

105 694 330 735 Pertentat
369 705 518 733 sensus
560 695 692 746 atque
733 691 902 734 ossibus
941 691 1138 745 implicat
1175 690 1332 744 ignem,
1680 693 1763 732 355

106 751 299 794 Necdum
341 749 511 792 animus
552 752 645 791 toto
685 750 881 804 percepit
918 753 1095 803 pectore
1131 748 1371 790 flammam:

102 809 278 852 Mollius
315 811 357 850 et
393 807 522 849 solito
562 811 752 849 matrum
788 807 841 850 de
875 821 994 849 more
1033 807 1181 848 locuta
1219 809 1295 857 est,

106 867 247 910 Multa
286 879 417 920 super
450 868 581 907 natae
619 865 852 907 lacrimans
888 865 1175 920 Phrygiisque
1210 862 1480 919 hymenaeis:

106 923 397 968 Exsulibusne
431 923 562 965 datur
597 923 794 965 ducenda
830 923 1010 965 Lavinia
1046 921 1235 973 Teucris,

108 983 143 1025 Ο
184 982 386 1038 genitor‘.>
427 995 504 1023 nec
543 984 587 1022 te
625 982 801 1023 miseret
837 985 1055 1035 nataeque
1092 978 1273 1034 tuique‘?

109 1041 198 1083 Nec
236 1039 389 1082 matris
425 1039 622 1090 miseret,
663 1053 795 1093 quam
834 1039 973 1092 primo
1011 1037 1213 1092 aquilone
1250 1035 1466 1090 relinquet

109 1098 323 1150 Perfidus,
365 1097 456 1139 alta
493 1100 660 1151 petens,
701 1096 891 1139 abducta
931 1096 1117 1150 virgine,
1157 1092 1355 1149 praedo?

108 1158 176 1199 An
214 1171 299 1198 non
331 1155 394 1198 sic
428 1155 639 1208 Phrygius
677 1157 878 1209 penetrat
910 1153 1237 1195 Lacedaemona
1271 1153 1437 1205 pastor,

108 1214 411 1268 Ledaeamque
449 1212 661 1254 Helenam
702 1212 911 1254 Troianas
947 1211 1065 1253 vexit
1101 1209 1157 1252 ad
1192 1208 1354 1250 urbes?

109 1272 223 1325 Quid
257 1276 335 1315 tua
372 1273 524 1313 sancta
561 1268 668 1312 fides
680 1270 699 1311 ‘3
742 1269 846 1325 quid
882 1283 987 1311 cura
1019 1268 1202 1323 antiqua
1233 1270 1418 1317 tuorum,

105 1414 184 1444 327.
234 1414 265 1451 7,
291 1412 368 1443 404.
408 1411 597 1454 decoquere
622 1411 710 1443 iram
739 1415 854 1444 Claud.
882 1413 913 1442 in

107 1463 196 1490 Eutr.
221 1459 252 1498 2,
278 1459 354 1489 349.
376 1477 421 1480 -—
441 1457 630 1498 femineae,
648 1460 869 1495 impatientes.

155 1505 233 1535 346.
257 1503 299 1535 de
330 1504 485 1535 crinibus
515 1514 670 1545 anguem
710 1506 751 1534 cf.
775 1505 813 1543 6,
846 1504 913 1534 572

107 1568 152 1572 ——
177 1554 218 1582 Ut
243 1554 306 1580 lioc
332 1553 424 1589 loco,
460 1552 509 1581 sic
542 1560 596 1587 ap.
631 1553 691 1580 Ov.
719 1554 760 1580 M.
789 1551 820 1585 4,
847 1549 914 1579 494

108 1598 290 1634 Tisiphone
317 1598 400 1627 duos
422 1605 550 1633 angues
576 1598 647 1626 Inoi
674 1602 703 1626 et
723 1597 913 1627 Athamanti

106 1644 257 1673 immittit.

154 1688 231 1719 349.
257 1686 372 1727 leuia,
399 1690 509 1725 itaque
536 1693 613 1725 apta
628 1688 839 1724 serpentibus
866 1689 914 1716 le-

111 1736 219 1765 vibus.

154 1780 233 1810 350.
256 1782 394 1810 attactu
426 1777 526 1809 nullo
557 1779 704 1815 explicat
742 1780 803 1807 Ov.
839 1779 859 1806 l.
895 1779 913 1806 l.

109 1834 141 1856 v.
165 1826 232 1855 497
258 1834 320 1855 nec
337 1823 486 1855 vulnera
502 1822 663 1854 membris
684 1821 764 1853 ulla
780 1823 917 1861 ferunt,

109 1880 207 1902 mens
239 1873 290 1901 est
322 1879 413 1911 quae
445 1868 540 1899 diros
577 1867 708 1900 sentiat
739 1866 842 1898 ictus.
872 1885 916 1889 —

111 1915 254 1959 spirans
284 1918 355 1946 MV.
390 1925 456 1945 rec.
486 1913 549 1945 Rt».
581 1916 613 1944 in
644 1916 696 1943 ed.
733 1915 808 1943 min.
842 1915 863 1943 i.
887 1923 915 1944 e.

113 1964 355 1994 anshauchend
378 1963 420 1991 cf.
447 1970 478 1990 v.
496 1961 560 1991 753
578 1965 608 1990 et
630 1961 754 1990 Horatii
779 1958 918 2000 spirare

112 2007 293 2050 tragicum
333 2012 363 2037 et
411 2008 506 2037 Statii
553 2005 691 2046 spirare
731 2014 917 2046 magnum.

114 2056 273 2085 Fallendo
298 2054 330 2082 in
358 2054 501 2083 furorem
526 2053 590 2088 agit
612 2052 674 2088 (cf.
699 2049 730 2089 4,
751 2050 815 2086 22)
841 2053 916 2081 tium

112 2102 146 2131 in
173 2109 246 2131 eam
270 2100 373 2136 spirat
399 2100 540 2129 animam
567 2099 714 2134 viperae.
736 2113 781 2116 ——
802 2095 917 2137 inspi-

113 2155 199 2177 rans
224 2149 252 2176 R
277 2151 306 2175 et
331 2147 412 2175 Eud.
444 2142 507 2174 Rb.
534 2145 729 2179 suspicatur
752 2147 857 2171 ortum
874 2152 917 2172 ex

115 2192 150 2231 1,
175 2192 244 2222 688
266 2196 297 2220 et
323 2191 355 2229 6,
384 2190 440 2227 10;
465 2195 493 2220 et
522 2188 558 2219 iu
583 2190 681 2219 facile
709 2198 752 2218 ex
780 2197 917 2224 praece-

538 2233 589 2265 Pl.
615 2236 701 2265 coni.
722 2233 871 2272 furenti.

159 2282 238 2314 351.
256 2282 304 2323 fit
329 2280 449 2313 tortile
469 2279 558 2312 collo
583 2287 645 2311 etc.
675 2281 831 2318 ovidius,
866 2282 920 2316 qui

116 2332 137 2360 l.
165 2333 199 2367 l.,
224 2331 327 2358 multa
361 2337 405 2358 ex
427 2333 541 2358 nostro
567 2328 736 2364 expressit
761 2332 791 2356 et
816 2328 920 2364 auxit,

115 2379 179 2406 noc
206 2375 309 2404 noluit
331 2375 461 2411 imitari,
483 2379 573 2403 recto
600 2382 683 2403 usus
709 2373 841 2402 iudicio.

162 2420 239 2450 352.
273 2418 408 2450 Taenia
427 2424 503 2457 „est
517 2421 671 2449 vittarum
691 2417 920 2448 extremitas.'·‘

117 2471 150 2498 S.
214 2464 392 2496 Vitiarium
431 2471 541 2495 autem
579 2470 717 2495 ornatus
761 2465 920 2494 matronis

117 2521 306 2544 concessus
332 2516 393 2542 est.

166 2557 243 2588 354.
269 2555 344 2587 lues
388 2565 519 2587 veneno
564 2558 743 2597 pertentat
789 2564 922 2585 sensns.

116 2607 207 2635 Lues
236 2608 345 2634 autem
372 2612 415 2632 ex
445 2604 519 2639 ipso
547 2611 675 2631 veneno
705 2603 815 2631 oritur.

163 2650 240 2680 355.
270 2647 453 2679 perteneat
476 2657 596 2678 sensns
610 2648 650 2677 cf.
671 2647 789 2682 t,502.
830 2645 920 2676 ossi—

118 2694 180 2727 bus
198 2693 359 2736 implicat
381 2692 499 2736 ignem
525 2694 567 2723 cf.
588 2693 616 2731 l,
639 2693 717 2722 660.

165 2741 242 2772 356.
267 2743 416 2771 Nondum
445 2743 543 2776 plane
571 2740 603 2768 in
631 2739 775 2768 furorem
802 2740 924 2768 adacta

121 2789 180 2819 sed
208 2788 339 2818 mollius
367 2789 480 2816 locuta
512 2790 584 2821 est,
609 2789 641 2814 ut
668 2787 776 2814 solent
799 2789 922 2814 matres

121 2836 160 2863 de
189 2834 318 2864 filiabus
345 2834 518 2862 sollicitae.
569 2831 617 2861 Cf.
646 2832 706 2860 Ov.
728 2833 769 2860 Μ.
791 2828 841 2868 14,
856 2830 924 2859 700

120 2877 202 2910 totis
226 2881 431 2919 perceperat
453 2875 589 2908 ossibus
617 2878 763 2906 aestum.

165 2924 243 2954 358.
267 2927 378 2954 natae
426 2927 467 2954 Μ.
509 2924 631 2958 aliique
674 2922 749 2951 boni
782 2922 823 2951 cf.
854 2918 924 2951 Hn.

120 2973 208 3001 nata
233 2969 326 3010 Ry2t)
348 2970 390 3001 cf.
421 2967 484 3000 Rb.
506 2986 550 2990 -
568 2970 618 2999 Ad
639 2970 749 2999 natae
763 2969 925 3005 supplen-

1746 1270 1762 1277 n

1683 1268 1765 1307 360

962 1414 1038 1441 dum
1063 1415 1113 1440 est
1133 1405 1358 1450 hymenaeis3
1382 1415 1490 1443 neque
1514 1408 1655 1444 offendit,
1679 1409 1765 1443 quod

962 1459 1078 1487 eodem
1108 1457 1140 1485 in
1171 1455 1339 1484 enuntiato
1370 1459 1399 1482 et
1428 1454 1626 1483 adiectivum
1654 1459 1681 1482 et
1709 1462 1768 1489 ge-

961 1505 1085 1533 nitivus
1112 1502 1313 1532 substantivi
1332 1500 1455 1529 nomini
1479 1496 1684 1539 hymenaeis
1709 1508 1769 1535 ap-

962 1550 1102 1586 ponitur.
1152 1548 1192 1578 cf.
1220 1548 1288 1577 Cic.
1320 1549 1403 1575 Mur.
1441 1544 1505 1582 39,
1545 1543 1590 1574 84
1630 1543 1664 1574 in
1703 1542 1769 1575 hac

961 1603 1091 1625 caussa
1107 1603 1178 1623 non
1196 1591 1307 1622 solum
1328 1591 1370 1621 de
1388 1589 1427 1620 L.
1450 1589 1633 1625 Murenae,
1649 1599 1770 1620 verum

961 1639 1068 1671 etiam
1096 1638 1139 1670 dc
1164 1641 1281 1669 vestra
1308 1635 1426 1676 salute
1447 1635 1656 1667 sententiam
1673 1636 1770 1676 fere-

962 1684 1018 1717 tis.

965 1797 1181 1830 359—372.
1231 1794 1401 1828 Precibus
1439 1793 1564 1827 Amata
1604 1795 1769 1827 Latinum

1102 1842 1144 1875 ab
1175 1841 1297 1874 Aenea
1325 1844 1477 1873 avertere
1501 1840 1631 1872 studet.

1010 1914 1087 1944 359.
1114 1911 1292 1944 exsulibus
1317 1910 1470 1943 Teucris.
1519 1914 1557 1940 Et
1588 1912 1619 1940 in
1653 1913 1771 1947 appel-

966 1961 1068 1991 latix-0
1093 1964 1123 1989 et
1147 1961 1179 1989 in
1206 1960 1326 1995 plurali
1349 1966 1500 1996 numero,
1534 1966 1597 1993 quo
1624 1957 1771 1986 incertus

966 2007 1087 2042 aliquis
1110 2010 1242 2035 notatur
1268 2005 1310 2035 cf.
1341 2005 1417 2043 98„
1450 2004 1657 2040 conspicitur
1686 2003 1771 2032 indi-

966 2053 1087 2088 gnatio.
1114 2068 1157 2071 —
1183 2048 1347 2081 ducenda
1371 2051 1404 2080 in
1426 2050 1679 2079 matrimonium.

1011 2108 1089 2138 361.
1114 2105 1229 2148 primo
1245 2104 1423 2147 aquilone,
1439 2107 1493 2135 ubi
1509 2106 1648 2142 primum
1659 2105 1771 2140 aquilo

967 2155 1071 2192 flabit,
1096 2155 1150 2189 qui
1177 2158 1227 2182 est
1252 2157 1373 2181 ventus
1402 2153 1571 2181 secundus
1596 2160 1636 2180 eo
1664 2151 1773 2180 eunti-

969 2203 1047 2237 bus,
1075 2201 1159 2229 unde
1187 2199 1323 2228 Troiani
1348 2201 1519 2227 venerant.

1013 2262 1090 2292 363.
1118 2270 1165 2291 an
1190 2270 1260 2290 non
1283 2262 1325 2289 M.
1353 2262 1390 2289 at
1413 2268 1483 2289 non
1508 2261 1545 2287 R.
1593 2260 1772 2292 Utrumque

968 2310 1032 2338 iam
1059 2309 1137 2343 legit
1163 2307 1315 2336 Servius.
1366 2303 1421 2335 An
1445 2313 1516 2334 non
1539 2304 1622 2332 nulli
1644 2304 1774 2332 dubita-

966 2355 1045 2384 tioni
1073 2353 1264 2383 obnoxium.
1314 2350 1360 2382 At
1396 2359 1465 2380 non
1498 2350 1602 2379 servit
1633 2350 1774 2378 simula-

966 2401 1044 2430 tioni
1077 2400 1117 2429 cf.
1143 2400 1181 2436 9,
1210 2396 1284 2427 144.
1312 2414 1356 2417 —
1380 2398 1555 2437 penetrat.
1605 2397 1774 2424 Praesens

968 2447 1159 2476 historicum
1185 2445 1226 2474 cf.
1262 2444 1300 2481 2,
1331 2442 1399 2472 663
1424 2450 1497 2471 cum
1527 2441 1673 2477 perfecto
1699 2438 1774 2479 (ve-

967 2491 1042 2531 rit)
1068 2491 1207 2527 saepius
1233 2490 1393 2525 iungitur,
1419 2489 1473 2517 ubi
1498 2487 1666 2522 praesenti
1691 2486 1773 2516 ratio

969 2538 1081 2573 aliqua
1109 2537 1204 2574 facti,
1232 2536 1266 2566 in
1298 2535 1445 2571 perfecto
1479 2534 1555 2569 quid
1581 2533 1704 2562 factum
1731 2532 1774 2562 sit

968 2584 1140 2614 indicatur.

1016 2645 1093 2675 365.
1121 2641 1207 2685 quid
1236 2646 1299 2673 tua
1330 2644 1454 2672 sancta
1470 2638 1568 2680 fides
1596 2641 1684 2670 facta
1711 2644 1775 2677 est,

971 2701 1034 2727 quo
1065 2692 1167 2721 abiit?
1216 2690 1315 2719 Fides
1340 2697 1405 2717 non
1432 2695 1518 2722 opus
1539 2692 1591 2716 est
1617 2695 1674 2723 pro
1699 2695 1775 2722 pro-

970 2739 1075 2768 misso
1108 2736 1280 2771 accipere3
1313 2741 1509 2769 quamquam
1542 2733 1576 2762 in
1599 2733 1775 2769 promissis

971 2783 1121 2813 tenendis
1152 2789 1239 2811 nunc
1271 2781 1351 2810 fides
1388 2783 1569 2815 spectatur.
1607 2795 1652 2798 -—
1691 2786 1777 2808 cura

971 2827 1121 2870 antiqua
1147 2830 1306 2858 tuorum:
1331 2828 1379 2855 Tu
1405 2830 1502 2854 antea
1526 2829 1658 2854 tuorum
1683 2826 1777 2853 salu-

971 2880 1036 2905 tem
1059 2876 1105 2904 ita
1132 2873 1273 2910 curasti,
1305 2876 1339 2901 ut
1360 2871 1476 2900 mirum
1499 2871 1564 2900 iam
1587 2872 1645 2908 sit,
1677 2875 1707 2899 te
1732 2869 1777 2899 ita

972 2921 1178 2957 negligenter
1192 2921 1326 2954 hahere,
1355 2921 1388 2946 ut
1407 2917 1518 2953 ignoto
1536 2917 1659 2946 homini
1678 2916 1777 2946 filiam

971 2972 1062 2997 tuam
1088 2966 1174 2996 velis
1200 2965 1366 2994 addicere.
