2023 3350
259 119 341 159 392
824 114 862 145 P.
894 111 1089 145 vamt

259 230 395 270 Fonte
432 229 566 277 tenet,
604 237 862 278 quocunque
898 224 988 265 solo
1033 224 1345 278 pulcherrimus
1381 225 1492 276 cxis3

260 287 435 337 Semper
469 283 631 324 honore
667 295 780 333 meo,
817 294 986 334 semper
1028 281 1300 323 celebrabere
1343 282 1477 333 donis,

260 340 465 393 Corniger
508 339 793 393 Hesperidum
830 338 984 380 fluvius
1016 342 1222 391 regnator
1257 353 1514 393 aequarum:

259 397 384 439 Adsis
420 410 444 437 o
483 400 653 438 tantum
696 400 738 438 et
780 396 960 450 propius
999 398 1078 437 tua

259 455 329 496 Sic
361 458 597 505 memorat,
635 453 912 507 geminasque
945 453 1052 506 legit
1085 452 1138 494 de
1184 453 1320 495 classe
1356 453 1553 504 biremes,

258 511 539 565 Remigioque
580 514 722 564 aptat,
760 511 901 552 socios
939 509 1065 551 simul

371 568 484 610 Ecce
518 571 682 617 autem,
718 567 908 609 subitum
945 571 1076 620 atque

259 624 454 668 Candida
492 639 568 679 per
604 625 756 666 silvam
793 639 889 666 cum
926 623 1017 666 fetu
1060 625 1264 665 concolor
1301 624 1400 666 albo

257 682 512 734 Procubuit,
552 682 764 735 viridique
799 682 844 723 in
881 682 1008 724 litore
1046 681 1311 735 conspicitur
1348 695 1438 723 sus:

258 740 396 790 Quam
433 739 529 793 pius
570 740 735 781 Aeneas
771 739 853 781 tibi
888 739 1019 790 enim,
1058 738 1159 790 tibi,
1201 739 1390 780 maxima
1425 739 1544 790 Iuno,

257 797 440 847 Mactat,
482 810 607 838 sacra
641 796 782 838 ferens
817 799 860 838 et
892 810 987 838 cum
1024 810 1153 849 grege
1190 796 1305 837 sistit
1341 796 1396 837 ad
1436 810 1568 837 aram.

257 853 440 908 Thybris
483 868 532 896 ea.
568 853 761 903 fluvium,
801 867 931 907 quam
970 854 1099 906 longa
1131 857 1215 903 est,
1255 857 1380 895 nocte
1419 856 1655 895 tumentem

257 911 418 962 Leniit;
456 915 500 953 et
534 911 670 952 tacita
703 910 887 952 refluens
923 911 986 952 ita
1024 910 1219 952 substitit
1256 910 1384 961 unda,

258 969 378 1010 Mitis
408 971 457 1010 ut
491 969 536 1010 in
577 982 740 1010 morem
771 968 913 1022 stagni
950 968 1232 1022 placidaeque
1269 967 1440 1022 paludis

262 1026 483 1068 Sterneret
515 1039 680 1079 aequor
715 1026 858 1079 aquis,
893 1038 1012 1067 remo
1051 1028 1101 1066 ut
1138 1026 1352 1067 luctamen
1393 1024 1573 1066 abesset.

258 1083 373 1137 Ergo
407 1083 490 1124 iter
526 1082 743 1138 inceptum
780 1083 987 1135 celerant3
1025 1097 1198 1125 rumore
1233 1082 1420 1124 secundo

303 1220 357 1252 76.
382 1219 512 1252 honore
527 1230 610 1262 meo,
629 1231 721 1258 quem
738 1223 877 1253 tribuam
896 1224 935 1254 cf.
958 1220 987 1259 1,
1004 1220 1057 1252 49.

303 1266 358 1297 77.
392 1265 584 1308 Corniger:
622 1270 813 1298 Fluviorum
848 1270 893 1298 dii
933 1269 1059 1299 cornuti

258 1318 350 1351 sunt,
376 1314 422 1343 ita
447 1315 615 1344 Achelous
638 1317 734 1349 Soph.
756 1316 871 1344 Trach.
898 1312 949 1343 12.
998 1316 1058 1343 Ov.

259 1362 332 1388 Met.
353 1357 384 1396 9,
405 1356 434 1388 1.
468 1360 630 1388 Eridanus
648 1362 759 1394 Georg.
780 1357 811 1397 4,
833 1358 909 1395 371,
932 1361 1058 1389 Hebrus

259 1406 373 1434 Claud.
408 1405 441 1433 in
466 1407 553 1434 Eutr.
586 1403 623 1442 2,
660 1403 740 1441 163,
775 1410 805 1434 et
839 1402 1060 1441 tauriformis

258 1455 307 1479 est
320 1450 457 1479 Aufidus
476 1451 551 1479 Hor.
569 1451 603 1479 C.
632 1447 662 1489 4,
691 1448 741 1489 14,
763 1449 816 1479 25.
844 1467 882 1471 -—
910 1447 1060 1480 Flavius

259 1496 456 1532 „vocativus
483 1496 634 1530 antiquus
662 1500 725 1531 est,
761 1497 839 1531 quia
873 1497 957 1531 apud
989 1502 1059 1524 ma-

258 1542 344 1570 iores
370 1541 403 1569 in
429 1541 516 1570 omni
541 1541 644 1570 forma
672 1542 793 1570 similis
817 1547 884 1571 erat
909 1542 1058 1571 nomina-

259 1587 326 1615 tivo
472 1587 665 1621 Plerumque
712 1591 824 1622 poetae
879 1587 1059 1622 euphoniae

258 1639 380 1662 caussa
409 1632 633 1666 antiquitatem
668 1630 879 1667 sequtttititr.“
919 1635 951 1661 S.
1010 1632 1057 1661 Cf.

260 1680 311 1706 or.
338 1677 360 1712 s
385 1674 439 1705 75.
489 1677 775 1714 ef.n·10n.perig.
803 1676 867 1706 353
896 1670 1060 1716 Θύμβρις

259 1716 458 1760 ἐϋρῤείτης,
497 1718 673 1760 ποταμῶν
703 1716 965 1762 βασιλεύτατος
998 1715 1060 1750 ἐέλ-

258 1764 340 1795 λων.
389 1767 444 1796 Sic
467 1768 502 1795 G.
531 1764 558 1803 1,
584 1765 648 1794 482
673 1765 875 1796 Fluvinrum
902 1775 961 1795 rex
982 1764 1060 1795 Eri-

260 1809 376 1840 danus
394 1816 423 1840 et
445 1813 503 1840 Sil.
524 1809 554 1849 9,
585 1809 647 1840 187
669 1814 772 1852 pater
793 1820 966 1852 aquarum
990 1810 1061 1840 Au-

259 1854 420 1886 sonidum
450 1854 643 1885 Eridanus.

305 1900 358 1931 78.
387 1899 484 1930 adsis
506 1902 544 1931 cf.
574 1900 601 1939 1,
625 1899 702 1931 734.
730 1918 767 1922 -
799 1904 935 1931 tantum
965 1902 1004 1931 cf.
1031 1899 1061 1939 6,

259 1945 313 1975 7⁴.
342 1963 380 1967 ——
416 1943 564 1986 Propius
599 1951 633 1976 ut
668 1945 891 1987 praesentius
929 1952 977 1976 est
1010 1947 1062 1976 fir-

259 1993 364 2029 mius,
397 1993 503 2026 magis
535 1993 715 2028 perspicue.
751 2008 789 2012 —
823 1990 970 2021 numina
994 1990 1062 2030 fir-

260 2045 357 2066 mare
383 2037 422 2067 cf,
451 2036 488 2074 2,
522 2035 598 2066 691.
648 2039 756 2072 Atque
781 2040 840 2067 hoc
865 2040 933 2066 loco
959 2038 1061 2066 firmat

260 2082 433 2111 Tiberinus
459 2090 542 2117 quae
565 2083 657 2119 dixit,
683 2084 765 2118 quod
793 2083 903 2112 statim
928 2087 1060 2118 apparet

260 2129 320 2157 illa
340 2136 398 2157 sus
415 2128 535 2156 fatalis.
578 2125 633 2157 Gt.
657 2129 739 2158 coni.
766 2130 827 2158 tna
851 2126 921 2157 iam
943 2126 1061 2158 omina

259 2171 386 2209 firmes.

305 2216 358 2247 80.
385 2215 536 2259 remigio
562 2219 665 2258 aptat
697 2218 717 2246 i.
745 2227 772 2247 e.
799 2218 929 2247 instruit
964 2218 1061 2247 remis

262 2264 301 2293 cf.
329 2262 365 2302 3,
395 2261 471 2292 471.

260 2340 443 2371 Si—loi.
499 2339 603 2371 Sacro
634 2339 762 2371 Iunoni
799 2338 889 2372 facto
922 2339 1060 2372 Aeneas

391 2384 433 2416 ad
460 2384 660 2416 Evandrum
686 2384 928 2427 proficiscitur.

303 2440 358 2472 81.
388 2440 477 2471 Ecce
493 2443 531 2471 cf.
549 2441 694 2481 2,57.—
707 2441 857 2473 subitum
871 2447 1061 2474 monstrum

259 2489 298 2518 cf.
326 2486 363 2525 2,
388 2486 466 2517 680.

303 2532 357 2562 82.
385 2535 431 2562 De
454 2533 693 2568 praepositione
714 2540 777 2572 per
796 2534 835 2563 cf.
859 2535 899 2562 ad
922 2533 953 2569 5,
980 2530 1059 2561 103.

305 2577 360 2607 83.
388 2580 477 2607 Idem
503 2579 621 2614 legitur
644 2578 675 2615 3,
698 2577 776 2615 389,
801 2584 830 2606 et
852 2579 920 2607 fieri
937 2576 1062 2616 flumi-

261 2621 316 2652 nis
338 2622 386 2653 ad
410 2621 544 2662 ripam,
572 2625 657 2659 quod
683 2626 745 2652 hoc
769 2625 844 2652 loco
873 2621 908 2652 in
937 2621 1061 2658 litorc‚·

260 2670 344 2697 unde
379 2669 449 2697 noli
490 2677 622 2698 sumere
656 2676 716 2697 nec
755 2666 872 2708 ripam
910 2673 939 2696 et
978 2666 1061 2697 litus

260 2714 446 2749 significare
473 2715 569 2748 idem,
599 2722 659 2742 nee
678 2720 805 2749 poetam
823 2714 962 2742 miscere
981 2722 1062 2742 con-

260 2760 369 2788 traria.
409 2759 462 2787 Illi
488 2760 572 2787 enim
599 2761 672 2788 loco
692 2760 835 2788 additum
861 2764 911 2787 est
939 2756 1012 2787 illic
1031 2763 1061 2787 et

259 2804 298 2839 8,
329 2803 373 2833 42
399 2808 449 2832 est
478 2801 533 2833 hic
560 2806 645 2839 quod
677 2806 716 2833 ad
742 2802 815 2832 mic
846 2808 991 2840 spectat,
1033 2809 1061 2832 et

261 2846 393 2878 litoreis
420 2846 570 2888 ilicibus,
595 2854 626 2878 ut
653 2850 774 2878 erroris
800 2851 897 2878 locus
923 2858 962 2877 ne
984 2857 1063 2884 pos-

262 2895 301 2922 sit
329 2895 456 2928 quidem
482 2902 572 2923 esse.
622 2896 686 2923 Sed
710 2903 764 2923 res
787 2895 815 2922 fit
842 2899 870 2922 et
898 2896 937 2922 ad
958 2895 1059 2930 ripam

262 2944 291 2967 et
317 2939 350 2967 in
373 2940 484 2975 litore,
511 2947 584 2968 nam
610 2940 640 2968 fit
666 2941 697 2968 in
720 2940 846 2969 Tiberis
872 2940 968 2968 ostio.

306 2982 360 3012 84.
385 2987 484 3013 Suem
517 2989 549 3013 et
585 2993 717 3019 gregem
761 2985 847 3014 sistit
885 2986 924 3013 ad
957 2992 1059 3020 aram,

1124 111 1334 145 MAROMS

1850 227 1903 265 75

1114 396 1290 438 numina
1323 396 1487 438 firmes!

1104 509 1281 551 instruit
1315 511 1458 552 armis.
1847 511 1902 549 80

1117 567 1252 608 oculis
1285 567 1484 609 mirabile
1520 568 1772 617 monstrum,

1850 801 1903 840 85

1852 1083 1907 1123 90

1104 1224 1221 1253 Iunoni
1255 1231 1353 1253 sacra
1383 1223 1544 1252 facturus.
1594 1222 1632 1251 Ei
1658 1222 1760 1259 enim,
1791 1226 1824 1251 ut
1859 1226 1908 1251 te-

1106 1274 1212 1299 statur
1242 1270 1399 1303 Servius,
1436 1276 1536 1304 porca
1566 1273 1736 1297 mactatur.
1772 1283 1810 1288 --
1844 1265 1909 1297 tibi

1107 1313 1207 1344 enim.
1251 1315 1449 1343 Pronomina
1465 1315 1710 1349 coniunguntur
1726 1321 1799 1342 cum
1817 1311 1908 1342 enim

1106 1361 1264 1397 saeptus,
1297 1364 1329 1388 ut
1358 1367 1398 1388 ea
1425 1360 1586 1394 particula
1612 1359 1808 1388 affirmativa
1834 1359 1909 1394 ipsa

1107 1407 1210 1441 magis
1235 1406 1420 1441 firmentur;
1447 1407 1534 1439 quod
1561 1405 1589 1434 tit
1609 1409 1724 1434 nostra
1748 1405 1909 1440 particula

1108 1449 1210 1489 eben,
1246 1448 1390 1491 get-ade.
1441 1452 1507 1480 Cic.
1534 1452 1573 1479 de
1599 1452 1666 1479 div.
1696 1448 1736 1487 2,
1769 1449 1832 1487 26,
1865 1449 1910 1478 56

1109 1494 1149 1525 ld
1183 1493 1270 1525 enim
1308 1498 1376 1534 est,
1412 1493 1567 1536 inquies,
1599 1497 1791 1525 ostentum:
1838 1492 1910 1524 Das

1106 1539 1187 1570 eben
1227 1539 1272 1570 ist
1303 1538 1346 1579 ja
1383 1538 1449 1570 das
1487 1538 1656 1570 qunder.
1684 1556 1730 1560 —
1753 1542 1808 1569 Sic
1845 1542 1909 1569 hoc

1105 1589 1178 1615 loco
1213 1590 1287 1622 post
1314 1594 1344 1615 v.
1371 1585 1416 1614 60
1448 1591 1664 1621 exspectatur
1689 1586 1808 1614 Iunoni
1833 1590 1909 1614 ante

1107 1640 1222 1661 omnes
1253 1631 1395 1660 futurum
1427 1639 1506 1660 esse
1534 1639 1678 1660 sacrum.
1727 1632 1820 1660 Adde
1850 1631 1909 1659 sii.

1109 1676 1169 1713 13,
1205 1676 1267 1705 136
1308 1674 1442 1705 Mactat
1475 1673 1568 1705 Diva
1603 1674 1680 1713 tibi,
1708 1673 1772 1706 tibi
1807 1673 1909 1714 enim,

1106 1719 1191 1751 haec
1217 1719 1424 1762 gratissima
1455 1729 1570 1750 sacra.
1596 1737 1640 1743 —
1671 1718 1827 1751 Maxima
1853 1723 1910 1750 Iu-

1107 1767 1204 1795 nonis
1237 1771 1287 1795 cst
1322 1767 1498 1801 proprium.
1547 1767 1601 1796 Sic
1636 1768 1722 1802 apud
1758 1767 1909 1795 Ovidium

1107 1813 1181 1847 ipsa
1203 1812 1282 1840 dixit
1309 1809 1467 1841 Maxima
1492 1809 1580 1841 Iuno
1605 1809 1672 1841 rite
1689 1820 1791 1840 vocor
1812 1814 1854 1841 M.
1877 1810 1910 1850 3,

1107 1856 1184 1886 264.

1152 1913 1208 1942 85.
1235 1921 1309 1942 cum
1333 1913 1457 1953 {grege
1489 1916 1520 1941 et
1550 1913 1656 1948 ipsum
1683 1920 1815 1948 gregem
1847 1912 1909 1948 (cf.

1107 1958 1144 1994 2,
1174 1959 1247 1994 72.)
1275 1959 1404 1994 triginta
1431 1961 1651 1993 porculorum.
1677 1974 1720 1978 —
1746 1955 1838 1987 sistit
1863 1954 1911 1987 ad

1107 2013 1206 2033 aram
1235 2004 1276 2033 cf.
1301 2005 1341 2041 5,
1374 2003 1451 2032 237.

1152 2060 1207 2089 86.
1236 2069 1339 2100 qnam
1367 2057 1478 2099 longa
1502 2061 1552 2088 est
1579 2058 1621 2088 cf.
1646 2057 1684 2097 4,
1715 2057 1789 2088 193.

1151 2116 1206 2145 87.
1230 2115 1380 2155 refluens
1401 2113 1555 2145 substitit
1581 2117 1696 2151 „velut
1722 2116 1754 2144 in
1776 2117 1909 2144 alveum

1107 2170 1203 2191 suum
1233 2170 1420 2197 recurrens,
1447 2165 1476 2189 ut
1500 2162 1635 2190 Aeneas
1661 2165 1776 2189 contra
1802 2162 1909 2190 undas

1107 2215 1249 2242 pergens
1276 2206 1511 2235 descendentis
1540 2206 1709 2234 celeritate
1734 2214 1910 2241 propemo-

1107 2255 1180 2282 dum
1204 2250 1380 2281 uteretur.“
1404 2255 1436 2280 S.
1461 2267 1505 2272 —
1533 2250 1646 2280 tacita
1663 2249 1760 2280 unda
1783 2249 1910 2280 substi-

1106 2296 1169 2327 tit.-
1210 2299 1344 2326 Plenius
1371 2297 1507 2332 uictum,
1540 2301 1573 2324 ut
1599 2297 1669 2325 Tib.
1701 2295 1738 2334 4,
1774 2295 1809 2334 l,
1845 2296 1909 2325 126

1103 2340 1258 2383 placidis
1282 2350 1377 2371 mare
1396 2339 1550 2370 constitit
1580 2339 1696 2370 undis.
1722 2341 1764 2371 cf.
1791 2340 1830 2378 4,
1852 2340 1908 2371 22.

1151 2398 1205 2426 89.
1237 2395 1370 2426 Sternit
1407 2395 1510 2437 aquis
1541 2405 1687 2437 aequor,
1728 2397 1782 2432 qui
1811 2398 1908 2432 aquis

1107 2444 1218 2473 stratis
1247 2443 1322 2471 facit
1347 2451 1480 2477 aequor.
1529 2442 1684 2472 Defluens
1710 2442 1798 2472 fluvii
1821 2450 1910 2477 aqua

1110 2489 1272 2525 substitit,
1307 2493 1339 2517 ut
1366 2496 1532 2517 ascensus
1559 2496 1622 2517 non
1648 2493 1740 2517 esset
1764 2490 1908 2518 adverso

1107 2534 1237 2563 flumine
1267 2534 1514 2569 navigantibus.
1567 2531 1675 2562 Remo
1705 2530 1835 2564 luctari
1859 2534 1908 2562 di-

1106 2580 1152 2608 xit
1177 2580 1273 2607 etiam
1299 2581 1358 2608 Ov.
1385 2582 1437 2609 Tr.
1463 2578 1500 2616 4,
1524 2577 1562 2616 5,
1591 2578 1642 2607 19.

1152 2624 1207 2653 90.
1233 2632 1371 2653 rumore
1407 2621 1558 2653 secundo
1599 2620 1651 2654 ΡΙ.
1684 2626 1797 2653 censet
1827 2630 1907 2651 esse

1108 2667 1257 2698 clamore
1285 2667 1434 2698 secvndo
1453 2669 1698 2704 accipiendum3
1723 2676 1830 2702 neque
1856 2672 1907 2696 ta·-

1107 2723 1181 2743 men
1215 2715 1399 2752 probabile,
1442 2714 1474 2743 in
1499 2719 1584 2742 terra
1615 2713 1778 2748 incognita
1811 2716 1843 2741 et
1873 2713 1906 2742 in

1109 2768 1238 2788 summa
1264 2768 1370 2788 rerum
1403 2760 1655 2795 exspectatione
1680 2762 1799 2787 nautas
1836 2758 1907 2787 cla-

1109 2813 1230 2833 morem
1273 2805 1472 2840 sustulisse,
1514 2805 1597 2839 quod
1637 2803 1756 2832 factum
1790 2806 1839 2831 est
1873 2801 1906 2840 3,

1111 2850 1186 2878 1⁶28.
1238 2847 1369 2878 Rumor
1394 2851 1491 2879 etiam
1524 2854 1575 2878 est
1607 2856 1711 2877 sonus
1744 2855 1907 2882 suppres-

1109 2904 1169 2925 sus
1195 2903 1260 2923 non
1284 2897 1412 2929 clarus,
1437 2899 1467 2923 et
1493 2896 1532 2922 de
1553 2901 1713 2922 remorum
1739 2894 1811 2921 sine
1839 2895 1907 2922 ulla

1108 2941 1328 2969 haesitatione
1352 2945 1511 2969 motorum
1537 2938 1673 2972 strepitu
1705 2943 1793 2967 recte
1824 2939 1906 2967 dici-

1108 2990 1160 3015 tur
1186 2993 1304 3015 rumor
1330 2981 1512 3015 secundus.
1561 2986 1672 3018 Neque
1699 2991 1729 3012 v.
1762 2982 1826 3012 108
1850 2985 1906 3014 ta-
