2023 3350
267 115 355 153 482

846 113 880 143 P.
909 112 1102 146 leGILII
1129 113 1341 148 MARONIS

268 226 378 267 Acta
415 223 558 265 furore
597 223 736 276 gravi:
777 223 888 274 Quid
927 239 995 266 me
1032 226 1124 268 alta
1157 228 1330 270 silentia
1369 230 1486 283 cogis

269 284 479 334 Rumpere
516 284 558 321 et
600 280 834 323 obductum
875 282 1016 324 verbis
1052 284 1227 337 volgare
1262 286 1483 328 dolorem?

270 341 442 380 Aenean
482 338 703 379 hominum
742 339 971 393 quisquam
1007 338 1235 396 divomque
1269 344 1439 398 subegit
1860 346 1913 385 65

267 396 391 439 Bella
427 396 564 449 sequi,
609 400 684 437 aut
723 396 892 439 hostem
929 398 1023 452 regi
1060 413 1105 440 se
1138 399 1298 443 inferre
1338 402 1526 446 Latino?

270 454 442 495 ltaliam
478 454 604 508 petiit
649 453 750 495 fatis
785 456 1044 497 auctoribus.

1105 457 1210 499 Esto
1222 471 1231 509 3

271 510 538 553 Cassandrae
575 511 786 566 impulsus
821 513 963 555 furiis:
1005 528 1107 555 num
1140 514 1336 569 linquere
1377 520 1523 559 castra

271 569 447 611 Hortati
483 583 646 620 sumus,
682 573 757 611 aut
785 571 918 612 vitam
955 572 1224 615 committere
1260 574 1427 615 ventis?

270 627 381 668 Num
418 640 553 681 puero
591 641 803 669 summam
837 628 960 681 belli,
996 644 1097 671 num
1132 630 1305 672 credere
1340 632 1517 673 muros?
1860 634 1915 673 70

271 684 621 738 Tyrrhenamque
655 685 781 726 fidem
822 691 898 728 aut
937 691 1084 740 gentes
1124 689 1292 742 agitare
1332 690 1527 743 quietas?

272 742 374 792 Quis
418 742 521 784 deus
557 742 600 783 in
635 742 848 796 fraudem,
885 759 993 798 quae
1030 746 1139 787 dura
1177 747 1372 800 potentia
1407 750 1556 789 nostra

270 800 400 853 Egit?
441 799 517 841 ubi
553 800 623 841 hic
661 802 783 854 Iuno,
825 802 1062 845 demissave
1098 804 1284 846 nubibus
1318 805 1427 846 Iris?

271 857 499 911 Indignum
539 862 604 899 est
638 858 770 900 Italos
811 860 984 902 Troiam
1020 862 1286 904 circumdare
1320 862 1503 904 fiammis

270 915 544 967 Nascentem,
583 919 626 957 et
661 917 805 970 patria
840 918 1028 960 Turnum
1060 920 1294 963 consistere
1334 923 1464 973 terra,
1861 918 1914 958 75

272 973 351 1015 Cui
384 973 605 1015 Pilumnus
641 988 762 1026 avus,
795 976 862 1017 cui
899 977 997 1018 diva
1033 977 1202 1019 Venilia
1236 981 1396 1030 mater,

273 1031 397 1082 Quid,
436 1030 531 1073 face
563 1031 771 1074 Troianos
813 1038 910 1076 atra
947 1035 1032 1076 vim
1066 1035 1179 1077 ferre
1214 1036 1390 1088 Latinis,

273 1136 436 1167 62—95.
503 1137 591 1168 Iuno
633 1136 779 1169 crimina
820 1137 856 1170 in
896 1139 1067 1173 Venerem

606 1187 728 1220 reiicit.

319 1231 371 1262 63.
399 1231 483 1273 quid
507 1243 560 1263 me
582 1244 613 1264 a.
636 1245 661 1265 s.
686 1245 713 1265 c.
739 1244 764 1265 r.
803 1239 914 1272 Itaque
940 1241 971 1266 tu
996 1237 1070 1273 ipsa

273 1286 394 1309 caussa
429 1288 464 1309 es
489 1280 653 1318 rixarum,
694 1290 776 1317 quas
817 1292 875 1319 ego
912 1284 1068 1313 vitabam.

271 1327 351 1354 Iuno
369 1325 464 1363 enim,
488 1334 571 1361 quae
588 1335 609 1356 a
631 1330 709 1357 Iove
727 1337 768 1358 ex
786 1330 907 1363 proelio
923 1331 1070 1359 recedere

272 1372 366 1400 iussa
402 1376 451 1400 est
475 1371 533 1409 (9,
558 1370 656 1409 804),
680 1375 771 1403 Iovis
794 1375 876 1404 ferre
897 1379 1069 1410 reprelien-

273 1417 397 1446 sionem
433 1417 571 1454 cogitur3
616 1419 683 1448 iam
717 1428 791 1449 vero
826 1421 923 1449 etiam
955 1423 1068 1451 Venus

272 1470 342 1491 eam
391 1463 537 1501 incusat,
585 1473 684 1499 quare
731 1467 875 1495 animum
919 1468 1068 1496 cohibere

272 1517 335 1537 non
360 1509 514 1547 sustinet,
541 1510 688 1546 iramque
713 1511 844 1540 effundit
869 1513 902 1540 in
926 1520 1008 1551 eam,
1033 1514 1067 1541 in

273 1561 370 1590 qnam
392 1555 477 1584 licet.

319 1597 372 1628 64.
397 1597 599 1630 obductum:
642 1604 745 1639 „Nam
771 1599 896 1632 obduci
919 1604 1068 1633 dicuntur

272 1647 429 1683 vulnera,
470 1654 552 1681 quae
585 1647 736 1677 cicatrice
765 1648 994 1679 claitduiittir.“
1033 1652 1065 1679 S.

272 1692 373 1726 Quem
394 1693 534 1721 dolorem
559 1694 690 1722 haberet
713 1694 797 1723 dixit
826 1693 852 1730 1,
880 1693 933 1723 23.

319 1735 371 1765 65.
399 1734 490 1766 bella
515 1735 629 1777 sequi.-
667 1740 776 1768 Dubia
801 1741 900 1769 utitur
931 1741 1070 1770 formula

272 1784 371 1819 Iuno,
401 1787 437 1811 ut
459 1783 493 1811 in
524 1783 630 1817 ipsum
663 1786 811 1814 Aeneam
837 1787 915 1815 belli
942 1789 1070 1822 culpam

271 1829 428 1863 conferat;
461 1829 613 1858 intulisse
645 1831 730 1860 enim
771 1833 891 1861 bellum
924 1833 1071 1862 Aeneam

271 1883 333 1903 non
359 1878 479 1909 poterat
500 1875 614 1904 dicere.

319 1918 370 1948 67.
399 1923 470 1949 esto
497 1919 620 1960 (gum)
640 1922 671 1950 id
689 1924 914 1952 concedamus.
944 1940 982 1944 —
1010 1933 1071 1963 pe-

271 1963 329 1995 tiit
360 1964 452 2002 fatis
478 1968 557 1995 Mss.
594 1966 689 2005 satis
728 1966 831 2008 petiit
861 1967 920 1997 Hs.
947 1975 975 1998 et
1001 1967 1069 1999 Hn.

271 2013 496 2046 emendavere,
527 2020 625 2047 quum
652 2013 682 2041 in
708 2011 798 2048 fatis
818 2016 994 2050 praecipua
1016 2017 1071 2045 vis

271 2058 402 2086 inesset.
452 2058 497 2086 At
514 2063 597 2088 recte
612 2062 690 2087 Mss.
732 2062 812 2088 Nam
830 2069 931 2090 unum
945 2066 1069 2091 constat

273 2100 417 2132 Italiam
448 2101 569 2143 pomi,-
600 2107 738 2134 alterum
766 2110 813 2134 est
835 2105 928 2144 fatis
951 2111 1073 2137 aucto-

271 2146 386 2186 ribus,
424 2151 506 2184 quod
537 2156 685 2180 constare
726 2156 819 2188 negat
854 2155 951 2189 Iuno,
988 2162 1071 2189 quae

272 2195 418 2224 Aeneam
475 2194 662 2234 impulsum
718 2205 792 2227 esse
847 2197 1073 2229 Cassandrae

265 2238 378 2277 furiis
408 2242 592 2271 arbitratur.
642 2244 730 2273 Haec
773 2245 833 2272 duo
876 2245 974 2279 igitur
1006 2254 1069 2275 non

271 2287 427 2315 debebant.
453 2287 592 2317 misceri.

317 2330 368 2361 68.
401 2330 626 2362 Cassandrae
651 2332 777 2371 furiis.
837 2337 980 2371 Maligne
1011 2346 1067 2366 ex-

270 2378 368 2412 plicat
392 2378 461 2407 fata
482 2379 611 2408 effatam
636 2389 709 2409 esse
735 2383 827 2410 modo
847 2383 1068 2412 Cassandram

269 2423 437 2452 furentem.
491 2426 538 2454 De
571 2433 610 2454 ea
633 2426 671 2455 cf.
701 2425 736 2463 2,
763 2426 837 2455 246.
865 2444 902 2448 —
933 2430 998 2458 Cur
1017 2438 1068 2459 re-

269 2470 365 2504 liquit
392 2474 503 2499 castra
531 2475 561 2499 et
595 2471 704 2500 itineri
732 2481 767 2501 se
791 2475 951 2503 commisit
982 2477 1067 2510 peri-

270 2517 392 2552 culoso,
437 2524 495 2545 cur
537 2525 635 2551 puero
676 2517 863 2555 (Ascanio)
903 2528 1065 2550 summam

269 2561 397 2596 imperii
442 2566 472 2591 et
514 2563 605 2591 urbis
649 2565 787 2593 salutem
828 2567 988 2595 commisit
1028 2576 1064 2597 eo

270 2611 427 2643 tempore,
461 2616 522 2642 quo
562 2611 671 2637 hostes
702 2615 777 2639 ante
818 2616 929 2646 portas
963 2618 1064 2650 erant,

270 2661 328 2681 cur
355 2654 395 2681 ad
419 2654 605 2689 Tyrrhenos
639 2655 799 2690 profectus
824 2658 944 2686 excitat
972 2660 1064 2693 quie-

269 2702 321 2727 tas
341 2699 509 2728 nationes?
559 2702 627 2728 Hae
649 2706 723 2729 sunt
746 2709 885 2732 caussae
908 2711 1065 2739 praesen-

269 2744 349 2773 tium
367 2747 540 2781 malorum3
565 2754 657 2775 nemo
677 2751 785 2776 tamen
798 2748 902 2778 dicere
923 2752 1063 2789 audebit,

268 2798 318 2818 me
342 2790 467 2820 fecisse.

314 2832 368 2863 71.
399 2833 683 2876 Tyrrhenamque
729 2841 772 2867 Μ.
816 2840 884 2869 alii.
932 2857 969 2861 —
1025 2850 1066 2871 ve

267 2881 360 2917 RVc3
392 2884 449 2911 sed
478 2890 542 2911 non
566 2887 615 2912 est
646 2886 705 2913 hoc
721 2885 860 2919 apriore
884 2887 1063 2925 diversum,

268 2927 323 2954 sed
363 2936 435 2956 cum
472 2936 509 2957 eo
551 2929 765 2959 coniunctum.
806 2947 844 2951 —
875 2930 987 2970 fidem
1031 2936 1063 2963 et

267 2974 391 3010 gentes
420 2971 579 3013 agitare.-
613 2975 659 3003 ita
691 2976 824 3006 diversa
856 2978 981 3008 obiecta
1006 2980 1062 3008 uni

272 3019 346 3045 erbo
369 3019 598 3055 adiunguntur
628 3019 656 3058 1,
684 3019 737 3050 78.

1162 1141 1215 1172 72.
1247 1140 1400 1172 Fraudis
1440 1141 1559 1176 ubique
1593 1143 1658 1169 stat
1702 1137 1833 1174 propria
1868 1136 1918 1165 si-

1115 1189 1277 1226 gnificatio
1299 1189 1364 1218 doli
1389 1188 1486 1223 mali3
1512 1191 1542 1216 et
1566 1187 1648 1215 illud
1665 1193 1708 1214 ne
1719 1183 1827 1222 fraus
1844 1184 1916 1212 esto

1115 1239 1257 1264 mutatur
1295 1236 1381 1270 apud
1421 1234 1554 1262 Livium
1592 1231 1652 1270 22,
1685 1227 1726 1259 10
1749 1232 1850 1259 altero
1872 1236 1916 1257 ne

1115 1279 1226 1310 scelus
1248 1284 1330 1311 esto.
1378 1281 1470 1309 Adde
1496 1280 1654 1308 formulas
1676 1277 1760 1306 iuris
1784 1276 1917 1306 consul-

1115 1332 1218 1356 torum
1240 1324 1369 1365 fraudi
1393 1328 1443 1355 est
1462 1323 1571 1355 alicui
1597 1321 1734 1363 aliquid
1759 1326 1789 1351 et
1811 1320 1917 1360 fraus

1117 1376 1188 1403 esto
1240 1374 1274 1402 in
1310 1374 1446 1410 legibus,
1502 1373 1676 1401 Praeterea
1705 1367 1832 1406 fraus,
1878 1369 1914 1395 ut

1105 1417 1222 1457 fides,
1256 1422 1386 1455 metus,
1419 1418 1498 1456 alia,
1529 1425 1595 1446 non
1619 1416 1710 1446 modo
1734 1414 1767 1442 in
1792 1421 1829 1443 eo
1855 1416 1915 1450 est,

1114 1465 1169 1498 qui
1185 1465 1324 1500 fraudat,
1349 1466 1404 1494 sed
1424 1465 1521 1494 etiam
1538 1464 1572 1492 in
1589 1471 1637 1500 eo,
1662 1461 1718 1497 qui
1735 1459 1914 1490 fraudatur.

1115 1511 1168 1539 Sic
1204 1518 1255 1545 ap.
1294 1512 1358 1540 Cic.
1395 1511 1431 1538 in
1466 1510 1534 1539 Pis.
1580 1508 1608 1546 1,
1643 1505 1659 1536 1
1686 1505 1722 1535 in
1741 1503 1915 1544 fraudem

1113 1553 1253 1595 impulit
1289 1557 1470 1590 explicatur
1510 1559 1540 1583 et
1571 1553 1763 1583 describitur
1786 1550 1913 1581 verbis:

1115 1598 1261 1640 decepit,
1298 1598 1447 1639 fefellit.
1489 1598 1642 1629 induxit.
1694 1599 1749 1627 Sic
1773 1598 1846 1626 ΒΑ.
1872 1592 1916 1624 21

1114 1643 1213 1675 Haec
1237 1649 1268 1675 te
1293 1645 1412 1686 opinio
1428 1643 1531 1685 falsa
1559 1643 1593 1673 in
1620 1643 1722 1673 istam
1744 1641 1916 1681 fraudem

1115 1689 1265 1732 impulit.
1319 1693 1429 1721 Minus
1452 1695 1602 1721 accurate
1611 1689 1718 1729 fraus
1731 1689 1916 1724 explicatur

1114 1746 1171 1772 per
1183 1739 1344 1767 damnum.
1359 1736 1470 1767 nostri
1483 1735 1549 1766 Ml.
1563 1739 1685 1766 nostra
1695 1734 1914 1774 M2P‘RVybc,

1116 1785 1199 1818 quod
1230 1792 1316 1813 nunc
1346 1785 1436 1813 docet
1469 1780 1531 1812 Rb.
1578 1784 1649 1811 Stat
1673 1786 1845 1817 utrumque
1871 1780 1913 1810 cf.

1115 1827 1147 1866 4,
1174 1827 1251 1858 237.

1163 1900 1217 1931 74.
1243 1904 1415 1939 Indignum
1445 1907 1504 1941 est,
1526 1902 1592 1931 ista
1612 1902 1741 1937 quidem
1758 1905 1815 1930 tua
1839 1908 1915 1930 sen-

1117 1949 1227 1985 tentia,
1267 1956 1329 1978 sua
1362 1950 1506 1977 Turnum
1541 1949 1574 1977 in
1615 1948 1723 1983 patria
1760 1947 1915 1977 resistere

1117 1995 1203 2023 hosti
1236 1995 1267 2022 in
1295 2000 1411 2024 terram
1439 2002 1533 2024 suam
1556 1994 1735 2031 invadenti,
1761 2001 1835 2022 eum
1857 1992 1914 2028 qui

1117 2045 1148 2069 et
1172 2048 1192 2069 a
1219 2042 1275 2069 deo
1301 2045 1329 2069 et
1356 2048 1374 2069 a
1396 2042 1453 2070 dea
1480 2041 1636 2078 originem
1664 2039 1766 2078 ducit,
1791 2047 1856 2068 non
1877 2041 1913 2067 ut

1117 2088 1250 2115 Aeneas
1272 2088 1379 2116 solum
1403 2094 1424 2116 a
1453 2088 1522 2116 dea.

1164 2169 1216 2200 76.
1244 2173 1310 2201 Hoc
1336 2179 1453 2208 versu,
1479 2179 1572 2205 quem
1597 2173 1673 2200 sunt
1693 2169 1750 2205 qui
1774 2169 1911 2205 ineptis-

1116 2218 1233 2246 simum
1263 2223 1294 2247 et
1325 2217 1611 2254 languidissirnum
1638 2216 1841 2253 Virgilioque
1861 2216 1913 2244 in-

1116 2264 1343 2300 dignissimum
1367 2268 1397 2292 et
1423 2265 1463 2292 ab
1488 2263 1554 2291 alio
1572 2263 1735 2298 appictum
1760 2262 1912 2299 iudicent,

1115 2311 1334 2339 demonstrare
1373 2311 1506 2338 debehat
1545 2310 1625 2337 Iuno
1666 2309 1811 2337 Turnum
1847 2316 1913 2336 non

1114 2355 1307 2392 ignobiliore
1329 2357 1398 2385 loco
1419 2359 1528 2383 natum
1547 2362 1621 2383 esse
1641 2362 1738 2390 quam
1753 2355 1909 2384 Aeneam.

1114 2402 1220 2430 Simul
1244 2398 1381 2430 senilia
1406 2403 1551 2436 nympha
1569 2401 1725 2437 dignitate
1749 2407 1770 2429 a
1788 2401 1912 2429 Iunone

1113 2452 1299 2482 comparata
1337 2447 1455 2476 Veneri
1497 2451 1601 2476 movet
1643 2446 1911 2483 indignationem.

1118 2490 1169 2522 Pl.
1207 2495 1289 2522 delet
1331 2501 1463 2521 versum
1513 2496 1682 2527 monetque
1723 2492 1911 2521 Pilumnum

1112 2547 1175 2567 non
1209 2547 1310 2567 avum
1340 2538 1446 2567 fuisse
1471 2540 1525 2567 sed
1551 2541 1713 2578 quartum
1740 2541 1910 2578 patrem

1112 2593 1143 2613 v.
1171 2583 1246 2613 619.
1273 2585 1369 2619 qnasi
1394 2585 1426 2613 id
1442 2586 1516 2621 Vgl.
1542 2584 1732 2621 nesciverit,
1753 2584 1835 2619 quod
1857 2579 1908 2611 Pl.

1111 2633 1151 2659 ab
1185 2631 1254 2666 ipso
1294 2632 1404 2660 doctus
1443 2635 1501 2659 est.
1548 2631 1630 2658 Rem
1661 2630 1743 2659 satis
1766 2628 1912 2664 explicat
1949 2641 1953 2645 -

1111 2678 1141 2704 S·
1172 2678 1213 2705 ad
1239 2674 1268 2712 9,
1296 2674 1326 2704 3.

1160 2747 1212 2778 77.
1239 2751 1337 2778 Estne
1378 2752 1437 2779 hoc
1468 2750 1602 2785 dignum
1642 2752 1700 2778 aut
1733 2747 1908 2783 ferendum,

1116 2796 1274 2824 Troianos
1297 2796 1484 2824 Latinorum
1502 2797 1596 2824 sedes
1606 2793 1753 2824 incendio
1773 2796 1803 2822 et
1822 2794 1908 2821 bello

1113 2843 1229 2878 delere,
1255 2842 1366 2871 aliena
1380 2848 1463 2870 arva
1480 2841 1543 2870 sibi
1555 2840 1714 2869 subiicere
1725 2842 1756 2867 et
1768 2839 1909 2873 praedas

1111 2894 1224 2924 agere,
1263 2888 1382 2924 eligere
1414 2887 1479 2916 sibi
1509 2893 1658 2923 soceros,
1689 2891 1769 2919 quos
1801 2885 1909 2913 velint

1109 2933 1190 2969 ipsi,
1224 2942 1287 2962 non
1317 2941 1337 2962 a
1365 2934 1483 2968 quibus
1513 2932 1730 2967 accipiantur,
1760 2933 1791 2958 et
1813 2931 1870 2959 vel
1889 2938 1907 2959 e

1107 2980 1229 3015 gremio
1254 2987 1367 3014 rapere
1380 2983 1504 3015 pactaS‚
1529 2984 1640 3012 pacem
1657 2983 1749 3006 orare
1764 2976 1908 3012 supplici

1108 3033 1188 3055 voce
1212 3030 1241 3054 et
1267 3030 1372 3054 tamen
1396 3025 1519 3053 interea
1544 3024 1665 3052 bellum
1691 3023 1830 3058 parare?

2010 650 2014 686 l
