2023 3350
248 122 329 160 228

247 232 302 272 Et
339 229 566 283 prohibete
601 228 730 270 nefas.

813 118 850 149 P.
881 117 1077 150 vmfflut
1112 116 1322 151 MARONIS

793 229 877 270 Olli
909 230 1141 272 certamine
1175 245 1337 273 summo

246 286 561 337 Procumbunt3
610 286 742 326 vastis
779 286 926 327 tremit
961 287 1118 328 ictibus
1154 301 1281 329 aerea
1309 288 1477 343 puppis,

248 344 613 396 Subtrahiturque
657 342 812 394 s01um3
860 347 951 384 tum
991 343 1140 385 creber
1176 345 1390 387 anhelitus
1427 348 1547 387 artus

245 400 464 453 Aridaquc
503 413 580 440 ora
619 399 779 452 quatit,
826 398 957 441 sudor
993 399 1089 441 fluit
1127 401 1314 454 undique
1345 403 1458 445 rivis.

1800 403 1883 443 200

245 456 403 498 Attulit
439 456 531 509 ipse
565 456 666 497 viris
705 460 901 509 optatum
941 470 1064 498 casus
1103 457 1320 499 honorem.

244 514 440 565 Namque
472 512 616 553 furens
657 513 788 554 animi
828 514 929 555 dum
964 528 1141 567 proram
1183 514 1238 555 ad
1273 528 1378 557 saxa
1417 515 1653 569 suburguet

245 570 430 611 Interior
469 570 695 623 spatioque
733 569 849 612 subit
886 571 1109 624 Sergestus
1149 570 1309 625 iniquo,

245 626 399 668 Infelix
435 627 550 667 saxis
589 627 633 667 in
666 627 1021 680 procurrentibus
1056 628 1208 669 haesit.

247 684 490 725 Concussae
526 687 691 735 cautes,
741 687 784 725 et
821 688 948 726 acuto
985 686 1030 726 in
1064 685 1226 726 murice
1256 684 1363 725 remi

1803 686 1884 726 205

248 740 405 782 Obnixi
446 754 666 795 crepuere,
704 740 915 795 inlisaque
952 756 1083 795 prora
1117 741 1333 796 pependit.

247 798 519 850 Consurgunt
553 802 710 839 nautae
747 802 789 840 et
824 812 979 853 magno
1021 800 1207 841 clamore
1239 801 1476 850 morantur,

245 855 534 909 Ferratasque
573 855 721 896 trudes
760 859 803 897 et
841 859 971 898 acuta
1008 857 1184 910 cuspide
1223 860 1374 898 contos

245 911 492 965 Expedjunt
526 911 775 965 fractosque
815 913 965 967 legunt
1001 914 1045 955 in

245 971 302 1010 At
336 969 474 1010 laetus
512 969 780 1021 Mnestheus,
828 984 1114 1024 successuque
1152 971 1293 1012 acrior
1327 970 1434 1024 ipso,

1087 914 1257 967 gurgite
1294 925 1445 954 remos.

1801 970 1884 1009 210

246 1026 426 1079 Agmine
457 1039 671 1068 remorum
711 1027 839 1069 celeri
874 1028 1096 1081 ventisque
1130 1028 1294 1069 vocatis

246 1083 387 1124 Prona
426 1083 536 1136 petit
572 1084 710 1125 maria
750 1088 792 1126 et
828 1084 982 1139 pelago
1021 1084 1213 1127 decurrit
1247 1086 1409 1138 aperto.

245 1140 391 1190 Qualis
425 1140 628 1193 spelunca
663 1140 805 1183 subito
843 1145 1060 1183 commota
1102 1141 1313 1193 columba,

248 1197 327 1239 Cui
367 1196 516 1238 domus
557 1201 598 1238 et
637 1197 783 1240 dulces
817 1198 1039 1240 latebroso
1081 1200 1125 1240 in
1165 1199 1333 1254 pumice
1368 1196 1471 1248 nidi,

245 1254 402 1295 Fertur
437 1253 482 1295 in
519 1267 622 1296 arva
656 1255 806 1297 volans
845 1255 1128 1310 plausumque
1167 1255 1374 1298 exterrita
1411 1252 1562 1307 pennis

295 1379 368 1410 197.
402 1378 580 1411 Prohibcte
608 1380 731 1420 nesam
763 1383 808 1411 ita
834 1385 892 1412 Ov.
920 1385 962 1411 Μ.
994 1381 1043 1421 10,

247 1425 323 1455 323.
364 1429 442 1455 Stat.
473 1427 570 1455 Theb.
606 1426 640 1463 6,
668 1425 730 1456 181
762 1425 835 1457 Hoc
865 1426 1042 1468 prohibete

246 1472 362 1509 nefas.
394 1472 451 1499 Sil.
472 1470 502 1508 2,
520 1470 583 1500 373
614 1469 658 1500 Di
675 1471 798 1512 procul
824 1482 842 1502 ο
864 1470 1043 1513 prohibete

245 1515 361 1554 nefas.
411 1514 446 1553 4,
472 1514 535 1544 415
574 1514 646 1546 Hoc
675 1520 788 1547 arcete
818 1517 933 1555 nefas.
981 1520 1042 1547 Sed

247 1561 351 1598 nefas
378 1562 476 1590 nimis
501 1565 613 1591 acerbe
640 1563 737 1600 dixit,
774 1564 868 1598 quasi
901 1564 943 1592 sit
968 1572 1040 1598 pec-

247 1612 352 1636 catum
382 1607 414 1635 in
446 1608 538 1636 deum
564 1608 731 1637 Anchisen
757 1609 846 1637 vinci
872 1609 905 1637 in
937 1613 1039 1638 certa-

246 1653 342 1686 mine,
368 1654 451 1687 quod
475 1653 508 1681 in
531 1653 602 1682 eius
629 1656 779 1682 honorem
805 1654 994 1683 instituitur.

300 1695 373 1726 198.
401 1699 543 1727 Navium
577 1703 680 1727 rostra
717 1701 902 1733 plerumque
942 1699 1045 1728 trifida

249 1742 309 1777 (cf.
335 1751 367 1771 v.
398 1741 470 1772 143.
501 1741 532 1780 8,
565 1741 618 1771 69.
667 1745 745 1772 Inde
766 1749 903 1772 rostrum
930 1745 1045 1773 dicitur

247 1795 304 1816 aes
336 1789 458 1816 tridens
490 1790 564 1817 Val.
591 1790 638 1816 Fl.
671 1786 698 1824 1,
726 1787 811 1825 689)
847 1797 921 1818 aere
946 1791 1044 1818 obdu-

249 1836 417 1871 cebantur,
445 1834 516 1861 inde
545 1838 759 1862 memorantur
785 1838 915 1863 aeratae
939 1842 1044 1864 naves

249 1877 278 1915 1,
305 1876 357 1906 35.
383 1877 414 1911 S,
440 1877 514 1907 675.
543 1876 572 1915 9,
602 1876 675 1907 121.
708 1877 758 1913 10,
787 1878 862 1908 214.
893 1877 944 1916 11,
967 1878 1043 1908 329.

248 1925 282 1952 G.
313 1921 343 1960 3,
370 1922 422 1951 29.
463 1925 538 1952 Hor.
566 1925 600 1953 C.
628 1922 658 1961 2,
690 1922 739 1961 16,
766 1923 818 1954 21.
857 1926 951 1955 caes.
978 1926 1041 1955 BC.

296 2011 369 2041 199.
400 2010 521 2042 Solum
544 2014 641 2042 navis
659 2018 706 2042 est
733 2022 837 2050 mare3
862 2017 944 2050 quod
965 2019 1042 2045 sub-

247 2059 332 2087 trahi
365 2058 510 2095 videtur,
549 2067 645 2093 quum
670 2060 768 2088 navis
800 2062 947 2090 celeriter
970 2070 1043 2097 per-

248 2104 355 2133 currit.

293 2147 369 2177 200.
399 2145 495 2178 Fluit
518 2146 622 2185 rivis,
659 2146 694 2178 in
724 2147 903 2188 Striimen,
935 2160 1042 2189 „more

248 2194 402 2230 rivorum,
429 2201 467 2223 ac
489 2194 518 2222 si
543 2195 674 2224 rivatim
699 2195 848 2224 diceret.“
871 2199 902 2225 S.

293 2237 368 2267 201.
394 2240 553 2278 optatum
578 2237 612 2268 Ιι.
652 2241 838 2276 Quicunque
865 2242 949 2272 enim
972 2251 1041 2272 cer-

248 2288 302 2320 tat,
332 2288 419 2319 optat
443 2285 614 2314 victoriam
637 2286 772 2321 eiusque
798 2288 904 2316 decus.

293 2327 368 2357 203.
393 2326 558 2365 interior,
585 2331 626 2361 ef.
655 2328 728 2359 162.
770 2347 806 2351 —
845 2329 968 2372 Iniqua
994 2337 1042 2362 est

247 2377 284 2403 ob
311 2381 396 2403 saxa
420 2374 600 2409 periculoso
623 2380 650 2403 et
677 2377 867 2410 pernicioso.
917 2378 1040 2406 Simili-

246 2424 292 2448 ter
314 2416 366 2457 11,
384 2417 448 2448 531
477 2417 588 2449 siluae
608 2418 751 2460 iniquae
776 2427 849 2451 sunt
875 2424 1042 2452 saltuosae

247 2470 277 2494 et
300 2465 444 2501 iugosae.

292 2507 369 2538 204.
395 2507 430 2539 in
456 2506 552 2538 saxis
577 2506 613 2538 in
637 2517 734 2538 mare
761 2509 1045 2550 procurrentibus

247 2563 267 2583 a
291 2556 422 2589 scopulo
454 2562 586 2591 magno,
622 2556 677 2590 qui
704 2560 789 2584 meta
826 2561 903 2584 erat.
954 2559 1043 2586 Saxa

247 2601 412 2635 probabile
439 2605 487 2629 est
511 2603 620 2629 subter
646 2608 764 2635 aquam
797 2601 920 2638 fuisse,
960 2610 1043 2637 quae

246 2647 386 2679 prudens
422 2646 584 2674 vitaturus
618 2651 686 2674 erat
724 2648 896 2675 Menoetes.
957 2644 1042 2677 Pro-

248 2698 395 2721 currere.
444 2692 509 2719 Nos
545 2687 687 2731 springt
713 2699 787 2719 vor.
838 2692 891 2721 Sic
921 2693 979 2720 0v.
1006 2694 1039 2721 F.

248 2730 287 2770 4,
315 2732 378 2762 419
420 2733 527 2764 Terra
566 2732 674 2765 tribus
713 2733 865 2775 scopulis
904 2739 1040 2766 vastum

243 2777 418 2818 procurrit
439 2777 474 2808 in
500 2788 642 2819 aequor.
688 2782 736 2809 Pl.
762 2783 818 2816 Ep.
848 2780 878 2818 6,
904 2780 947 2809 20
974 2780 1041 2812 Mi-

246 2820 321 2852 seni
342 2822 433 2862 quod
455 2823 640 2863 procurrit.

292 2866 368 2895 205.
400 2865 522 2897 Murci·
552 2873 705 2907 „cochlea
731 2876 779 2899 est
806 2871 839 2899 in
870 2872 962 2900 dorso
988 2872 1037 2901 fa-

247 2914 366 2949 stigata
386 2913 489 2942 instar
508 2916 593 2944 acuti
619 2917 693 2945 saxi
718 2916 773 2954 ita,
799 2920 832 2945 ut
849 2920 937 2946 torno
958 2924 1035 2947 acu-

245 2959 368 2987 minata
404 2958 560 2988 videatur.
608 2962 660 2990 Ab
696 2964 758 2991 hac
790 2962 923 2992 muricis
958 2970 1034 2992 con-

246 3004 347 3039 chylii
376 3003 586 3034 similitudine
619 3007 753 3036 vocavit
786 3014 921 3036 acumen
956 3008 1031 3037 saxi

1800 1254 1882 1294 215

1091 1386 1235 1414 eminens
1262 1388 1289 1413 et
1317 1390 1486 1419 asperum,
1526 1381 1578 1411 cui
1607 1381 1686 1410 remi
1711 1385 1743 1410 et
1770 1383 1884 1410 verbe-

1089 1432 1188 1459 rando
1226 1430 1357 1464 impacti
1394 1424 1588 1456 dissiliere.“
1625 1424 1686 1456 Tb.
1749 1428 1799 1456 Ita
1833 1435 1885 1462 ap.

1089 1477 1147 1504 Sil.
1182 1473 1240 1512 17,
1272 1473 1332 1503 281
1395 1471 1598 1512 Inc1·epuere
1638 1469 1708 1502 ictu
1744 1479 1886 1511 prorae,

1086 1523 1157 1550 tum
1176 1518 1306 1550 murice
1325 1520 1427 1548 acuto
1449 1514 1625 1547 dissiliens
1642 1515 1759 1547 sonuit
1780 1519 1886 1558 rupta

1087 1574 1257 1607 compage
1281 1562 1416 1595 carina.

1134 1609 1210 1640 207.
1241 1608 1443 1645 Morantur,
1472 1611 1619 1645 haerent,
1653 1616 1786 1649 magno
1813 1605 1885 1637 cla-

1090 1664 1203 1685 more.-
1237 1657 1298 1684 Ubi
1323 1655 1465 1684 sentiunt
1487 1663 1522 1683 se
1547 1654 1692 1688 scopulis
1719 1655 1886 1693 appulsos,

1093 1703 1221 1738 statim,
1251 1706 1283 1730 ut
1307 1702 1398 1738 solet,
1426 1701 1479 1729 vel
1504 1700 1574 1729 sine
1599 1700 1735 1729 consilio
1762 1701 1884 1729 clamo-

1092 1755 1144 1775 res
1172 1748 1278 1776 edunt.

1139 1800 1214 1831 208.
1247 1800 1382 1831 Trudes
1416 1805 1513 1838 „sunt
1545 1801 1693 1836 perdicae
1725 1804 1885 1840 robustae,

1092 1849 1210 1882 quihus
1243 1849 1325 1877 vado
1362 1848 1534 1876 inhaerens
1569 1847 1667 1876 navis
1698 1846 1885 1885 impellitur,

1093 1898 1147 1922 aut
1186 1894 1254 1922 alia
1289 1894 1390 1922 moles
1426 1893 1514 1921 iners
1550 1892 1787 1927 promovetur.“
1836 1893 1884 1923 Cf.

1090 1940 1165 1968 Tac.
1191 1940 1232 1968 A.
1262 1938 1291 1975 3,
1313 1936 1364 1967 46.
1409 1935 1470 1967 Tb.
1518 1938 1591 1966 Alii
1612 1936 1715 1966 sudes
1739 1938 1885 1976 intulere,

1089 1985 1197 2013 notius
1225 1985 1430 2013 vocabulum.
1464 1999 1502 2002 —
1539 1980 1642 2012 Comi
1664 1987 1739 2013 sunt
1761 1985 1886 2014 acumi-

1090 2030 1169 2065 nati,
1188 2030 1305 2064 quibus
1328 2029 1498 2064 capiuntur
1521 2029 1611 2058 remi.

1135 2083 1210 2114 211.
1237 2083 1382 2126 agmine
1426 2093 1616 2114 remorum.-
1666 2084 1802 2126 Agmen
1847 2088 1886 2116 de

1091 2131 1162 2165 ipso
1186 2135 1272 2160 motu
1295 2132 1410 2160 dicitur
1432 2129 1475 2158 90
1500 2135 1531 2160 et
1554 2128 1584 2168 2,
1609 2127 1684 2159 212.
1711 2132 1790 2160 Sall.
1813 2133 1882 2169 Iug.

1091 2174 1132 2204 45
1163 2184 1205 2204 ne
1229 2173 1327 2205 miles
1348 2173 1542 2217 gregarius
1568 2173 1603 2204 in
1624 2173 1767 2210 castris,
1799 2185 1885 2207 neve

1088 2219 1125 2250 in
1147 2219 1309 2261 agmine,
1346 2221 1414 2258 auf
1436 2218 1511 2249 dem
1542 2217 1716 2257 Marsche,
1746 2229 1884 2252 servum

1089 2268 1151 2296 aut
1177 2264 1367 2295 iumentum
1397 2263 1546 2295 haberet.
1597 2268 1635 2294 Et
1659 2267 1718 2295 alii
1748 2268 1884 2303 scripto-

1089 2320 1150 2340 res.
1200 2313 1277 2340 Inde
1299 2319 1426 2351 agmen
1450 2310 1566 2340 dicitur
1590 2312 1627 2340 de
1648 2314 1803 2351 exercitu,
1828 2314 1883 2348 qui

1088 2362 1137 2385 est
1162 2357 1195 2384 in
1221 2357 1334 2384 itinere
1367 2356 1398 2393 ὃ,
1424 2355 1508 2393 595,
1553 2358 1590 2385 de
1616 2357 1716 2387 fluvio
1749 2356 1780 2396 2,
1806 2356 1882 2388 782.

1091 2417 1128 2421 -
1154 2399 1265 2430 ventis
1290 2398 1423 2430 vocatis
1448 2402 1481 2430 in
1504 2402 1666 2431 auxilium
1688 2403 1726 2433 cf.
1753 2401 1784 2440 8,
1806 2401 1882 2434 707.

1135 2453 1211 2485 212.
1243 2453 1359 2486 Ρνοηα
1384 2462 1474 2494 sunt,
1512 2459 1547 2486 in
1567 2459 1682 2494 quibus
1708 2467 1828 2495 pronus
1852 2464 1884 2489 et

1089 2503 1173 2531 celer
1205 2506 1253 2530 est
1282 2510 1407 2532 cursus.
1448 2519 1485 2523 --
1530 2503 1697 2543 Apertum
1727 2502 1883 2545 pelagus

1088 2547 1204 2576 dicitur
1226 2552 1259 2575 ιιι
1279 2550 1407 2587 patens
1424 2550 1460 2577 G.
1485 2546 1516 2587 2,
1533 2547 1592 2584 423
1618 2550 1666 2579 sic
1689 2558 1747 2579 nos
1770 2548 1883 2590 offerte

1094 2590 1173 2629 See,
1212 2601 1275 2621 non
1313 2593 1497 2628 impeditum
1527 2595 1682 2629 scopulis.
1737 2593 1880 2625 Caelum

1090 2639 1269 2676 apertum,
1296 2639 1434 2668 nubibus
1456 2647 1520 2668 non
1547 2645 1726 2675 coopertum
1749 2641 1825 2670 dicit
1849 2638 1880 2678 1,

1091 2680 1174 2720 155,
1209 2688 1239 2711 et
1271 2684 1305 2712 in
1328 2692 1389 2719 quo
1412 2685 1494 2713 nihil
1517 2685 1650 2720 impedit
1679 2685 1718 2715 cf.
1746 2682 1778 2723 1,
1801 2683 1879 2714 394.

1088 2728 1142 2757 Sic
1173 2736 1306 2764 campus
1333 2733 1464 2764 apertus
1491 2734 1541 2759 est
1568 2727 1698 2770 offerres
1730 2727 1815 2760 Feld
1849 2728 1880 2769 9,

1086 2770 1139 2800 28.
1184 2789 1222 2793 -
1275 2771 1436 2804 Decurrit
1482 2777 1537 2804 vel
1579 2783 1650 2805 cum
1688 2776 1878 2805 accusativo

1084 2818 1227 2848 iunctum
1253 2824 1301 2848 est
1327 2827 1378 2854 ap.
1402 2821 1470 2849 Cat.
1496 2821 1598 2856 Epith.
1630 2818 1649 2848 6
1682 2818 1770 2849 Ausi
1797 2824 1880 2851 sunt

1085 2861 1179 2891 vada
1203 2861 1299 2893 salsa
1325 2863 1506 2894 decurrere
1528 2862 1640 2905 puppi
1668 2869 1697 2894 et
1720 2866 1879 2895 audacius

1082 2909 1116 2936 G.
1145 2906 1175 2945 2,
1199 2906 1241 2936 39
1266 2907 1439 2949 inceptum
1465 2907 1607 2939 decurre
1631 2907 1795 2949 laborem,
1816 2919 1878 2946 quo

1079 2954 1149 2982 loco
1174 2955 1351 2991 navigandi
1376 2957 1466 2984 labor
1490 2955 1649 2991 signatur.

1126 3007 1200 3038 214.
1225 3018 1354 3050 pumex
1379 3011 1418 3041 cf.
1448 3008 1499 3049 12,
1523 3008 1600 3039 587.
