2023 3350
746 100 982 134 AENEIDOS
1015 102 1101 134 LIB.
1135 102 1178 134 11.

1729 101 1782 140 93

141 218 337 261 Culmina
370 215 634 268 convellunt;
670 215 738 256 his
770 228 832 267 se,
872 215 1044 269 quando
1075 215 1230 258 ultima
1264 218 1454 267 cernunt,

140 277 346 318 Extrema
385 275 471 317 iam
507 274 552 315 in
583 277 723 315 morte
758 277 916 327 parant
954 273 1180 316 defendere
1222 274 1331 326 telis,

139 335 414 387 Auratasque
446 331 615 384 trabes,
654 335 845 373 veterum
878 331 1035 373 decora
1071 332 1162 373 alta
1197 335 1436 386 parentum,

139 392 400 434 Devolvunt:
440 390 515 431 alii
547 389 710 431 strictis
743 389 1017 431 mucronibus
1050 389 1158 431 imas

138 449 356 492 Obsedere
395 447 530 499 fores3
570 447 650 489 has
690 450 862 489 servant
901 448 1070 501 agmine
1105 447 1248 489 denso.

138 506 375 549 Instaurati
410 505 540 547 animi
579 505 693 559 regis
731 518 979 547 succurrere
1014 506 1152 557 tectis,

139 564 396 618 Auxilioque
430 564 574 606 levare
608 564 722 605 viros
756 563 926 616 vimque
960 563 1119 605 addere
1155 563 1290 605 victis.

250 622 399 664 Limen
435 625 529 663 erat
565 635 803 675 caecaeque
837 620 949 662 fores
987 625 1029 662 et
1063 621 1234 675 pervius
1271 635 1372 663 usus

137 680 365 722 Tectorum
395 680 508 721 inter
543 692 587 721 se
616 679 796 731 Priami,
832 682 1063 733 postesque
1094 679 1244 720 relicti.

137 739 176 780 A
210 741 355 792 tergo,
394 737 544 779 infelix
578 751 664 791 qua
697 751 758 789 se,
799 736 899 778 dum
936 751 1070 791 regna
1102 736 1345 789 manebant,

139 796 319 850 Saepius
351 795 652 837 Andromache
689 795 801 837 ferre
830 795 1084 836 incomitata
1114 794 1282 836 solebat

136 854 206 896 Ad
240 867 412 896 soceros
451 856 493 895 et
530 867 610 895 avo
644 867 824 907 puerum
859 854 1123 907 Astyanacta
1156 852 1371 894 trahebat.

137 911 286 954 Evado
318 911 374 953 ad
408 911 562 953 summi
598 910 772 965 fastigia
806 911 1022 962 culminis,
1059 909 1172 951 unde

137 970 241 1011 Tela
273 983 404 1011 manu
440 968 585 1010 miseri
618 968 841 1010 iactabant
876 969 1008 1010 inrita
1041 967 1204 1009 Teucri.

138 1028 309 1069 Turrim
344 1027 387 1069 in
420 1026 650 1081 praecipiti
687 1030 873 1068 stantem
913 1025 1175 1077 summisque
1210 1023 1287 1066 sub
1329 1027 1448 1065 astra

1703 1026 1786 1065 460

136 1085 350 1127 Eductam
382 1085 524 1135 tectis,
564 1083 677 1125 unde
711 1084 847 1125 omnis
883 1083 1012 1124 Troia
1047 1082 1183 1123 videri

137 1144 195 1185 Et
229 1144 426 1184 Danaum
463 1141 617 1183 solitae
649 1155 779 1183 naves
816 1144 858 1182 et
896 1140 1061 1182 Achaia
1100 1142 1255 1190 castra,

137 1200 343 1254 Adgressi
378 1199 492 1241 ferro
529 1199 705 1249 circum,
748 1212 832 1252 quo
870 1212 1035 1240 summa
1071 1197 1268 1239 labantes

137 1259 366 1300 Iuncturas
400 1256 599 1298 tabulata
637 1256 821 1308 dabant,
863 1256 1138 1298 convellimus
1176 1255 1277 1296 altis

139 1315 339 1368 Sedibus,
378 1314 728 1369 impulimusque;
774 1328 824 1357 ea
856 1315 986 1370 ‘lapsa
1024 1317 1200 1368 repente
1239 1312 1407 1354 ruinam

184 1478 261 1509 446.
292 1476 458 1518 Quando,
499 1479 652 1514 quoniam
692 1479 756 1509 iam
797 1487 861 1509 non
899 1489 935 1508 se

135 1535 241 1563 posse
266 1525 441 1554 defendere
466 1526 664 1563 intelligunt,
691 1526 768 1562 ipsa
793 1526 935 1555 culmina

135 1572 320 1609 proliciunt.

181 1628 259 1658 448.
291 1625 423 1658 Decora
451 1625 527 1658 alta
551 1629 661 1663 legisti
691 1630 755 1658 13111
788 1629 824 1666 l,
857 1628 934 1659 429.

137 1673 214 1704 alla
234 1677 275 1703 M.
297 1672 361 1703 illa
382 1676 418 1703 P.
441 1682 505 1703 rec.
526 1671 591 1703 Rb.
645 1674 802 1704 Auratae
820 1673 936 1705 trabes

135 1721 273 1756 saepius
297 1721 381 1755 vglii
406 1726 550 1755 tempore
573 1723 659 1756 apud
684 1723 864 1750 Romanos.
890 1738 935 1742 —

135 1769 288 1796 veterum.
316 1765 349 1796 11.
381 1775 414 1796 α.
439 1769 625 1805 parentum
659 1768 678 1795 1.
704 1776 732 1796 0.
764 1768 934 1797 maiorum.

135 1813 255 1842 Tristis
288 1817 396 1841 autem
423 1814 598 1847 praebetur
621 1814 800 1849 adspectus
834 1814 935 1842 inter-

135 1859 244 1887 euntis
269 1858 478 1894 splendoris,
513 1866 607 1893 quem
635 1860 764 1888 diruunt
788 1860 852 1894 ipsi
877 1861 936 1888 do-

136 1904 225 1940 mini,
253 1907 286 1932 ut
309 1905 405 1932 modo
430 1904 529 1932 vitam
555 1911 688 1934 servent
714 1914 772 1941 per
794 1910 934 1941 tempus.

183 1959 259 1989 450.
287 1962 428 1989 servant
456 1959 496 1988 cf.
523 1959 559 1995 6,
585 1959 662 1989 556.

183 2015 260 2045 45¹.
287 2017 378 2051 Quae
402 2024 500 2050 quum
525 2017 651 2046 videret
676 2018 830 2057 Aeneas,
863 2027 935 2047 rur-

137 2070 197 2092 sus
222 2062 331 2091 animo
363 2062 562 2099 incenditur,
598 2068 630 2091 ut
662 2065 820 2092 auxilium
853 2064 935 2093 ferat

136 2108 224 2144 regi,
256 2109 341 2143 quod
375 2108 439 2136 iam
471 2113 568 2137 antea
599 2114 734 2144 ceperat
761 2110 935 2139 consilium

136 2154 213 2183 315.
239 2169 283 2173 --
308 2151 423 2182 Animi
446 2156 529 2189 plur.
554 2154 594 2183 cf.
616 2153 693 2183 386.
743 2152 937 2185 instaurati

136 2206 337 2229 succurrere
358 2199 398 2228 cf.
424 2197 461 2238 4,
488 2199 565 2229 576.

181 2254 259 2284 452.
288 2253 430 2285 Auxilio
463 2253 579 2286 levare
610 2254 704 2286 viros
733 2262 784 2287 est
808 2258 934 2295 iuvare,

136 2305 324 2332 sustentare
357 2306 388 2330 et
421 2310 502 2331 suas
528 2303 618 2332 vires
642 2311 714 2332 cum
740 2304 837 2333 victis
861 2304 936 2333 iun—

136 2355 224 2382 gere.
274 2347 322 2377 Cf.
350 2349 431 2377 lust.
459 2347 499 2385 5,
534 2348 556 2377 2
586 2346 770 2387 inferiores
802 2347 937 2380 aumilio

137 2390 318 2423 levandos.

182 2436 259 2468 453.
285 2440 430 2475 Aeneas,
455 2447 552 2474 quum
577 2448 597 2469 a
620 2440 725 2470 fronte
749 2449 877 2471 summa
901 2442 935 2470 vi

138 2489 381 2520 oppugnaretur
417 2486 525 2521 regia,
566 2494 584 2515 3
621 2491 712 2521 tergo
751 2496 809 2523 per
843 2489 932 2518 fores

138 2533 301 2559 obscuras
331 2531 459 2565 solique
483 2532 613 2561 Priamo
638 2534 823 2568 Priamique
856 2542 932 2569 pro-

136 2576 267 2612 pinquis
291 2580 387 2605 notas
412 2577 446 2606 in
468 2584 577 2607 arcem
603 2580 761 2608 escendit.
779 2596 822 2599 —
847 2578 933 2610 Cae-

137 2630 199 2651 cae
222 2620 321 2660 fores
348 2623 369 2652 i.
397 2630 426 2651 e.
454 2625 616 2652 obscurae
648 2633 710 2654 nec
734 2630 832 2654 notae
858 2626 932 2654 aliis

136 2675 198 2697 nec
224 2668 436 2703 conspicuae.
470 2684 514 2688 —
550 2666 694 2699 Pervius
722 2679 805 2700 usus
828 2673 934 2701 tecto-

135 2722 213 2742 rum
236 2711 325 2742 inter
348 2722 395 2753 se,
421 2711 680 2755 gcwtihnlicker
698 2713 933 2758 Durchgang.

135 2760 241 2795 Regia
274 2759 393 2789 Priami
430 2760 541 2789 multis
571 2761 712 2799 ‚aedibus
748 2765 935 2799 constabat,

135 2806 169 2834 in
201 2806 319 2841 quibus
349 2806 404 2834 filii
436 2806 642 2843 habitabant,
679 2812 813 2843 eratque
840 2814 933 2844 porta

136 2852 276 2888 postica,
301 2859 365 2887 qua
386 2856 533 2887 poterant
553 2852 586 2881 in
601 2853 719 2882 Priami
737 2857 838 2884 aedes
858 2863 933 2890 per-

135 2897 261 2926 venire.
318 2900 418 2927 Tales
448 2903 556 2926 autem
595 2898 685 2928 fores
717 2901 865 2935 posticae
900 2901 932 2930 in

136 2944 273 2973 aedibus
297 2949 387 2973 erant
412 2945 632 2974 Romanorum
660 2945 701 2974 cf.
722 2948 798 2975 Hor.
816 2949 876 2983 Ep.
902 2946 930 2984 1,

135 2988 173 3025 5,
214 2987 253 3018 31
299 2988 401 3020 Atria
437 2993 632 3019 servantem
667 2990 799 3031 postico
836 2989 931 3031 falle

135 3031 305 3065 clientem.
369 3033 421 3065 Pl.
456 3037 618 3072 disponit:
675 3034 712 3066 L.
759 3046 785 3068 e.
827 3047 853 3068 c.
886 3038 930 3077 f.,

1699 1314 1783 1352 465

980 1481 1165 1520 postesque
1192 1475 1304 1507 relicti
1334 1477 1362 1506 A
1389 1478 1490 1517 tergo
1518 1473 1652 1506 Priami
1675 1479 1783 1507 tecto-

982 1534 1059 1555 rum
1081 1522 1222 1566 pervius*
1245 1531 1329 1553 usus
1353 1520 1447 1552 Inter
1467 1530 1519 1559 sc,
1544 1520 1671 1561 infelix
1699 1532 1729 1563 q.
1755 1534 1780 1553 5.

1027 1570 1105 1601 456.
1132 1580 1166 1600 se
1184 1570 1278 1607 serre
1302 1569 1342 1599 cf.
1364 1569 1392 1605 l,
1412 1567 1488 1597 314.
1505 1584 1549 1588 —-
1565 1567 1781 1600 incomitata.

982 1618 1143 1653 Deposito
1178 1616 1264 1645 omni
1294 1616 1384 1650 regio
1417 1620 1532 1644 ornatu
1560 1620 1590 1643 et
1615 1616 1782 1653 comitatu,

982 1672 1085 1693 nurus
1110 1665 1151 1693 ad
1174 1670 1313 1692 soceros
1336 1662 1520 1697 (Priamum
1545 1665 1575 1690 et
1592 1663 1780 1699 Hecubam)

982 1711 1077 1745 adiit.
1114 1717 1245 1744 avoque
1279 1709 1413 1737 adduxit
1445 1715 1583 1743 parvum
1618 1713 1781 1747 nepotem,

983 1765 1045 1791 1100
1078 1758 1268 1784 laetaretur.
1317 1756 1439 1782 Dolore
1471 1753 1629 1782 afficimur
1660 1760 1690 1783 01
1721 1756 1782 1784 1111-

982 1803 1164 1832 sericordia
1191 1803 1244 1830 vel
1267 1803 1428 1837 legentes,
1455 1799 1484 1828 51
1506 1802 1592 1829 110110
1618 1801 1692 1830 belli
1716 1806 1781 1830 ter-

983 1856 1089 1877 rorem
1126 1856 1199 1878 cum
1227 1854 1348 1877 secura
1373 1847 1429 1875 illa
1464 1845 1618 1875 felicitate
1645 1855 1781 1883 00111113-

983 1902 1112 1930 ramus,
1147 1902 1211 1929 qua
1242 1893 1332 1926 regia
1358 1893 1475 1921 domus
1502 1897 1577 1920 ante
1602 1892 1780 1922 fruebatur.

982 1956 1026 1959 —
1073 1938 1223 1979 Saepius
1264 1936 1394 1968 soleba!
1440 1939 1640 1967 abundantia
1685 1940 1780 1968 nobis

983 1986 1078 2014 etiam
1104 1986 1240 2019 usitata;
1268 1985 1317 2014 510
1346 1990 1450 2024 saepe
1472 1981 1582 2014 solere
1604 1986 1641 2013 E.
1674 1984 1699 2023 Ι,
1724 1984 1779 2015 21.

984 2033 1043 2060 Ov.
1068 2034 1109 2060 Μ.
1143 2031 1175 2068 l,
1201 2030 1277 2060 639.
1321 2030 1358 2067 8,
1388 2029 1438 2058 19.
1481 2029 1537 2067 13,
1564 2029 1641 2060 417.

1028 2075 1105 2106 457.
1133 2076 1371 2116 Astyanacta,
1407 2075 1460 2110 qui
1492 2084 1511 2104 a
1538 2077 1674 2107 Graecis
1702 2079 1779 2107 urbe

983 2128 1081 2158 031113
1106 2124 1145 2151 de
1173 2131 1264 2151 muro
1293 2122 1441 2151 deiectus
1467 2126 1528 2150 est.

1027 2167 1102 2196 459.
1133 2166 1237 2197 Irrita
1263 2172 1350 2205 sunt,
1374 2176 1439 2196 non
1459 2169 1544 2202 quod
1564 2169 1694 2197 omnino
1716 2177 1780 2199 non

981 2214 1154 2248 tetigerunt
1181 2216 1347 2249 Graecos,
1380 2214 1439 2241 sed
1463 2213 1538 2248 quia
1563 2215 1780 2244 Troianorum

981 2260 1145 2288 interitum
1163 2263 1314 2288 avertere
1334 2266 1400 2287 11011
1419 2263 1604 2293 potuerunt.
1653 2261 1708 2289 Sic
1726 2268 1778 2296 ap.

983 2306 1096 2334 Claud.
1120 2307 1157 2334 R.
1183 2306 1234 2333 Pr.
1266 2303 1301 2341 1,
1327 2302 1406 2332 247.

1029 2349 1104 2379 460.
1132 2353 1169 2380 In
1195 2350 1364 2386 praecipiti
1394 2350 1491 2378 turris
1517 2354 1585 2388 est,
1619 2358 1702 2385 quae
1729 2357 1780 2380 est

982 2397 1015 2425 in
1043 2397 1172 2425 aedium
1204 2397 1327 2430 fronte,
1367 2395 1410 2424 ita
1441 2400 1473 2425 ut
1509 2403 1671 2432 praeceps
1706 2398 1778 2427 eius

979 2444 1099 2478 lapsus
1125 2444 1164 2472 sit
1189 2443 1221 2471 in
1248 2447 1376 2471 terram.

1027 2487 1103 2517 462.
1134 2486 1270 2518 solitae
1290 2489 1386 2516 etiam
1414 2488 1453 2516 ad
1481 2484 1587 2517 Troia
1609 2492 1640 2517 et
1661 2491 1779 2519 castra

980 2535 1119 2570 pertinet
1144 2534 1185 2564 cf.
1211 2533 1248 2568 4.
1279 2533 1355 2563 587.

1026 2579 1101 2609 463.
1135 2577 1309 2609 Tabulata
1326 2576 1593 2619 (Stockwerke)
1607 2585 1682 2610 sunt
1698 2589 1778 2610 con—

980 2626 1179 2661 tignationes
1198 2631 1229 2655 ut
1257 2625 1305 2662 12,
1325 2625 1401 2654 6ῖ2.
1450 2627 1497 2654 Eo
1515 2627 1602 2663 loco,
1624 2634 1686 2662 quo
1710 2631 1778 2656 tur-

980 2673 1026 2701 ris
1058 2673 1318 2707 contignationes
1360 2680 1433 2700 cum
1472 2673 1608 2701 aedibus
1646 2673 1777 2702 iunctae

981 2722 1068 2755 sunt,
1093 2719 1199 2747 0011115
1219 2719 1347 2747 student
1368 2720 1531 2754 evellere3
1557 2718 1632 2747 hinc
1653 2716 1778 2748 laban—

980 2765 1030 2793 tes
1054 2761 1239 2793 iuncturae
1262 2765 1281 2792 i.
1302 2772 1328 2793 0.
1350 2772 1388 2792 se
1410 2766 1576 2801 laxantes,
1603 2765 1778 2795 disceden-

980 2814 1041 2839 tes.
1093 2807 1185 2839 Altis
1203 2814 1311 2838 autem
1332 2807 1470 2839 sedibus
1491 2811 1644 2840 evellitur
1668 2813 1777 2850 turris,

980 2864 1065 2891 quae
1093 2861 1142 2885 est
1167 2856 1200 2884 in
1226 2856 1364 2885 summis
1395 2857 1531 2886 aedibus
1558 2862 1738 2887 exstructa.

1025 2900 1101 2931 465.
1129 2910 1169 2931 ea
1200 2899 1303 2942 lapsa
1328 2904 1395 2931 ΡΜ.
1437 2901 1559 2943 elapsa
1590 2905 1625 2932 P.
1653 2903 1777 2939 recepit

982 2945 1044 2976 Rb.
1100 2949 1213 2982 ltaque
1251 2948 1420 2983 impellunt
1452 2953 1484 2978 et
1517 2953 1625 2978 tamen
1659 2950 1699 2978 iis
1733 2958 1776 2978 ex

978 2994 1128 3022 manibus
1154 2993 1302 3032 elabitur,
1329 3002 1435 3030 neque
1461 3003 1504 3025 ea
1526 2997 1649 3025 abesse
1673 3003 1775 3031 posse

976 3040 1152 3075 intelliges.
