2023 3350
744 100 981 134 AENEIDOS
1011 102 1099 135 LIB.
1125 103 1166 135 V.

1699 107 1781 145 243

128 217 272 258 Ausus
310 219 354 257 et
392 215 486 269 ipse
525 229 656 257 manu
693 215 893 256 iuvenum
931 217 1100 256 tentare
1138 214 1344 257 laborem.

127 274 236 315 Tum
273 272 427 316 validis
464 272 598 314 flexos
637 273 865 314 incurvant
899 271 1062 314 viribus
1098 286 1224 314 arcus

1699 277 1782 316 500

127 331 212 373 Pro
252 344 298 373 se
329 331 512 384 quisque
546 330 644 382 viri,
688 334 732 372 et
772 329 1034 383 depromunt
1071 329 1160 371 tela
1196 330 1426 383 pharetris.

127 389 359 442 Primaque
390 402 469 442 per
507 388 673 430 caelum
707 401 837 429 nervo
875 387 1087 429 stridente
1126 388 1289 441 sagitta

126 445 394 500 Hyrtacidae
433 446 597 488 iuvenis
637 445 834 487 volucres
868 445 1115 487 diverberat
1152 459 1303 498 auras;

126 504 184 546 Et
221 503 357 555 venit,
399 502 658 557 adversique
697 502 891 557 infigitur
924 502 1081 545 arbore
1118 503 1234 545 mali.

126 561 359 603 Intremuit
392 561 551 613 malus,
599 561 832 615 timuitque
863 561 1071 602 exterrita
1105 562 1255 614 pennis

1700 564 1781 601 505

125 619 244 671 Ales,
293 623 335 660 et
374 619 538 673 ingenti
573 622 812 661 sonuerunt
849 619 994 660 omnia
1027 618 1194 671 plausu.

126 677 231 718 Post
271 690 370 718 acer
409 677 660 719 Mnestheus
695 676 884 718 adducto
922 676 1116 718 constitit
1154 689 1269 726 arcu,

126 734 231 776 Alta
264 738 435 788 petens3
475 735 727 788 pariterque
769 734 916 776 oculos
955 734 1176 786 telumque
1211 732 1408 774 tetendit.

125 793 206 834 Ast
237 793 375 846 ipsam
408 792 679 834 miserandus
720 806 842 834 avem
875 792 1126 845 contingere
1161 790 1276 832 ferro

125 850 223 892 Non
260 850 417 902 valuit3
461 850 597 892 nodos
638 853 680 892 et
718 849 891 891 vincula
927 849 1041 890 linea
1075 849 1205 902 rupit,

1697 851 1780 889 510

126 908 230 958 Quis
268 908 426 949 innexa
463 907 619 962 pedem
658 908 772 949 malo
807 906 1026 961 pendebat
1063 905 1118 947 ab
1155 906 1269 947 alto:

124 965 209 1007 Illa
247 969 374 1007 notos
409 969 541 1020 atque
581 969 679 1007 atra
712 965 861 1007 volans
892 965 937 1005 in
973 963 1123 1005 nubila
1157 962 1280 1016 fugit.

124 1024 234 1065 Tum
272 1022 469 1077 rapidus,
508 1022 762 1064 iamdudum
798 1036 903 1064 arcu
939 1024 1144 1063 contenta
1183 1022 1342 1074 parato

125 1081 229 1123 Tela
265 1084 436 1133 tenens,
480 1079 662 1123 fratrem
696 1080 909 1134 Eurytion
940 1079 984 1119 in
1019 1082 1124 1119 vota
1159 1076 1341 1126 vocavit,

124 1138 219 1180 Iam
257 1153 393 1180 vacuo
430 1139 592 1180 laetam
628 1138 747 1179 caelo
785 1136 1051 1191 speculatus,
1098 1138 1140 1176 et
1173 1134 1254 1176 alis
1699 1137 1780 1174 51.)

125 1196 408 1238 Plaudentem
446 1197 572 1249 nigra
608 1195 703 1249 figit
738 1194 817 1237 sub
854 1193 970 1235 nube
1007 1192 1265 1235 columbam.

124 1253 299 1296 Decidit
329 1254 536 1296 exanimis
571 1253 792 1306 vitamque
828 1251 1006 1305 reliquit
1040 1251 1085 1292 in
1123 1250 1254 1292 astris

124 1312 340 1353 Aetheriis
378 1311 595 1365 fixamque
631 1310 764 1352 refert
799 1309 977 1364 delapsa
1014 1309 1232 1362 sagittam.

123 1370 295 1411 Amissa
329 1369 447 1411 solus
481 1368 628 1423 palma
661 1367 899 1422 superabat
929 1367 1129 1417 Acestes,

123 1427 205 1478 Qui
239 1431 386 1469 tamen
420 1427 560 1468 aerias
599 1427 735 1468 telum
769 1424 991 1467 contendit
1028 1425 1073 1466 in
1108 1437 1250 1473 auras,

1697 1422 1780 1461 520

124 1485 358 1527 Ostentans
400 1488 630 1538 artemque
666 1487 794 1538 pater
829 1496 1066 1536 arcumque
1106 1483 1342 1523 sonantem.

125 1543 208 1585 Hic
246 1543 381 1585 oculis
421 1541 611 1585 subitum
650 1542 854 1584 obiicitur
893 1553 1136 1595 magnoque
1174 1539 1367 1581 futurum

598 1658 764 1691 Subsedit
786 1660 927 1691 Acestes

703 1716 802 1744 quam
841 1711 927 1736 sorte

123 1666 186 1690 tem
211 1661 284 1691 duci
307 1666 374 1691 erat
400 1670 544 1691 0000550.

124 1715 189 1736 0011
237 1708 345 1737 minus
387 1713 471 1738 recte
516 1709 655 1745 dictum,

123 1750 249 1782 ductus
276 1750 435 1783 Laocoon
461 1752 490 1791 2,
514 1752 590 1782 201.

169 1796 246 1828 499.
273 1807 400 1828 manu.-
438 1802 558 1828 Manus
591 1800 678 1829 enim
709 1799 853 1828 maxime
877 1798 928 1826 in-

124 1845 264 1873 tenditur
315 1845 349 1873 in
400 1846 601 1882 sagittarium
656 1852 852 1880 quamquam
899 1844 928 1872 si

122 1893 253 1919 abesset
281 1898 345 1919 non
380 1892 598 1926 desiderares,
641 1891 680 1920 cf.
708 1889 739 1928 4,
766 1888 842 1919 344.
884 1905 929 1910 —

128 1933 255 1965 Tentat
295 1933 467 1974 laborem,
512 1944 555 1966 an
587 1937 691 1972 possit
727 1936 859 1966 sufferre
897 1940 927 1965 et

122 1988 274 2017 aequare.

169 2025 247 2055 500.
266 2025 381 2067 flexos
408 2025 597 2056 incurvant
623 2027 661 2056 cf.
690 2024 720 2064 4,
747 2025 801 2055 22.

169 2070 247 2101 501.
280 2081 345 2113 pro
375 2081 410 2102 se
443 2071 588 2112 quisque
630 2069 717 2108 viri‚·
756 2073 840 2101 idem
878 2069 930 2109 12,

125 2117 202 2148 552.
253 2127 332 2156 „pro
356 2120 514 2154 qualitate
539 2119 665 2148 roboris
691 2116 776 2148 sui.“
804 2119 837 2146 S.

169 2161 247 2193 504.
274 2163 398 2194 arbore
420 2163 506 2194 mali
534 2165 573 2194 cf.
603 2162 656 2193 52.

169 2208 246 2238 505.
277 2208 476 2251 'Pimuitque
501 2208 668 2240 exterrita
692 2206 819 2250 pennis
843 2213 929 2246 „ter-

124 2264 229 2286 rorem
252 2264 348 2286 suum
373 2257 489 2292 pennis
515 2256 715 2293 significans,
742 2259 776 2284 ut
803 2253 835 2292 8,
862 2252 926 2282 223

125 2299 288 2331 turbatus
317 2300 466 2331 oculis.“
500 2304 531 2331 S.
582 2304 645 2331 Sed
673 2302 750 2330 fune
780 2301 929 2337 alligata,

126 2355 189 2383 quo
213 2347 323 2376 minus
350 2352 453 2384 potest
475 2348 632 2385 effugere,
660 2356 697 2377 00
723 2348 830 2383 magis
855 2348 930 2376 alas

124 2397 322 2430 commovet3
365 2402 427 2429 quo
458 2396 576 2429 plausu
605 2394 709 2423 omnis
741 2395 834 2422 locus
866 2391 929 2422 cir·

124 2447 199 2470 cum
236 2442 340 2468 sonat.
389 2439 437 2469 Cf.
469 2438 547 2468 215.
594 2441 645 2470 Ex
675 2440 733 2468 illo
764 2441 835 2468 1000
867 2441 930 2468 11110

125 2486 220 2514 illata
255 2485 378 2514 iudicat
417 2482 481 2514 Rb.
519 2488 622 2514 verba
659 2482 847 2524 timuitque
885 2499 929 2504 —

125 2529 270 2570 plausu.
321 2532 382 2559 Sed
406 2534 558 2560 retractat
582 2539 654 2560 eam
676 2531 871 2560 sententiam
896 2530 930 2558 in

126 2578 248 2612 proleg.
278 2585 308 2611 p.
334 2574 388 2604 80.
425 2577 539 2606 deinde
562 2577 596 2605 in
621 2578 668 2606 ed.
694 2577 818 2606 minore
841 2576 929 2605 eiicit

126 2625 158 2652 et
186 2638 231 2642 —
254 2620 398 2662 plausu.

171 2665 248 2696 508.
276 2664 416 2697 tendere
441 2664 546 2696 telum
573 2671 609 2696 nt
635 2665 712 2695 520.
752 2667 805 2696 Sic
832 2667 870 2695 H.
893 2666 928 2695 C.

127 2711 162 2752 1,
189 2712 248 2750 30,
276 2711 295 2741 9
331 2715 355 2742 t.
382 2710 561 2754 sagittas‚·
601 2720 700 2748 quum
731 2713 794 2742 dici
825 2713 931 2741 soleat

125 2757 267 2789 tendere
293 2766 427 2787 arcum.

171 2802 250 2834 509.
281 2801 527 2841 Miserantlus,
565 2804 621 2838 qni
646 2804 786 2833 victoria
809 2803 930 2833 excidit

124 2848 245 2880 111329
273 2847 406 2880 labitur
432 2847 570 2889 infelix.

171 2894 249 2925 512.
274 2898 373 2925 Notos
398 2893 483 2925 etin
507 2895 621 2924 nubila
639 2894 733 2932 fugit.
770 2895 818 2924 De
838 2901 932 2931 prae-

128 2942 286 2977 positione
308 2942 433 2972 omissa
458 2940 488 2979 6,
517 2940 594 2970 692.

174 2986 250 3016 513.
278 2984 331 3017 Pl.
356 2989 411 3018 dat
439 2986 483 3018 At
502 2984 719 3028 rapidus...
748 2982 814 3014 515
846 2983 933 3016 Tum

129 3040 242 3062 vacuo
256 3054 263 3061 .
280 3055 287 3062 .
304 3055 312 3062 .
328 3055 335 3061 .

1022 1656 1099 1688 514.
1130 1656 1310 1692 Fratrem,
1338 1656 1542 1690 Pandarum,
1585 1658 1616 1682 111
1653 1655 1781 1683 heroem

975 1707 1116 1737 cultum,
1158 1703 1337 1741 sagittandi
1382 1706 1450 1730 arte
1486 1700 1640 1736 Apollini
1679 1708 1782 1734 paene

976 1758 1087 1786 parem
1118 1751 1251 1780 invocat
1284 1748 1323 1778 cf.
1350 1744 1434 1782 4963
1472 1747 1519 1775 ita
1549 1748 1688 1782 Erycem
1716 1748 1780 1774 En-

975 1799 1073 1826 tellus
1098 1794 1174 1825 4023.
1205 1811 1243 1815 —-
1277 1792 1312 1823 in
1331 1795 1414 1822 vota
1439 1799 1565 1821 vocare
1589 1793 1628 1821 cf.
1658 1790 1734 1821 234.

1022 1841 1099 1871 516.
1131 1839 1259 1882 Figere
1297 1837 1365 1869 telo
1406 1843 1456 1868 est
1502 1834 1562 1874 10,
1597 1836 1673 1867 382.
1731 1840 1781 1867 113

976 1890 1098 1918 nudum
1118 1886 1239 1929 figere
1270 1883 1327 1923 12,
1353 1882 1429 1913 537.
1471 1886 1506 1913 Ε.
1535 1882 1565 1921 2,
1593 1882 1646 1913 29.
1686 1886 1721 1913 G.
1751 1881 1779 1921 1,

977 1933 1054 1963 308.

1023 1978 1100 2008 518.
1133 1975 1265 2015 Acriis,
1302 1982 1334 2006 ut
1371 1973 1455 2016 Wg.
1489 1980 1518 2005 et
1548 1972 1613 2004 Ro.
1640 1977 1780 2013 tradunt,

977 2026 1011 2054 in
1036 2028 1116 2054 Mss.
1143 2029 1191 2053 est
1217 2024 1367 2059 optimis3
1404 2018 1573 2051 aetheriis
1597 2022 1629 2050 in
1663 2022 1782 2057 quibus

977 2073 1105 2107 legatur
1153 2078 1218 2099 non
1269 2069 1388 2098 dicunt.
1467 2068 1589 2097 Tamen
1636 2068 1783 2097 scribunt

979 2113 1163 2152 aetheriis,
1204 2119 1300 2149 atque
1334 2114 1367 2142 in
1400 2116 1530 2143 aethere
1567 2119 1657 2143 astra
1694 2118 1780 2151 sunt,

979 2170 1043 2190 1100
1080 2161 1114 2189 in
1151 2168 1235 2189 aere.
1298 2160 1365 2189 Cic.
1402 2160 1469 2187 SD.
1503 2158 1540 2197 2,
1572 2157 1609 2188 15
1652 2157 1780 2189 Sidera

977 2204 1175 2236 aethereum
1203 2204 1315 2234 Iocum
1343 2201 1508 2233 obtinent.

1023 2250 1099 2281 519.
1127 2248 1317 2290 superabat
1343 2249 1382 2278 cf.
1411 2248 1441 2285 3,
1470 2246 1546 2277 339.

1022 2296 1099 2326 521.
1133 2294 1324 2326 ostentans
1360 2299 1481 2331 artem,
1521 2301 1619 2329 quam
1651 2296 1717 2323 alte
1752 2298 1781 2323 et

976 2352 1074 2380 quam
1101 2343 1248 2373 celeriter
1272 2345 1381 2377 posset
1407 2342 1506 2370 10111111
1529 2340 1648 2369 eiicere
1672 2344 1702 2369 et
1726 2348 1781 2369 ar-

977 2399 1050 2420 cum
1087 2390 1236 2425 tendere,
1275 2388 1359 2422 quod
1392 2390 1526 2422 apparet
1557 2394 1646 2414 sono.
1702 2387 1781 2415 Inde

976 2442 1025 2466 est
1057 2441 1246 2474 arcumque
1272 2434 1467 2462 sonantem.
1520 2432 1646 2461 Versus
1674 2436 1782 2461 autem

978 2479 1040 2510 521
1074 2489 1138 2510 non
1163 2480 1316 2515 abundat,
1338 2480 1395 2508 sed
1420 2478 1628 2508 necessarius
1655 2482 1715 2514 est,
1740 2486 1781 2507 ne

977 2529 1069 2564 pueri
1096 2528 1186 2556 modo
1207 2526 1331 2554 lusisse
1351 2525 1503 2554 videatur
1519 2524 1668 2561 Acestes,
1687 2525 1781 2552 nulla

978 2580 1099 2603 caussa
1131 2573 1172 2601 ad
1199 2572 1353 2607 sagittam
1381 2571 1562 2600 iaciendam
1591 2574 1779 2599 commotus.

980 2636 1018 2640 —
1055 2617 1159 2648 Pater
1184 2617 1315 2646 lionoris
1340 2623 1462 2646 caussa
1486 2615 1606 2645 dictum
1630 2619 1689 2645 est.

1024 2663 1102 2693 522.
1128 2665 1227 2699 Apud
1255 2663 1402 2691 Plinium
1433 2662 1551 2698 legitur
1579 2662 1648 2690 NH.
1678 2659 1709 2699 2,
1737 2658 1779 2689 22

977 2713 1151 2749 „Cometas
1179 2709 1293 2738 Graeci
1322 2712 1458 2745 vocant,
1490 2707 1594 2736 nostri
1618 2704 1780 2744 crinitas,

977 2755 1156 2786 horrentes
1185 2752 1280 2783 crine
1312 2750 1508 2794 sanguines
1538 2754 1571 2782 et
1603 2761 1780 2782 comarum

977 2800 1080 2832 modo
1106 2799 1142 2830 in
1171 2798 1299 2830 vertice
1331 2796 1535 2839 hispidas.‘·‘
1581 2801 1702 2828 Earum
1725 2807 1782 2835 ge-

977 2856 1041 2878 nus
1086 2847 1258 2884 „acontiae
1301 2842 1413 2874 iaculi
1460 2842 1562 2874 modo
1597 2846 1781 2881 vibrantur,

979 2893 1133 2924 ocissimo
1157 2889 1375 2928 significatuf²
1413 2889 1456 2919 23
1483 2891 1631 2920 Cometes
1656 2888 1781 2928 „terri-

977 2938 1083 2977 ficum
1107 2944 1228 2974 magna
1251 2946 1293 2966 ex
1317 2940 1407 2972 parte
1426 2936 1519 2966 sidus
1542 2944 1581 2967 ac
1605 2945 1670 2965 non
1696 2936 1782 2965 levi-

980 2990 1028 3015 ter
1063 2982 1221 3020 piatumf‘
1258 2998 1297 3003 —-
1329 2983 1499 3019 „cometes
1529 2982 1562 3011 in
1594 2991 1658 3012 uno
1684 2982 1782 3011 totius

982 3031 1071 3061 orbis
1103 3032 1174 3059 1000
1199 3029 1316 3059 colitur
1338 3029 1371 3058 in
1396 3031 1514 3064 templo
1542 3029 1683 3066 Romae,
1723 3029 1781 3057 ad-
