2023 3350
679 72 910 106 AENEIDOS
937 75 1024 106 LIB.
1051 75 1131 107 xli.

75 189 229 232 Maluit
259 192 302 231 et
340 191 479 229 mutas
514 185 681 239 agitare
714 186 921 240 inglorius
955 190 1083 229 artes.

77 247 230 289 Stabat
268 246 424 288 acerba
456 245 660 294 fremens,
699 244 913 297 ingentem
952 246 1076 286 nixus
1118 245 1162 286 in
1196 244 1377 298 hastam,

75 307 258 356 Aeneas,
292 315 446 356 magno
487 301 683 342 iuvenum
718 306 760 342 et
791 302 1020 344 maerentis
1056 302 1138 344 Iuli

77 362 312 412 Concursu,
350 359 537 401 lacrimis
572 359 818 401 immobilis.

75 420 304 461 Paeonium
335 418 379 458 in
416 430 577 457 morem
614 417 756 458 senior
798 418 1039 459 succinctus
1083 418 1254 468 amictu,

76 477 213 518 Multa
251 489 378 516 manu
415 474 582 516 medica
616 474 862 529 Phoebique
899 475 1145 529 potentibus
1186 475 1330 516 herbis

74 532 374 587 Nequidquam
407 532 615 586 trepidat,
657 532 948 586 nequidquam
986 533 1151 586 spicula
1188 533 1341 574 dextra

76 590 287 633 Sollicitat
321 594 582 644 prensatque
613 591 755 632 tenaci
787 590 950 644 forcipe
985 589 1157 631 ferrum.

74 648 203 690 Nulla
237 648 349 688 viam
386 648 578 689 Fortuna
610 649 740 701 regit,
780 648 886 689 nihil
922 652 1075 689 auctor
1113 647 1269 701 Apollo

75 705 297 756 Subvenit3
338 709 379 747 et
418 719 567 747 saevus
608 706 769 759 campis
805 705 943 759 magis
975 719 1025 747 ac
1063 706 1200 759 magis
1233 705 1387 746 horror

74 762 333 813 Crebrescit,
369 764 631 817 propiusque
665 763 823 804 malum
864 767 939 805 est.

73 820 198 862 Stare
232 820 394 872 vident,
426 821 695 875 subeuntque
732 821 913 874 equites,
952 824 995 862 et
1029 821 1193 875 spicula
1231 821 1384 862 castris

71 878 214 920 Densa
254 879 412 920 cadunt
446 879 619 930 mediis3
658 879 694 920 it
732 879 868 920 tristis
902 878 957 920 ad
995 878 1172 920 aethera
1209 879 1370 920 clamor

69 936 313 977 Bellantum
351 937 548 978 iuvenum
587 940 630 978 et
664 936 771 977 duro
815 936 892 977 sub
929 936 1069 978 Marte
1103 936 1344 979 cadentum.

1624 77 1703 115 607

876 360 955 402 Ille
991 363 1155 401 retorto
1624 366 1706 405 400

1623 653 1705 692 405

998 763 1090 805 Iam
1125 763 1299 816 pulvere
1338 762 1501 804 caelum

1621 910 1721 978 410¹

69 993 150 1035 Hic
187 994 346 1045 Venus,
382 994 556 1048 indigno
594 994 686 1036 nati
727 1005 934 1036 concussa
973 994 1130 1044 dolore,

68 1051 342 1094 Dictamnum
382 1053 576 1106 genetrix
609 1052 789 1094 Cretaea
824 1052 964 1106 carpit
1004 1051 1059 1094 ab
1097 1052 1186 1103 Ida,

115 1226 191 1257 397.
219 1230 336 1257 mutas
363 1230 466 1261 artes,
494 1235 576 1263 quas
601 1229 656 1263 qui
680 1233 795 1258 tractat
817 1229 863 1257 si-

68 1276 160 1309 letur,
185 1279 282 1309 atque
305 1275 377 1303 inde
402 1275 560 1310 inglorius
583 1279 641 1309 est,
679 1275 707 1303 si
733 1282 863 1309 compa-

68 1328 124 1350 ras
144 1329 217 1349 cum
242 1320 440 1357 augurandi,
473 1320 610 1349 canendi
632 1325 662 1348 et
687 1321 863 1356 sagittandi

66 1371 145 1395 arte.
195 1367 308 1396 Simile
340 1367 459 1395 dictum
484 1367 558 1394 Silii
584 1364 613 1396 3.
639 1363 703 1393 579
730 1369 862 1395 mutum

65 1409 210 1442 volvens
233 1410 411 1452 inglorius
436 1420 571 1441 aevum.
616 1408 665 1440 Pl.
692 1420 747 1446 pro
773 1414 867 1441 artes

68 1458 150 1487 coni.
180 1467 300 1487 annoS.

114 1512 190 1543 398.
216 1511 342 1543 acerba
370 1513 527 1551 fremens
555 1514 629 1542 adv.
661 1513 699 1542 cf.
725 1511 756 1548 8,
786 1510 860 1542 489.

67 1563 121 1590 Ira
145 1568 218 1590 eum
243 1560 344 1596 subit,
385 1561 468 1594 quod
500 1560 610 1588 fraude
635 1561 802 1588 submotus
828 1561 862 1589 in

66 1607 224 1643 proelium
250 1615 314 1635 non
340 1610 441 1640 potest
464 1607 578 1635 redire.

113 1651 188 1682 2399.
217 1655 248 1682 et
278 1649 346 1681 tuli
369 1651 409 1682 cf.
437 1648 465 1687 1,
493 1651 546 1680 ³0.

112 1696 188 1727 400.
214 1695 371 1727 lacrimis
404 1695 592 1727 immobilis·
622 1697 641 1726 i.
670 1706 696 1726 e.
724 1705 787 1725 non
811 1698 861 1725 la-

64 1745 223 1779 crimans;
271 1748 301 1772 et
325 1744 492 1772 ablativus
514 1751 572 1772 suo
596 1743 777 1779 significatu
801 1750 861 1778 est,

66 1792 156 1820 modo
197 1790 456 1825 animadvertas,
497 1790 648 1823 antiquos
687 1796 727 1817 ea
767 1789 862 1817 etiam

68 1837 150 1865 inter
173 1843 311 1866 caussas
336 1835 469 1870 referre,
495 1843 628 1870 quorum
655 1835 778 1864 defectu
801 1835 864 1863 ali-

66 1883 141 1917 quid
182 1882 221 1911 fit.
269 1882 308 1911 cf.
334 1879 364 1917 3,
396 1878 448 1909 69.
504 1877 564 1909 Ld.
597 1881 755 1916 explicat:
800 1889 864 1909 non

66 1933 172 1958 motus
196 1928 343 1957 lacrimis
366 1927 514 1956 aliorum.

111 1984 190 2015 401.
217 1982 342 2021 senior,
376 1984 485 2019 itaque
517 1985 617 2013 multo
643 1992 706 2013 usu
735 1986 861 2015 doctus,

69 2047 106 2052 -
133 2029 194 2061 ilte
217 2047 262 2051 --
285 2027 399 2059 senior
423 2030 462 2060 cf.
488 2029 518 2064 5,
546 2028 622 2060 609.
662 2046 706 2049 -—
751 2027 860 2059 Paeo-

64 2076 161 2107 nium
197 2074 233 2106 in
266 2084 391 2105 morem
419 2076 439 2105 i.
473 2084 500 2105 e.
534 2080 567 2105 ut
594 2077 708 2105 medici
741 2078 858 2107 solent.

65 2124 119 2159 qui
140 2124 230 2159 operi
253 2131 288 2152 se
317 2122 499 2158 accingunt.
550 2122 603 2152 Sic
622 2125 699 2151 Stat.
724 2123 807 2151 Silv.
830 2120 859 2157 1,

65 2170 96 2207 4,
125 2167 185 2198 107
218 2166 287 2198 ritu
322 2176 357 2198 se
385 2166 499 2208 cingit
525 2170 669 2208 uterque
696 2165 860 2206 Paeonio,

64 2220 95 2245 et
118 2223 169 2252 ap.
197 2216 256 2244 Sil.
283 2214 312 2251 5,
342 2211 406 2242 366
434 2212 582 2242 intortos
615 2211 656 2242 de
679 2222 772 2243 more
796 2212 862 2242 ad-

65 2260 207 2291 strictus
231 2257 379 2290 amictus
406 2260 549 2289 medicus
570 2264 628 2288 est.
663 2261 772 2289 Paeon
802 2266 861 2294 est,

65 2308 120 2343 qui
144 2309 304 2343 medetur,
349 2310 379 2334 et
412 2310 461 2335 est
491 2306 652 2341 epitheton
675 2306 860 2341 Apollinis;

67 2354 181 2383 deinde
198 2361 305 2383 novus
330 2352 435 2382 factus
456 2357 505 2381 est
527 2353 606 2381 deus
632 2351 691 2387 (cf.
711 2352 740 2389 5,
764 2350 860 2388 105),

65 2400 211 2430 medicus
249 2400 379 2428 deorum
420 2399 511 2428 Hom.
543 2399 581 2427 ΙΙ.
613 2397 645 2435 5,
679 2396 755 2427 401.
784 2396 861 2427 899.

65 2447 143 2475 Inde
181 2442 343 2475 Paeoniis
375 2445 396 2473 i.
429 2452 456 2473 e.
485 2444 721 2474 medicantibus
752 2445 862 2473 herbis

66 2496 197 2521 curatur
220 2492 417 2526 Hippolytus
442 2487 472 2527 7,
495 2487 570 2519 769.
622 2506 659 2510 -—
711 2488 861 2520 amictu:

66 2537 204 2575 „Medici
228 2537 315 2566 enim
343 2536 409 2565 fere
430 2536 569 2573 palliati,
600 2537 699 2566 etiam
724 2537 858 2573 Romae,

66 2583 321 2619 quandoquidem
352 2582 467 2611 Graeci
500 2582 567 2611 fere
603 2588 694 2612 erant
732 2591 856 2619 genere.

66 2630 191 2659 Obvius
227 2636 352 2663 quoque
388 2628 473 2657 idem
502 2629 697 2664 Aesculapii
727 2629 858 2658 habitus

66 2676 100 2704 in
132 2679 278 2704 veterum
310 2673 414 2710 signis
449 2678 480 2702 et
509 2672 683 2704 nummis.“
723 2671 791 2704 Hn.
818 2689 856 2694 —

65 2722 199 2750 Retorta
216 2721 308 2756 palla
327 2719 473 2755 succingi
491 2724 547 2748 aut
561 2722 684 2755 pallam
702 2721 859 2756 deponere

65 2767 237 2804 chirurgus
260 2766 394 2802 cogitur.

112 2810 188 2842 4⁰2.
212 2820 321 2841 manu
344 2807 502 2847 medica,
542 2815 577 2839 ut
608 2818 746 2848 magnae
775 2813 857 2841 solet

66 2867 140 2888 esse
170 2857 351 2888 habilitatis
383 2863 500 2885 manus
532 2857 736 2887 medicorum.
785 2859 858 2886 lnde

66 2902 156 2934 lenis
181 2902 305 2934 dextra
330 2906 379 2932 est
409 2902 525 2931 medici
549 2902 607 2931 Sil.
630 2902 661 2940 5,
689 2901 764 2932 365.
817 2919 855 2923 -

65 2952 223 2990 potentes
247 2946 372 2979 herbae
394 2948 435 2978 cf.
461 2945 492 2984 7,
519 2945 570 2977 19.

113 2993 188 3025 403.
215 2992 451 3036 nequidquam
476 2990 634 3034 trepidat
664 2993 685 3022 i.
710 3001 737 3022 e.
767 2994 863 3023 varia

911 1233 1018 1258 tentat.
1054 1236 1092 1258 ac
1116 1229 1218 1258 nimia
1243 1229 1450 1259 festinatione
1473 1235 1502 1259 et
1526 1231 1703 1267 anxietate,

911 1282 974 1310 qua
1000 1276 1117 1303 mederi
1138 1277 1252 1309 studet,
1277 1277 1428 1311 agitatur,
1454 1285 1557 1311 neque
1581 1285 1600 1306 a
1625 1279 1703 1307 For-

910 1326 987 1349 tuna
1008 1321 1140 1349 iuvatur
1166 1330 1268 1356 neque
1292 1325 1332 1350 ab
1358 1323 1523 1357 Apolline.

956 1374 1033 1405 405.
1062 1379 1185 1406 auctor
1231 1376 1376 1416 Apollo:
1437 1381 1504 1407 Non
1556 1382 1707 1410 subvenit

912 1423 1031 1457 Apollo
1049 1423 1105 1456 ita,
1130 1428 1163 1451 ut
1181 1428 1290 1452 auctor
1301 1429 1385 1452 esset
1402 1425 1582 1453 medicinae
1598 1432 1704 1462 aptae,

910 1473 943 1496 ut
971 1473 1079 1503 aptam
1104 1470 1237 1497 curandi
1262 1475 1455 1498 monstraret
1481 1472 1647 1501 rationem.

956 1523 1032 1554 407.
1062 1523 1209 1564 propius
1252 1524 1382 1554 mulum
1429 1529 1477 1556 est
1525 1537 1588 1564 „ex
1628 1529 1707 1566 fuga

907 1572 1032 1601 scilicet
1057 1570 1302 1601 Troianoritm.“
1326 1574 1357 1600 S.
1389 1574 1527 1609 Propius
1547 1576 1586 1603 ad
1600 1580 1707 1604 castra

908 1619 1031 1647 accedit
1058 1625 1181 1654 pugna:
1218 1618 1292 1647 inde
1313 1619 1415 1647 maior
1440 1621 1566 1649 auditur
1589 1622 1706 1657 strepi—

908 1668 960 1692 tus
981 1669 1009 1692 et
1031 1664 1096 1692 iam
1116 1665 1258 1693 crassior
1280 1666 1478 1699 conspicitur
1504 1668 1626 1701 pulvis.
1663 1683 1700 1687 ——

908 1707 1053 1749 pulvere
1087 1709 1219 1738 caelum
1258 1712 1344 1746 stat,
1389 1711 1430 1740 cf.
1465 1713 1577 1741 Claud.
1602 1715 1705 1742 Laud.

910 1756 980 1783 Stil.
1010 1753 1037 1785 1.
1064 1753 1129 1783 257
1162 1755 1266 1784 Stant
1300 1753 1446 1795 puluere
1476 1762 1584 1797 syrtes
1616 1756 1707 1789 Gae-

911 1799 1024 1831 tulae:
1081 1798 1217 1829 Poenus
1257 1799 1383 1830 iaculis
1425 1800 1600 1832 obteritur
1635 1814 1705 1834 aer.

912 1847 1027 1875 Simile
1047 1847 1093 1876 rei
1116 1852 1325 1883 augmentum
1353 1849 1458 1877 Plaut.
1486 1850 1646 1885 Amphitr.
1676 1851 1704 1887 l,

915 1892 941 1927 l,
965 1890 1007 1919 77
1033 1890 1113 1922 boat
1142 1891 1276 1922 caetum
1303 1892 1451 1930 fremitu
1483 1894 1595 1924 virum
1614 1905 1624 1925 .·
1667 1906 1708 1926 er

909 1936 1036 1976 spiritu
1071 1941 1176 1978 atque
1207 1936 1364 1968 anhelitu
1400 1938 1526 1970 nebula
1559 1945 1707 1975 constat.

908 1984 946 2013 cf.
970 1982 998 2018 6,
1024 1982 1088 2012 300
1113 1987 1207 2014 stant
1233 1983 1368 2014 lumina
1386 1984 1549 2024 flumma.

954 2028 1029 2058 403.
1058 2028 1205 2059 subeunt
1227 2031 1352 2069 Mleb
1373 2040 1435 2061 rec.
1458 2029 1519 2061 Rb.
1544 2031 1706 2063 subeunt-

908 2083 974 2116 que
1008 2074 1113 2106 smne
1151 2085 1213 2106 ree.
1257 2075 1340 2118 Wg.
1394 2078 1505 2107 Utrum
1552 2085 1703 2115 praestet,

907 2122 968 2151 vix
990 2122 1123 2151 dixeris.

954 2166 1032 2196 411.
1059 2169 1146 2203 Quod
1186 2168 1237 2197 dei
1275 2169 1403 2198 auxilio
1440 2170 1564 2204 aliquis
1597 2172 1704 2200 subito

907 2214 1079 2249 pristinam
1100 2214 1213 2249 recipit
1231 2216 1461 2250 valetudinem,
1489 2216 1518 2244 fit
1533 2224 1589 2251 ap.
1611 2218 1702 2246 Hom.

907 2260 946 2289 cf.
974 2262 1010 2289 Il.
1042 2258 1093 2295 16,
1119 2259 1184 2288 523
1211 2268 1258 2296 sq.
1307 2276 1345 2281 —-
1397 2259 1547 2300 indigno
1574 2260 1703 2298 dolore,

907 2314 1005 2341 quum
1030 2307 1072 2335 sit
1096 2315 1137 2335 ex
1162 2308 1297 2336 vulnere
1321 2307 1451 2336 insidiis
1477 2308 1569 2338 facto.

953 2350 1029 2381 412.
1064 2349 1274 2381 Dictamnus
1305 2355 1403 2382 herba
1426 2355 1531 2383 caulis
1557 2358 1585 2383 et
1610 2354 1705 2384 folio-

910 2406 980 2428 rum
1004 2399 1160 2435 lanugine
1184 2398 1336 2435 insignis.
1365 2414 1402 2419 —-
1429 2398 1617 2439 puberibus
1643 2400 1702 2438 fo-

909 2441 968 2473 tiis
997 2444 1036 2474 cf.
1071 2443 1100 2482 4,
1126 2442 1203 2473 514.
1232 2460 1270 2464 -
1309 2442 1532 2475 Dictamnum
1556 2454 1593 2486 g.
1625 2444 1705 2476 Cre-

908 2491 990 2520 taea
1013 2493 1092 2520 Mss.
1120 2499 1231 2519 omnes
1261 2494 1290 2520 et
1311 2493 1403 2520 Serv.
1430 2500 1490 2521 rec.
1525 2490 1608 2531 Wg.
1637 2489 1701 2521 Rb.

910 2552 948 2556 —
981 2533 1063 2575 Ipsa
1096 2545 1203 2565 manu
1233 2545 1271 2576 g.
1308 2533 1455 2566 Dictaea
1487 2539 1571 2572 apud
1603 2546 1701 2568 unum

906 2583 1078 2612 Donatum.
1126 2583 1190 2611 Per
1230 2590 1267 2611 se
1304 2583 1335 2611 id
1365 2583 1491 2618 quidem
1522 2585 1700 2619 probabile,

905 2636 963 2658 nec
985 2628 1166 2664 defuerunt,
1199 2628 1254 2663 qui
1291 2629 1453 2664 adscripto
1482 2630 1611 2658 nomine
1640 2627 1700 2658 Di-

907 2676 1083 2703 ctamnum
1106 2674 1189 2703 illud
1210 2671 1288 2714 ipsa
1313 2683 1417 2704 manu
1437 2677 1608 2711 explosum
1628 2684 1702 2706 esse

906 2720 1159 2755 amittat-eman
1214 2728 1317 2754 neque
1362 2728 1444 2756 opus
1495 2726 1544 2750 est
1593 2723 1700 2751 addito

906 2767 1036 2801 plantae
1061 2766 1200 2794 nomine.
1247 2766 1293 2794 At
1317 2768 1467 2796 standum
1498 2775 1518 2796 a
1547 2767 1642 2797 libris
1665 2773 1696 2797 et

906 2812 1031 2848 Servio,
1055 2811 1243 2846 praesertim
1255 2819 1352 2845 quum
1367 2809 1445 2851 ipsa
1463 2820 1569 2842 manu
1593 2817 1697 2844 ortum

904 2857 1056 2886 videatur
1087 2866 1129 2887 ex
1164 2861 1362 2892 correctura,
1402 2859 1484 2893 quod
1514 2859 1555 2888 ad
1585 2856 1698 2889 dicta-

904 2911 1022 2931 mnum
1062 2904 1246 2938 appositum
1279 2901 1413 2932 caulem
1447 2912 1510 2932 non
1540 2906 1697 2940 placebat.

911 2949 972 2978 Sed
1003 2956 1043 2978 ea
1075 2949 1235 2985 appositio
1268 2949 1389 2984 optima
1417 2953 1483 2987 est,
1527 2951 1700 2987 explicans

910 2998 939 3023 et
967 2994 1154 3024 describens
1184 3002 1269 3032 rem,
1312 3002 1397 3030 quae
1436 2999 1532 3026 antea
1572 2998 1700 3028 nomine
