2023 3350
719 128 954 162 AENEIDOS
980 131 1064 162 LIB.
1090 131 1114 162 1.

1678 129 1728 166 55

100 244 234 298 Regia
281 242 489 297 portabat
525 242 682 297 Tyriis,
727 242 834 284 duce
872 243 1010 284 laetus
1042 242 1216 284 Achate.

213 301 350 352 Quum
391 300 523 351 venit,
568 301 731 342 aulaeis
766 301 852 342 iam
892 315 936 342 se
973 301 1122 353 regina
1156 298 1350 354 superbis

96 358 240 400 Aurea
278 358 519 412 composuit
559 358 726 411 sponda
762 358 1031 411 mediamque
1070 357 1247 409 locavit3

95 416 188 457 Iam
224 419 350 470 pater
383 415 548 456 Aeneas
583 420 625 457 et
654 416 740 457 iam
775 416 959 457 Troiana
996 416 1190 456 iuventus

99 473 384 524 Conveniunt,
431 476 655 526 stratoque
693 487 821 527 super
859 472 1139 514 discumbitur
1175 476 1304 514 ostro.

95 531 212 572 Dant
251 530 446 572 manibus
479 530 629 572 famuli
666 531 880 585 lymphas,

1648 472 1730 510 700

932 531 1211 583 Cereremque
1251 528 1450 571 canistris

95 588 360 642 Expediunt,
403 588 625 641 tonsisque
657 588 800 630 ferunt
831 588 1034 629 mantelia
1068 588 1190 629 villis.

96 646 416 700 Quinquaginta
447 646 561 687 intus
593 645 800 697 famulae,
842 645 994 700 quibus
1030 645 1179 687 ordine
1215 644 1342 697 longo

96 704 210 746 Cura
248 717 404 758 penum
438 707 601 745 struere
641 708 682 745 et
719 704 900 745 flammis
938 703 1109 744 adolere
1146 703 1346 752 Penates3

97 868 198 904 iungit
230 865 342 896 laetus
366 865 550 907 portabat,
591 870 671 902 quod
705 872 751 896 est
780 873 889 897 contra

96 914 238 942 ordinem
263 915 442 942 verborum.

284 990 486 1022 697—722.
537 989 701 1031 Epulum.

142 1047 218 1079 697.
246 1058 349 1089 quum
367 1047 459 1078 venit
478 1064 520 1069 —
537 1046 727 1088 composuit
742 1064 786 1068 —
805 1057 889 1077 con-

96 1093 250 1125 veniunt.
300 1096 413 1124 Omnia
442 1099 522 1124 recte
548 1100 622 1123 sunt
655 1096 755 1128 dicta;
792 1102 889 1129 quum

98 1142 228 1171 advenit
250 1142 361 1175 Amor,
383 1142 447 1169 iam
468 1142 573 1169 locum
593 1145 675 1169 tenet
687 1140 765 1168 Dido
783 1148 888 1175 suum,

95 1188 162 1216 iam
183 1187 241 1215 alii
262 1188 367 1215 locum
390 1190 553 1220 occupant.
576 1201 613 1204 —
646 1182 784 1214 Aulaeis
809 1193 888 1221 „ve-

96 1234 139 1261 lis
169 1232 279 1268 pictis,
318 1239 399 1266 quae
432 1232 501 1260 ideo
535 1233 652 1259 aulaea
685 1231 770 1259 dicta
802 1235 887 1267 sunt,

97 1279 180 1313 quod
205 1278 342 1313 primum
365 1278 398 1305 in
423 1278 500 1305 aula
521 1277 636 1309 Attali,
662 1277 748 1312 regis
773 1276 888 1307 Asiae.

95 1324 151 1359 qui
180 1325 332 1358 populum
361 1323 543 1351 Romanum
572 1322 701 1356 scripsit
732 1323 887 1357 heredem,

96 1370 229 1398 inventa
261 1366 368 1397 suutf‘
404 1370 435 1396 S.
484 1368 645 1402 Imprimis
678 1368 718 1395 ad
749 1369 889 1396 velanda

96 1415 300 1445 conclavium
330 1418 412 1444 tecta
436 1416 605 1442 utebantur
627 1414 765 1442 Romani
792 1421 889 1448 saepe

96 1461 267 1490 admodum
293 1460 468 1495 splendidis
499 1460 537 1488 cf.
564 1461 638 1488 Hor.
667 1461 698 1487 S.
724 1457 754 1493 2.
776 1457 807 1493 S,
834 1458 886 1488 54.

105 1503 184 1535 Wd.
209 1508 327 1535 aulaea
348 1506 382 1534 in
402 1506 523 1540 sponda
546 1512 619 1534 esse
637 1505 744 1541 sumit,
768 1505 889 1533 intelli-

96 1553 204 1588 gitque
234 1556 342 1581 vestes
372 1553 545 1588 stragulaS.
584 1566 621 1570 —
662 1548 818 1591 superbis
851 1552 889 1580 cf.

98 1596 174 1626 639.

144 1652 218 1683 698.
245 1661 354 1683 aurea
385 1650 519 1693 sponda
549 1655 611 1682 abl.
643 1654 716 1683 loci.
766 1654 893 1687 Sponda

98 1704 153 1729 aut
189 1702 305 1729 lectum
339 1707 418 1728 auro
457 1700 625 1728 obductum
661 1700 792 1734 saepius
825 1704 890 1727 erat

98 1747 184 1781 apud
223 1747 372 1781 antiquos
412 1746 451 1774 cf.
492 1745 556 1774 Cic.
592 1746 685 1774 Tusc.
715 1745 744 1774 5.
771 1742 823 1772 21.
850 1742 887 1772 61

104 1789 276 1821 Collocari
321 1788 422 1820 iussit
462 1790 682 1826 [Dionysius]
722 1787 890 1819 hominem

99 1837 323 1872 (Damoclem)
353 1834 389 1865 ἱη
414 1844 519 1865 aureo
546 1833 650 1872 lecto,
675 1838 785 1865 strato
809 1833 891 1875 pul-

98 1880 264 1911 cherrimo
308 1879 421 1911 textili
465 1879 643 1921 stragulo,
695 1879 895 1921 mogneficis

98 1925 257 1968 operibus
282 1925 385 1966 picto.
433 1929 481 1955 Ita
505 1927 691 1956 Nicomedes
715 1936 782 1956 rex.
809 1929 890 1956 Cae-

99 1975 185 2002 saris
203 1973 361 2009 aequalis,
384 1974 494 2001 habuit
518 1980 650 2001 aureum
668 1975 784 2002 lectum
803 1976 889 2001 Suet.

100 2020 193 2048 Caes.
219 2016 277 2053 49,
321 2019 472 2055 Caligula
494 2019 653 2054 argenteis
678 2020 810 2047 laminis
835 2021 888 2047 ob-

99 2067 226 2094 ductum
252 2066 335 2092 Suet.
360 2064 429 2093 Cal.
458 2061 508 2091 32.
534 2079 571 2082 —
600 2072 708 2093 aurea
733 2064 771 2093 cf.
795 2064 816 2099 ς
839 2063 888 2093 10.

102 2127 139 2130 -
173 2109 216 2138 Se
248 2107 437 2148 composuit
462 2109 578 2138 dictum
609 2114 655 2137 est
681 2118 751 2139 cum
780 2110 890 2145 gravi-

99 2157 174 2185 tatis
200 2156 346 2191 notione,
384 2152 454 2183 sich
486 2152 744 2188 niederlassen,·
784 2156 829 2183 ita
855 2157 889 2183 G.

100 2199 237 2240 4,189,
276 2201 321 2229 ita
350 2197 501 2229 membra
535 2208 736 2239 componere
768 2198 832 2228 438
864 2204 893 2228 et

99 2255 223 2287 corpus
245 2254 372 2287 ponere
403 2248 461 2275 ΟΥ.
487 2248 528 2274 Μ.
565 2242 593 2274 1.
617 2244 692 2273 300.
738 2242 789 2274 10.
818 2244 892 2274 128.

100 2292 154 2329 14,
180 2290 256 2320 427.
283 2307 321 2312 —
351 2289 580 2330 mediamque,
606 2292 639 2319 in
660 2292 810 2320 conclavi
832 2292 893 2320 ali-

100 2340 291 2374 quantulum
315 2345 335 2366 a
360 2338 495 2371 reliquis
528 2342 691 2366 remotam.
741 2338 812 2366 Noli
838 2337 894 2365 fin—

100 2393 174 2421 gere
198 2384 353 2412 Didonem
379 2384 461 2412 inter
483 2383 666 2412 Ascanium
695 2388 723 2411 et
748 2384 894 2412 Aeneam

100 2430 238 2459 mediam
271 2429 303 2457 in
335 2429 473 2458 triclinio
507 2429 771 2463 discumbentem.
813 2430 895 2463 quod

101 2477 167 2505 iam
191 2475 295 2504 fecere
317 2475 464 2509 quidam3
496 2475 528 2502 id
555 2476 639 2503 enim
667 2480 777 2504 contra
804 2483 896 2503 omne

101 2523 249 2550 decorum
275 2524 331 2548 est.
376 2521 410 2548 Si
432 2528 536 2555 neque
559 2529 600 2550 ex
625 2522 769 2549 Romano
794 2529 896 2555 neque

103 2576 145 2596 ex
170 2568 289 2595 Graeco
314 2573 399 2594 more
422 2570 451 2594 et
476 2569 535 2596 hoc
556 2571 584 2595 et
610 2568 784 2603 nonnulla,
814 2574 896 2601 quae

102 2616 294 2647 sequuntur,
330 2612 411 2639 satis
437 2613 602 2646 explicare
626 2613 762 2647 poteris,
792 2617 893 2641 atten-

102 2660 179 2693 das,
216 2657 373 2686 Didonem
405 2665 478 2685 esse
505 2662 535 2686 et
560 2658 711 2686 feminam
735 2662 765 2686 et
789 2667 896 2693 regem

100 2709 130 2733 et
160 2702 475 2738 Carthaginiensem,
514 2711 617 2738 neque
655 2711 706 2738 ap.
747 2705 897 2739 Graecos,

103 2759 161 2779 nec
185 2757 236 2783 ap.
261 2749 425 2776 Romanos
449 2749 587 2777 similem
614 2756 783 2783 personam
807 2758 898 2784 repe-

105 2796 172 2825 riri.
207 2795 364 2823 Videntur
383 2796 422 2822 ab
448 2795 549 2822 altera
574 2798 662 2829 parte
686 2796 795 2824 sedere
819 2797 897 2824 Tro-

103 2842 182 2878 iani,
205 2843 245 2869 ab
271 2841 372 2869 altera
397 2840 489 2875 Tyrii
512 2840 551 2868 cf.
577 2837 653 2868 738.

149 2895 224 2927 699.
251 2897 383 2927 Troiani
438 2896 508 2925 suis
559 2897 640 2926 locis
687 2897 901 2933 discumbunt,

104 2946 237 2974 Aeneas
274 2945 344 2973 loco
382 2943 495 2971 altiore
527 2940 562 2976 2,
596 2941 614 2970 3
653 2943 760 2979 regiae
801 2945 902 2972 sellae

105 2990 261 3026 opposito.

163 3045 240 3076 700.
267 3043 399 3082 „Ostro
437 3054 492 3081 pro
521 3052 661 3080 purpura
687 3046 811 3083 posuit,
846 3044 982 3079 unde'z,
1007 3043 1059 3073 27.

935 869 1060 905 fingitur
1098 870 1259 904 purpura*
1299 870 1330 895 S.
1378 882 1414 886 -
1469 864 1581 905 Super
1621 872 1729 899 praep.

935 916 1043 942 eodem
1070 916 1138 943 loco
1161 915 1265 949 posita
1291 911 1321 943 6.
1351 910 1398 940 17.

981 968 1056 998 701.
1082 968 1241 999 manibus
1270 965 1404 1007 famuli
1440 969 1545 1006 GRcy.
1598 962 1732 1004 famuli

937 1014 1093 1045 manibus
1117 1019 1145 1044 b.
1180 1013 1339 1043 manibus
1351 1010 1516 1051 famulae
1533 1015 1575 1040 lu.
1604 1027 1641 1030 —
1668 1012 1732 1039 La-

937 1067 1014 1090 vaut
1047 1070 1134 1090 more
1166 1062 1311 1089 Romano
1355 1063 1428 1086 ante
1466 1065 1615 1093 coenam,
1659 1057 1732 1084 dum

937 1108 1025 1135 servi
1060 1114 1162 1141 aquas
1195 1111 1223 1134 et
1256 1104 1408 1134 mantelia
1441 1099 1733 1139 (uf’asclzwasser

934 1150 1006 1180 und
1053 1148 1303 1188 Handtit'cher)
1351 1148 1586 1179 circumferunt.
1651 1147 1733 1175 Dein

935 1199 993 1225 alii
1028 1205 1143 1232 panem
1177 1197 1327 1226 afferunt.
1368 1195 1427 1223 alii
1458 1195 1546 1223 cibos
1578 1195 1733 1222 adornant

935 1248 963 1271 et
996 1248 1149 1278 coquunt.
1191 1243 1248 1271 alii
1284 1243 1318 1270 iu
1345 1241 1467 1270 mensis
1499 1243 1676 1275 proponunt
1702 1242 1731 1266 et

934 1294 1046 1317 curant
1071 1290 1194 1324 pocula.
1229 1304 1265 1307 —
1304 1283 1475 1316 ‚Mantelia
1502 1283 1609 1314 tonsis
1638 1280 1734 1312 villis

936 1335 956 1362 i.
983 1343 1009 1363 e.
1035 1336 1133 1363 levia.
1160 1335 1280 1363 mollia.
1310 1349 1346 1352 —
1377 1333 1524 1361 Cererem
1550 1341 1592 1356 Ξ
1617 1338 1733 1366 panem

936 1380 973 1409 cf.
1020 1378 1093 1409 171.
1146 1396 1183 1399 -
1239 1377 1312 1417 Que
1353 1393 1396 1397 —
1439 1386 1504 1417 que
1541 1383 1733 1412 quamquam

936 1427 1084 1461 aequalia
1111 1427 1241 1462 iungere
1264 1427 1360 1458 solet,
1387 1432 1448 1452 uon
1474 1427 1579 1452 tamen
1604 1423 1730 1451 eosdem

937 1472 1075 1501 famulos
1101 1473 1207 1500 omnia
1234 1471 1330 1499 simul
1356 1470 1462 1498 facere
1488 1473 1635 1504 app-aren
1677 1476 1731 1495 ne-

937 1526 997 1552 que
1020 1526 1100 1552 opus
1126 1522 1172 1546 est
1195 1517 1306 1546 afferre
1327 1518 1413 1545 locos
1442 1516 1535 1548 alim,
1560 1515 1594 1542 iu
1617 1514 1733 1549 quibus

940 1572 1004 1603 que
1029 1564 1157 1592 diversa
1184 1564 1304 1596 iungit.
1343 1568 1537 1596 quamquam
1569 1565 1657 1590 sunt:
1699 1564 1733 1587 ut

938 1608 991 1644 10,
1023 1608 1086 1637 130
1123 1606 1159 1638 hi
1191 1605 1333 1645 iaculis,
1367 1604 1420 1636 illi
1452 1608 1584 1635 certant
1616 1603 1735 1642 defen-

939 1652 1019 1684 dere
1050 1652 1162 1690 saris,
1196 1651 1378 1693 molirique
1416 1650 1530 1692 ignem
1564 1659 1736 1690 nervoque

939 1703 1062 1739 aptare
1094 1699 1267 1740 sagittas,
1307 1700 1361 1728 ubi
1394 1699 1536 1733 plurium
1573 1697 1735 1726 hominum

940 1747 1103 1775 diversum
1125 1747 1263 1774 studium
1288 1745 1486 1774 describiutr.
1535 1741 1565 1770 7.
1587 1742 1661 1771 639.
1697 1744 1732 1770 E.

941 1790 969 1820 1.
992 1791 1043 1819 65.
1074 1808 1110 1811 ——
1147 1793 1270 1820 ⁷Versus
1298 1789 1359 1818 701
1388 1796 1415 1818 et
1440 1788 1457 1817 2
1486 1791 1565 1818 delet
1597 1785 1647 1817 Pl.
1676 1786 1734 1816 Gr.

939 1842 970 1866 ut
997 1842 1088 1866 natos
1113 1846 1155 1866 ex
1181 1840 1215 1866 G.
1242 1834 1272 1874 4,
1298 1834 1360 1864 376
1388 1838 1472 1864 male
1498 1835 1612 1870 positis
1638 1841 1733 1868 aqua.

940 1891 1031 1918 pane.
1058 1884 1259 1912 mantelibus.
1309 1883 1351 1911 At
1377 1882 1405 1910 si
1428 1879 1574 1908 703-ss
1602 1888 1664 1908 non
1690 1880 1734 1907 si-

940 1931 1005 1958 mul
1030 1930 1210 1958 eiiciuutur.
1235 1929 1315 1956 nihil
1340 1928 1508 1962 proficitur.

982 1984 1057 2014 703.
1085 1984 1178 2015 intus
1210 1986 1243 2013 iu
1274 1985 1353 2013 atrio
1388 1984 1426 2013 cf.
1462 1981 1537 2011 725.
1568 1999 1604 2002 —
1644 1980 1734 2011 Lon-

936 2039 1039 2069 gam,
1085 2033 1166 2066 quod
1205 2031 1321 2065 recepit
1365 2027 1449 2067 [ΓΕ.
1497 2026 1595 2064 ΙΓ(Ι.,
1634 2029 1734 2057 firmat

938 2078 1123 2109 Charisius:
1169 2078 1225 2105 sed
1258 2077 1322 2104 iam
1354 2076 1449 2104 Gellii
1474 2079 1578 2103 aetate
1605 2079 1632 2102 et
1661 2072 1734 2102 lon-

938 2130 1021 2161 gam
1056 2127 1085 2151 et
1118 2120 1224 2160 longo
1252 2124 1415 2158 legebatur
1445 2121 1484 2150 cf.
1514 2122 1549 2148 N.
1577 2121 1618 2149 A.
1647 2119 1678 2151 4.
1706 2116 1734 2147 1.

945 2164 1066 2206 Longo
1093 2169 1177 2202 apud
1194 2168 1344 2195 Servium
1368 2171 1396 2195 et
1421 2167 1454 2195 in
1474 2169 1553 2195 Mss.
1579 2166 1735 2197 omnibus,

941 2213 994 2247 qui
1026 2221 1110 2241 nunc
1139 2217 1265 2241 exstant
1297 2217 1422 2247 praeter
1451 2212 1647 2240 Palatinum.
1697 2213 1733 2238 Et

938 2266 1048 2296 penus
1074 2255 1184 2297 longa
1209 2262 1236 2285 et
1262 2254 1388 2295 longus
1413 2254 1496 2285 ordo
1518 2262 1620 2291 potest
1643 2257 1735 2284 intel-

940 2303 1012 2339 ligi,
1060 2304 1196 2331 alterum
1238 2309 1388 2337 maguam
1423 2310 1553 2335 penum,
1598 2304 1733 2330 alterum

941 2356 1091 2385 maguam
1132 2349 1324 2376 famulorum
1363 2347 1597 2375 multitudinem
1630 2347 1735 2383 signat

942 2395 979 2423 cf.
1015 2392 1051 2430 6,
1081 2392 1155 2422 482.
1203 2394 1352 2422 Alterum
1385 2398 1489 2421 autem
1519 2394 1655 2421 alterum
1687 2393 1736 2420 in-

942 2441 1056 2468 volvit.
1113 2442 1194 2468 Nam
1231 2440 1259 2467 si
1300 2440 1394 2474 longa
1437 2443 1484 2466 est
1520 2446 1638 2472 penus.
1682 2446 1735 2472 per

942 2487 1059 2515 mullos
1082 2486 1167 2514 focos
1194 2489 1237 2521 et,
1265 2485 1345 2519 quod
1371 2484 1442 2511 iude
1475 2484 1686 2517 consequitur.
1716 2491 1735 2512 a

942 2532 1053 2561 multis
1093 2531 1223 2560 famulis
1264 2535 1411 2565 paratur;
1460 2529 1490 2556 si
1528 2530 1643 2565 longus
1688 2534 1736 2557 est

942 2579 1017 2606 ordo
1043 2577 1251 2606 famulorum.
1291 2577 1392 2604 multa
1414 2579 1460 2602 est
1486 2582 1604 2609 penus,
1641 2579 1671 2603 ut
1705 2576 1736 2602 iu

943 2631 982 2653 ea
1009 2624 1153 2658 paranda
1177 2627 1216 2650 tot
1244 2621 1388 2649 homiues
1414 2625 1612 2655 occupentur.
1644 2617 1735 2648 Lon-

943 2677 993 2710 ga
1021 2677 1130 2708 penus
1157 2671 1263 2696 autem
1288 2667 1404 2695 dictum
1432 2670 1495 2702 est,
1522 2670 1555 2694 ut
1581 2674 1632 2701 ap.
1660 2667 1734 2695 Tac.

943 2716 984 2743 A.
1011 2712 1061 2750 1-1,ι
1087 2712 1122 2742 31
1155 2711 1264 2751 longa
1291 2708 1470 2751 opulentia
1490 2720 1545 2746 pro
1570 2719 1696 2747 magua.

991 2769 1066 2799 704.
1094 2779 1176 2799 cura
1206 2780 1231 2798 c.
1261 2768 1343 2796 infin.
1370 2767 1408 2796 cs.
1437 2767 1466 2796 5.
1492 2766 1567 2797 638.
1598 2785 1635 2788 -
1674 2766 1737 2797 Pe-

948 2826 1029 2845 num
1056 2818 1186 2845 struere
1212 2819 1257 2842 est
1282 2814 1389 2841 edulia
1419 2818 1446 2842 et
1473 2814 1560 2843 cibos
1582 2816 1737 2843 adornare

948 2868 977 2891 et
1007 2870 1136 2898 parare,
1175 2861 1254 2895 (unul
1285 2860 1424 2888 maxime
1456 2859 1529 2893 igne
1555 2860 1603 2891 fit,
1639 2868 1737 2895 quare

949 2916 1005 2937 eas
1031 2917 1086 2943 per
1115 2909 1224 2942 plures
1254 2906 1340 2934 focos
1369 2905 1542 2940 dispositas
1573 2907 1677 2942 cogita
1705 2906 1736 2934 in

949 2954 1102 2989 parandis
1121 2953 1202 2981 cibis
1226 2955 1406 2985 occupatas.
1442 2953 1518 2985 „Est
1539 2952 1624 2980 enim
1647 2960 1738 2980 omne

950 3008 1010 3035 quo
1040 3002 1214 3028 vescuntur
1236 2997 1379 3025 homines
1404 2996 1526 3031 penus·fi
1550 2998 1613 3026 Cic.
1642 2999 1676 3026 N.
1699 2998 1736 3025 D.

1110 3046 1216 3073 ..Inter
1248 3050 1373 3083 penum
1408 3046 1437 3071 et
1469 3039 1646 3071 cellarium
1680 3045 1738 3071 hoc
