2023 3350
272 98 351 137 536

269 210 449 250 Ducitur
485 210 631 250 infelix
667 223 770 250 aevo
810 210 1029 252 confectus
1064 215 1254 264 Acoetes,

843 96 877 127 P.
906 96 1097 129 VtRGILn
1126 96 1334 131 MARONJS

270 267 450 307 Pectora
480 280 590 307 nunc
628 266 805 308 foedans
837 268 992 321 pugnis
1031 282 1142 310 nunc
1171 270 1384 324 unguibus
1422 284 1509 322 ora,

271 324 501 373 Sternitur,
540 327 582 364 et
620 327 711 365 toto
754 325 972 379 proiectus
1011 339 1192 379 corpore
1228 332 1382 369 terrae.

270 382 443 421 Ducunt
478 384 521 422 et
553 382 710 423 Rutulo
751 382 947 436 perfusos
988 383 1194 436 sanguine
1234 399 1394 427 currus.

269 438 369 479 Post
404 437 590 480 bellator
628 453 760 492 equus
798 440 949 494 positis
985 441 1225 494 insignibus
1258 443 1426 485 Aethon

269 496 310 536 It
343 495 591 548 lacrimans,
629 498 846 552 guttisque
880 498 1101 540 humectat
1137 500 1371 552 grandibus
1406 513 1493 541 ora.

270 552 451 595 Hastam
480 554 554 595 alii
593 548 845 609 galeamque
880 555 1043 606 ferunt,
1083 570 1182 598 nam
1218 562 1361 599 cetera
1389 558 1556 599 Turnus

270 610 421 652 Victor
456 611 599 653 habet.

659 613 764 654 Tum
804 617 968 655 maesta
1005 613 1194 668 phalanx
1224 615 1458 669 Teucrique
1493 617 1731 669 sequuntur

271 668 564 723 Tyrrhenique
602 684 747 712 omnes
779 674 822 712 et
856 672 989 713 versis
1032 671 1221 714 Arcades
1259 673 1401 714 armis.

270 725 504 779 Postquam
543 728 678 769 omnis
711 729 837 782 longe
873 729 1076 771 comitum
1106 734 1375 784 processerat
1408 729 1523 781 ord0,

273 783 476 826 Substitit
510 786 674 827 Aeneas
711 787 961 840 gemituque
993 787 1101 828 haec
1133 788 1302 830 addidit
1340 789 1448 830 alto:

1851 789 1904 830 95

272 841 360 883 Nos
396 842 504 884 alias
534 842 633 884 hinc
665 844 718 885 ad
755 845 954 886 lacrimas
998 844 1147 888 eadem
1184 845 1364 888 horrida
1393 845 1498 887 belli

318 972 371 1001 65.
402 970 549 1002 Ihm-itur
589 977 706 1011 „quasi
744 977 798 1011 qui
843 980 1067 1005 consternatus

272 1018 371 1047 nimio
397 1020 505 1047 dolore
530 1020 577 1048 ire
599 1029 662 1049 non
688 1021 842 1056 poterat.“
866 1025 897 1051 S.

318 1074 371 1105 86.
400 1077 453 1106 Sic
485 1077 519 1105 in
553 1079 641 1107 luctu
678 1079 799 1113 aliquis
830 1087 882 1114 ap.
919 1081 998 1108 Stat.
1036 1077 1066 1116 9,

274 1120 338 1150 399
370 1125 529 1152 cruentat
552 1126 710 1163 pectora:
735 1125 780 1153 ita
805 1126 887 1154 Aen.
911 1123 941 1159 4,
969 1122 1045 1153 673.

319 1177 371 1208 87.
400 1178 582 1218 sternitur,
631 1184 661 1209 et
705 1184 747 1211 Μ.
795 1183 845 1210 Ad
895 1179 1070 1220 proiectus

275 1228 389 1261 supple
421 1228 480 1255 cst.
513 1228 697 1262 „Expedita
720 1232 770 1257 est
794 1228 901 1256 omnis
932 1228 1070 1256 difficul-

276 1277 335 1301 tas.
359 1273 387 1300 si
415 1281 469 1307 pro
491 1276 522 1302 et
541 1274 666 1302 scribas
684 1273 780 1302 aut.“
804 1270 852 1302 Pl.
876 1289 913 1293 —-
937 1273 1071 1310 „Deleri

278 1320 404 1347 volebat
429 1320 529 1348 editor
541 1320 745 1348 Parmensis:
768 1322 921 1348 lacunam
949 1316 1070 1348 statui“

279 1361 353 1397 Rb„
387 1362 446 1393 Ld.
473 1367 558 1400 expl.
583 1368 614 1393 et
645 1363 813 1393 sternitur
838 1363 1012 1404 proiectus
1043 1368 1071 1392 et

273 1408 448 1449 proiectus
477 1420 518 1439 ex
550 1412 690 1446 prolepsi
720 1411 862 1445 explicat
887 1410 925 1439 cf.
953 1408 982 1445 4,
1010 1408 1070 1445 223

276 1463 359 1490 quae
386 1456 468 1485 ratio
495 1457 681 1491 probabilis.
709 1472 745 1475 —-
775 1457 934 1484 Sternitur
953 1459 1071 1492 autem,

277 1510 374 1536 quum
399 1502 497 1530 nimio
534 1504 641 1531 dolore
674 1510 853 1531 concussus
885 1502 1069 1530 ductoribus

277 1556 312 1576 se
344 1548 458 1582 eripiat
485 1551 512 1576 et
546 1552 735 1583 prosternat.
791 1549 879 1582 Quod
914 1548 979 1576 fieri
1016 1555 1073 1582 po—

277 1593 380 1622 tuisse
402 1598 499 1630 negat
530 1591 591 1622 Ld.
620 1610 655 1613 —
687 1597 799 1623 terrae
819 1593 859 1621 cf.
883 1593 913 1630 5,
939 1590 1015 1621 451.

322 1650 376 1678 ⁸⁵⁴.
403 1651 524 1679 Currus
543 1654 601 1679 hoc
621 1652 689 1679 loco
713 1655 908 1679 memoratus
935 1658 998 1677 non
1023 1653 1071 1677 est

277 1696 342 1724 nisi
366 1697 539 1727 Pallantis,
574 1704 648 1724 nam
674 1697 779 1731 spolia
809 1696 947 1724 hostium
973 1704 1073 1729 supra

277 1746 452 1770 memorata
487 1747 571 1770 sunt.
622 1743 682 1769 sed
715 1743 828 1770 Pallas
864 1749 958 1769 curru
992 1748 1072 1768 usus

278 1796 340 1815 non
366 1793 430 1821 est,
470 1788 540 1822 ipse
572 1791 600 1816 et
634 1788 706 1815 eius
729 1788 810 1815 socii
841 1787 963 1821 equites
988 1790 1073 1814 sunt.

285 1830 344 1861 Ld.
372 1842 501 1862 versum
527 1838 598 1868 post
624 1842 652 1862 v.
679 1831 722 1859 90
748 1833 867 1861 inferre
897 1839 998 1866 paene
1019 1840 1073 1861 co-

278 1884 381 1907 natur.
430 1880 480 1908 Ac
506 1887 586 1908 sane
608 1882 637 1908 h.
664 1881 684 1907 l.
711 1883 757 1907 est
783 1879 920 1913 ineptus.

322 1933 375 1963 99.
401 1933 523 1973 positis
541 1933 740 1970 insignibus
758 1936 850 1971 „sine
868 1933 1074 1971 phaleris“S.

325 1979 378 2009 90.
405 1984 512 2016 Equos
538 1982 680 2011 Achillis
709 1983 880 2011 lacrimare
911 1982 988 2010 dicit
1011 1982 1076 2009 Ho-

278 2035 386 2056 merus
411 2029 449 2055 Il.
482 2025 532 2061 17,
573 2026 636 2055 426
677 2036 723 2062 sq.
756 2031 785 2056 et
815 2029 852 2056 de
889 2027 1075 2055 imminente

279 2074 435 2101 Caesaris
460 2075 557 2101 caede
582 2082 681 2108 equos
699 2074 830 2102 flevisse
858 2078 967 2101 narrat
987 2075 1074 2101 Suet.

281 2120 376 2148 Caes.
402 2116 455 2147 Sl.

327 2162 379 2193 9⁴2.
417 2162 548 2194 Maesta
572 2160 731 2203 phalaris
750 2168 873 2193 constat
899 2174 915 2192 e
932 2164 1076 2200 Teucris,

279 2211 397 2239 'ruscis
428 2215 456 2238 et
492 2210 684 2239 Arcadibus.
714 2226 749 2229 -—
779 2207 940 2251 phalanx
971 2209 1010 2238 cf.
1044 2208 1074 2247 2,

282 2254 359 2285 25⁴.

326 2300 379 2330 93.
399 2298 502 2329 duces
532 2298 591 2329 Rb.
616 2305 645 2329 et
669 2303 699 2329 S.
726 2309 840 2329 omnes
860 2302 970 2340 MPyc.
1004 2303 1075 2329 Ma-

280 2350 347 2377 lum
367 2347 494 2376 videtur
518 2347 558 2380 id,
587 2347 616 2376 si
640 2355 712 2376 cum
745 2343 980 2385 'l'yrrlzeniqne
1003 2347 1076 2375 iun-

280 2395 347 2428 gis-3
381 2401 456 2421 nam
488 2393 578 2421 mille
610 2396 732 2421 tantum
764 2400 781 2420 e
807 2393 969 2428 Troianis,
993 2394 1076 2428 Tyr-

280 2439 391 2469 rhenis
421 2442 451 2467 et
479 2438 664 2467 Arcadibus
702 2438 775 2467 lecti
810 2439 994 2467 Pallantem
1025 2446 1077 2467 se-

281 2490 422 2521 quuntur
449 2492 481 2513 v.
507 2482 566 2519 613
602 2492 705 2519 neque
729 2484 855 2519 providi
881 2489 949 2513 erat
973 2485 1077 2520 ducis,

281 2530 391 2560 omnia
410 2530 550 2565 auxilia,
587 2537 669 2564 quae
710 2538 841 2559 summo
868 2531 978 2559 labore
1002 2538 1079 2559 con-

279 2577 471 2613 quisiverat,
484 2580 554 2610 post
571 2576 707 2611 primam
723 2576 891 2604 victoriam
900 2576 1075 2611 dimittere;

280 2630 383 2657 neque
406 2631 461 2651 cur
485 2623 644 2657 Tyrrheni
671 2629 797 2658 omnes,
839 2630 903 2650 non
927 2623 1073 2650 Arcades

282 2676 397 2697 omnes
419 2668 622 2703 comitentur,
663 2674 784 2696 caussa
824 2668 893 2695 ulla
933 2671 997 2698 est:
1043 2672 1073 2695 et

281 2716 404 2744 Tarcho
430 2715 578 2748 princeps
604 2717 745 2742 remanet
775 2721 806 2742 v.
844 2709 920 2747 184ς
971 2721 1072 2747 neque

281 2769 313 2789 v.
344 2758 401 2788 171
434 2761 583 2788 Evander
612 2767 722 2788 omnes
744 2760 928 2794 Tyrrhenos
957 2760 1073 2787 adesse

282 2807 369 2839 dicit,
392 2813 474 2840 quae
498 2807 722 2834 mnniullorum
747 2809 796 2832 est
820 2805 990 2837 sententia,
1025 2805 1072 2832 si-

282 2853 408 2886 qnidem
446 2852 578 2880 Aeneas
618 2852 671 2885 qui
709 2859 739 2879 v.
772 2847 833 2878 170
875 2853 1075 2885 memoratur,

283 2905 345 2927 non
381 2898 482 2926 adest.
530 2899 642 2925 Exstat
683 2900 712 2924 et.
750 2896 817 2924 alia
858 2896 938 2924 ratio
980 2898 1074 2924 haec:

289 2938 413 2970 Omnes
430 2946 565 2971 habetur
580 2950 620 2971 ex
645 2942 791 2976 sequenti
816 2949 913 2970 versu
936 2941 1073 2969 illatum.

283 2988 434 3017 Attamen
474 2996 569 3023 quum
615 2987 743 3022 plurimi
788 2991 818 3015 et
851 2987 1073 3021 optinii‘ltlss.

1112 979 1267 1014 habeant,
1306 977 1506 1005 retinendum
1547 981 1586 1004 ac
1631 975 1828 1011 iungendum
1860 980 1909 1006 est.

1113 1031 1185 1052 cum
1208 1031 1240 1051 v.
1272 1020 1435 1057 Arcades,
1463 1029 1544 1056 quos
1567 1028 1678 1050 omnes
1697 1021 1792 1058 (OD)
1816 1023 1909 1052 ducis

1113 1069 1211 1097 sunus
1239 1072 1366 1097 secutos
1390 1076 1463 1096 esse
1487 1067 1653 1102 probabile
1676 1071 1742 1103 est3
1776 1068 1909 1098 trecenti

1114 1114 1265 1149 Troiani,
1330 1113 1458 1143 trecenti
1506 1113 1644 1142 Etrusci.
1692 1128 1737 1132 —
1781 1114 1910 1143 -Deinde

1120 1156 1355 1199 Tyrrhenique
1382 1157 1484 1188 duces
1508 1167 1550 1188 ex
1572 1167 1604 1187 v.
1626 1156 1833 1189 initiatum
1857 1160 1910 1188 vi-

1115 1206 1239 1235 debitur
1267 1207 1307 1234 ab
1341 1214 1395 1242 eo,
1433 1205 1488 1239 qui
1521 1212 1632 1233 omnes
1660 1205 1848 1240 Tyrrhenos
1870 1207 1911 1235 ad

1113 1252 1213 1281 funus
1251 1254 1290 1280 ab
1323 1252 1437 1280 Aenea
1479 1250 1634 1279 dimissos
1680 1258 1754 1280 esse
1796 1252 1910 1280 noluit.

1115 1299 1176 1326 Sed
1201 1305 1303 1332 neque
1330 1299 1390 1326 hoc
1415 1297 1507 1330 probi
1527 1297 1621 1325 ducis
1660 1300 1709 1325 est
1738 1298 1837 1327 duces
1861 1298 1912 1326 di-

1114 1345 1238 1373 mittere
1261 1351 1363 1377 neque
1386 1342 1492 1378 magis
1521 1349 1617 1377 quam
1641 1342 1801 1372 dimittere
1823 1343 1912 1372 mili-

1113 1395 1171 1419 teS.
1221 1389 1341 1418 Melius
1367 1389 1467 1423 igitur
1498 1385 1582 1428 Wg.
1612 1384 1676 1417 Lsl.
1702 1396 1814 1418 omnes
1833 1390 1913 1418 'l'ro-

1114 1436 1208 1464 ianos
1248 1439 1276 1464 et
1311 1442 1421 1463 omnes
1445 1434 1633 1469 Tyrrhenos
1674 1438 1802 1464 secutos
1837 1443 1913 1464 esse

1115 1484 1244 1510 sumunt
1271 1484 1301 1508 et
1330 1484 1404 1509 ante
1429 1484 1538 1509 castra
1560 1487 1633 1509 cum
1651 1479 1766 1510 Aenea
1791 1481 1914 1510 substi-

1115 1527 1206 1557 tisse,
1230 1526 1429 1560 processisse
1442 1525 1517 1553 illos
1534 1525 1625 1554 mille
1647 1527 1748 1555 lectos
1764 1526 1913 1556 iuvenes-

1117 1574 1166 1601 Ac
1197 1574 1256 1599 hoc
1282 1572 1475 1600 monendum
1503 1578 1622 1599 versus
1653 1579 1689 1599 eo
1718 1572 1834 1601 ducere
1860 1579 1914 1601 ra—

1114 1619 1242 1653 tionem,
1274 1621 1307 1645 ut
1330 1624 1445 1645 omnes
1469 1617 1510 1644 ad
1541 1612 1712 1655 Tyrrheni
1732 1621 1762 1646 et.
1791 1615 1916 1647 Teucri

1116 1666 1292 1693 trahamus.
1331 1664 1443 1697 Itaque
1464 1662 1677 1696 grammatica
1692 1662 1778 1692 iubet
1797 1671 1915 1692 omues

1115 1710 1248 1745 iungere
1271 1717 1342 1737 cum
1367 1708 1600 1742 superiorib11S‚
1627 1715 1727 1742 quare
1747 1713 1858 1746 restat,
1880 1713 1916 1738 ut

1124 1751 1232 1794 lVgrt'
1262 1753 1452 1782 sententiam
1491 1760 1672 1787 sequamur.
1717 1769 1761 1774 —
1807 1752 1916 1783 versis

1117 1797 1225 1828 armis
1251 1799 1451 1835 „lugentium
1478 1807 1565 1827 more
1582 1807 1765 1828 mucronem
1790 1802 1916 1837 hastae,

1117 1854 1179 1874 non
1206 1846 1371 1880 cuspidem
1396 1849 1507 1873 contra
1533 1849 1651 1873 terram
1671 1849 1825 1875 tenenteS.
1878 1847 1918 1874 Et

1116 1895 1211 1920 scuta
1233 1892 1436 1920 invertebant
1460 1894 1585 1926 propter
1606 1891 1741 1920 numina
1766 1891 1834 1921 illic
1862 1893 1917 1920 de-

1118 1938 1213 1973 picta,
1248 1946 1286 1965 ne
1312 1945 1421 1965 eorum
1447 1937 1627 1965 simulacra
1651 1938 1822 1966 cadaveris
1847 1939 1918 1973 pol-

1117 1985 1284 2012 luerentur
1322 1979 1491 2017 aspectu.“
1530 1984 1561 2011 S.
1611 1982 1729 2012 Confer
1768 1990 1918 2018 pompam

1119 2030 1228 2065 illam,
1270 2036 1334 2064 qua
1369 2028 1552 2057 Germanici
1583 2028 1668 2057 ducti
1693 2032 1769 2057 sunt
1790 2029 1918 2058 cineres

1119 2076 1194 2103 Tac.
1221 2076 1262 2103 A.
1290 2073 1320 2111 3,
1348 2072 1378 2111 2,
1402 2075 1435 2102 in
1465 2081 1529 2109 qua
1554 2074 1651 2103 etiam
1676 2075 1766 2103 versi
1809 2075 1919 2104 fasces

1120 2125 1353 2157 memorantur,
1402 2124 1435 2148 ut
1473 2127 1524 2155 ap.
1559 2119 1660 2155 (ov.)
1700 2121 1829 2149 Consol.
1877 2122 1919 2150 ad

1123 2167 1199 2195 Liv.
1230 2164 1305 2195 142.

1150 2210 1203 2240 94.
1228 2212 1447 2252 processerat
1494 2218 1557 2239 rec.
1591 2206 1675 2247 Wg.
1709 2207 1770 2238 LA.
1814 2219 1919 2249 prae-

1121 2259 1269 2286 cesserat
1300 2266 1362 2286 rec.
1393 2252 1448 2286 Jh.
1478 2252 1540 2284 Rb.
1585 2255 1665 2289 Quid
1699 2255 1732 2284 in
1755 2258 1834 2285 Mss.
1866 2258 1919 2295 sit,

1120 2312 1179 2332 nec
1211 2310 1231 2331 a
1264 2300 1365 2336 lVro,
1403 2310 1461 2331 nec
1492 2308 1513 2329 a
1540 2297 1612 2329 mm
1638 2301 1720 2330 satis
1760 2303 1919 2332 docemur.

1129 2346 1316 2377 procedere
1341 2350 1378 2377 de
1403 2354 1519 2382 pompa
1543 2347 1694 2375 sollemni
1713 2347 1847 2382 (licitum
1874 2348 1920 2377 ita

1123 2396 1197 2423 Hor.
1221 2394 1256 2423 C.
1282 2391 1318 2430 4,
1348 2391 1385 2428 2,
1416 2390 1474 2428 49,
1508 2396 1541 2421 ut
1565 2389 1757 2430 producere
1781 2391 1817 2431 9,
1843 2391 1920 2423 487.

1124 2438 1260 2469 Aeneas
1285 2446 1433 2474 pompam
1460 2438 1624 2467 funebrem
1646 2440 1858 2474 prosequitur.

1169 2483 1222 2513 95.
1250 2483 1454 2523 gemituque
1471 2480 1555 2512 hoec
1571 2480 1713 2512 addidit
1730 2482 1803 2513 alto
1827 2492 1921 2522 „ma-

1123 2540 1183 2566 gno
1216 2531 1334 2567 gemitu
1367 2533 1446 2558 haec
1477 2526 1623 2558 ειᾱιῐίᾱίιιι
1651 2531 1682 2558 S.
1711 2529 1750 2559 cf.
1778 2528 1815 2567 2,
1843 2528 1920 2568 593,

1122 2586 1167 2606 sc.
1194 2577 1247 2612 iiS,
1273 2584 1355 2611 quac
1381 2575 1510 2604 fecerat.

1166 2620 1218 2651 96.
1248 2623 1300 2651 Ad
1348 2624 1427 2650 haec
1469 2623 1569 2650 verba
1600 2620 1640 2649 cf.
1666 2620 1725 2648 Sil.
1751 2617 1804 2657 10,
1835 2617 1922 2659 573,

1123 2665 1199 2697 'ribi
1240 2664 1360 2707 gloria
1403 2664 1469 2696 leto
1509 2663 1581 2695 iam
1618 2667 1725 2704 parta
1761 2662 1921 2704 insIg-ni3'

1117 2716 1254 2743 nostros
1290 2712 1433 2746 fortuna
1472 2709 1609 2740 labores
1646 2713 1763 2740 versat
1789 2707 1919 2748 adhuc,

1119 2766 1288 2798 casusque
1301 2755 1392 2786 iubet
1403 2754 1532 2786 nese-[re
1541 2757 1674 2785 futuros.
1695 2757 1801 2785 Aliter
1812 2757 1843 2784 S.
1855 2757 1918 2791 „ad

1123 2809 1244 2833 ceteros
1270 2804 1483 2839 sepeliendos,
1509 2802 1564 2838 qui
1586 2803 1696 2831 eodem
1721 2801 1841 2836 proelio
1868 2810 1920 2831 ce-

1121 2847 1300 2885 cidertnit⁴‘,
1345 2850 1427 2878 idem
1466 2845 1529 2877 [ΑΙ.
1561 2851 1590 2876 et
1615 2848 1831 2875 Aldenhoven
1866 2848 1920 2876 I‘r.

1121 2898 1315 2931 Lauenburg
1351 2892 1448 2923 1850.
1498 2894 1580 2928 quod
1610 2892 1639 2920 si
1671 2895 1735 2928 est,
1777 2891 1922 2922 firmatur

1128 2938 1173 2969 W
1176 2938 1235 2979 gri
1256 2948 1375 2970 versus
1401 2938 1443 2968 93
1461 2937 1649 2974 explicatio.
1698 2937 1759 2966 Sed
1775 2942 1921 2973 praestat

1120 2987 1201 3016 ratio
1226 2988 1322 3022 prior.
1371 2987 1451 3014 Nam
1476 2985 1509 3013 in
1535 2982 1644 3012 verbis
1669 2982 1768 3012 inest:
1809 2984 1855 3013 Tu
1882 2991 1920 3013 es
