2023 3350
250 123 332 162 384

817 116 852 147 Ρ.
882 114 1078 148 VtRGth
1113 114 1323 148 MARONIS

251 234 303 274 Et
343 231 558 273 Sacranae
595 227 727 278 acies,
769 230 812 268 et
846 227 953 281 picti
990 230 1113 269 scuta
1149 227 1320 280 Labici;

249 289 329 340 Qui
362 287 519 336 saltus,
561 284 777 336 Tiberine,
817 287 934 335 tuos,
975 298 1230 337 sacrumque
1263 285 1432 326 Numici

249 347 368 387 Litus
410 346 553 393 arant,
596 342 864 395 Rutulosque
903 345 1105 382 exercent
1138 356 1307 384 vomere
1347 343 1490 393 colles,

250 404 557 453 Circaeumque
591 399 758 452 iugun1;
799 398 897 451 quis
930 399 1124 452 Iuppiter
1160 399 1360 442 Anxurus
1394 400 1508 441 arvis

247 458 485 508 Praesidet,
530 460 572 498 et
608 456 735 497 viridi
773 456 964 509 gaudens
996 456 1177 497 Feronia
1208 456 1329 509 luco,

1804 457 1887 497 800

248 520 342 567 Qua
376 516 558 557 Saturae
592 513 705 555 iacet
741 517 839 554 atra
874 513 1018 567 palus,
1060 513 1310 566 gelidusque
1347 527 1423 567 per
1461 513 1569 555 imas

249 573 427 624 Quaerit
467 572 550 613 iter
585 571 717 613 valles
757 574 888 624 atque
926 570 970 612 in
1004 583 1123 612 mare
1158 570 1357 612 conditur
1394 570 1537 612 Ufens.

246 733 318 754 63111
335 727 504 753 tenuerunt
522 723 668 753 exclusis
687 723 933 759 Aboriginibus.
967 725 1044 751 Mox

247 771 311 805 ipsi
338 770 424 804 pulsi
449 772 488 797 ab
513 770 601 805 illis,
635 777 716 803 quos
743 774 817 797 31116
843 770 1043 806 pepulerant,

247 817 391 845 insulam
416 815 561 844 vicinam
587 815 703 843 Italiae
730 818 988 849 occupaverunt,
1015 818 1047 843 et

246 870 319 890 eam
344 861 509 890 Sicaniam
540 868 559 889 a
583 861 689 896 gentis
716 861 862 897 nomine,
896 860 1045 889 Siciliam

247 916 325 936 vero
357 913 378 935 a
411 907 502 935 (lucis
532 907 661 934 1101111116
691 904 873 934 dixerunt.“
922 905 1044 939 Quodsi

246 954 451 987 antiquorum
482 960 544 980 non
575 960 617 980 ex
652 957 806 981 accurata
834 955 863 980 et
899 951 1045 987 diligenti

247 998 449 1033 antiquitatis
474 997 702 1032 disquisitione
735 1002 823 1026 ortae
854 997 1043 1033 sententiae,

247 1046 303 1073 5611
329 1053 371 1073 ex
401 1043 585 1072 nominibus
617 1043 722 1071 variis
752 1047 848 1071 natae
873 1046 949 1071 sunt
974 1042 1044 1076 opi—

247 1091 379 1126 niones,
422 1089 534 1123 quidni
566 1089 661 1118 liceat
694 1097 869 1123 proponere
905 1095 1040 1116 novam:

248 1137 349 1163 Italos
380 1138 409 1163 et
432 1135 560 1162 Siculos
587 1142 702 1162 nomen
731 1134 898 1168 accepisse
924 1136 964 1161 ab
991 1141 1043 1162 ra-

246 1181 350 1213 tione,
387 1187 450 1214 qua
478 1179 728 1208 affirmaverint:
777 1178 824 1207 sic
857 1183 886 1207 et
921 1177 971 1206 ita
1002 1179 1042 1207 ct.

252 1223 403 1266 Langue
422 1221 495 1253 d’oc
516 1230 544 1253 et
564 1221 667 1253 d'oui.
705 1226 775 1258 Qua
798 1225 922 1253 ratione
942 1225 1044 1252 11111113

247 1272 344 1301 facile
369 1271 566 1305 explicueris
598 1270 637 1299 cf.
668 1267 701 1307 l,
734 1268 815 1305 533,
847 1277 1042 1304 quamquam

248 1325 359 1345 veram
389 1325 463 1345 esse
492 1324 565 1345 eam
597 1324 659 1343 non
685 1317 788 1344 audeo
818 1316 932 1344 dicere.
982 1316 1042 1344 Ce—

246 1368 348 1391 terum
370 1360 520 1390 sicanus
540 1366 568 1390 et
588 1359 730 1389 Siculus
746 1364 915 1390 cohaerent
933 1362 1043 1389 eodem

246 1410 337 1437 modo
376 1416 437 1442 quo
477 1404 658 1436 Romanus
698 1411 726 1435 et
766 1404 946 1435 Romulus.
1005 1408 1042 1434 Et

246 1456 350 1482 Italus
383 1458 411 1481 et
440 1453 580 1481 Sicanus
609 1452 726 1481 fratres
756 1452 906 1481 dicuntur
938 1452 1043 1480 fuisse

246 1499 285 1529 cf.
312 1508 343 1528 v.
372 1495 445 1526 179.
495 1498 579 1527 Illud
607 1499 739 1534 addam,
770 1498 961 1534 Diodorum,
988 1498 1043 1532 qui

246 1550 314 1573 erat
331 1545 472 1580 Siculus,
494 1544 640 1579 pluribus
654 1544 746 1580 locis,
771 1544 921 1573 diversos
937 1544 1042 1572 dicere

245 1599 318 1619 esse
342 1591 469 1619 Siculos
495 1594 523 1618 et
548 1590 695 1618 Sicanos.

293 1634 370 1664 796.
398 1636 605 1673 „Sacranas
634 1633 735 1663 acics.
784 1635 962 1663 Ardeatum
988 1633 1042 1669 (ἓ)

247 1683 376 1719 volunt,
413 1681 468 1716 qui
506 1681 681 1715 aliquando
718 1688 817 1715 quum
858 1679 1043 1714 pestilentia

247 1729 443 1762 laborarent,
484 1735 542 1755 ver
571 1734 699 1754 sacrum
734 1730 903 1754 voverunt.
953 1726 1043 1753 Unde

247 1773 383 1802 Sacrani
415 1772 490 1801 dicti
524 1772 631 1800 sunt.⁴·
663 1773 694 1799 S.
745 1771 902 1807 „Sacrani
931 1771 1043 1805 appel-

246 1819 303 1846 lati
330 1822 403 1846 sunt
424 1819 524 1845 Reate
543 1817 613 1853 orti,
639 1816 694 1851 (Et
717 1817 818 1845 Reate
844 1817 949 1851 prima
966 1818 1043 1844 urbs

247 1865 441 1892 sabinorum
467 1863 506 1892 cf.
526 1864 619 1891 Dion.
643 1861 673 1898 2,
697 1859 772 1897 49.)
799 1863 856 1896 qui
880 1870 921 1890 ex
937 1861 1043 1896 Septi-

247 1910 364 1938 montio
386 1910 524 1945 Ligures
541 1909 731 1942 siculosque
748 1912 941 1941 exegerunt:
965 1914 1042 1936 113111

247 1964 323 1984 vere
342 1963 434 1984 sacro
456 1955 523 1983 nati
543 1955 666 1982 erant.“
717 1954 832 1981 Festus
850 1961 879 1988 p.
898 1950 973 1981 321.
999 1955 1041 1981 M.

246 2002 333 2029 Idem
365 2001 492 2030 videtur
523 2000 665 2028 Sisenna
701 2006 836 2027 narrare
872 2006 922 2033 ap.
962 2000 1041 2026 Non.

245 2045 311 2074 5⁶22
328 2049 369 2074 M.
391 2050 420 2075 et
439 2047 564 2074 Paulus
591 2054 633 2074 ex
652 2046 745 2073 Festo
771 2053 800 2079 p.
818 2042 882 2072 379
901 2046 943 2072 M.
962 2047 1042 2073 haec

246 2094 357 2120 nabet:
407 2092 494 2127 „Ver
524 2098 654 2119 sacrum
693 2090 835 2119 vovendi
875 2097 944 2118 mos
981 2090 1043 2118 fuit

246 2137 360 2166 Italis:
387 2137 516 2173 magnis
541 2137 627 2165 enim
652 2136 807 2171 periculis
831 2136 961 2164 adducti
983 2144 1042 2163 vo-

246 2185 381 2219 vehant,
421 2190 631 2217 quaecunque
668 2182 815 2216 proximo
849 2190 926 2211 vere
964 2185 1042 2209 nata

245 2233 354 2257 essent
390 2229 474 2263 apud
509 2236 545 2257 56
585 2228 761 2263 animalia,
802 2227 1042 2263 immolaturos3

244 2276 300 2303 sed
338 2283 435 2308 qttum
475 2275 603 2303 crudele
644 2274 806 2302 videretur
849 2280 966 2308 pueros
1003 2280 1041 2302 ac

246 2322 373 2354 puellas
408 2320 594 2349 innocentes
630 2319 823 2355 interficere,
872 2320 1041 2353 perductos

244 2367 277 2393 in
302 2366 446 2394 adultam
471 2370 607 2394 aetatem
625 2367 781 2393 velabant
799 2369 893 2399 atque
916 2364 962 2392 ita
983 2372 1041 2393 ex·-

244 2416 291 2439 tra
319 2412 397 2439 fines
421 2419 499 2439 suos
524 2411 730 2446 exigebant.“
779 2411 867 2438 Idem
883 2410 948 2438 fere
964 2417 1040 2438 nar-

246 2461 292 2485 rat
319 2459 410 2485 Serv.
444 2458 484 2485 ad
510 2458 540 2484 h.
568 2457 588 2483 1.
638 2457 704 2484 Ver
730 2462 860 2484 sacrum
892 2463 1041 2483 nonnun-

245 2510 341 2536 quam
374 2503 413 2531 ad
442 2504 513 2530 sola
542 2508 658 2536 pecora
690 2501 869 2535 pertinebat
897 2501 936 2528 cf.
965 2501 1039 2529 Liv.

245 2546 297 2583 3⁴,
322 2545 373 2576 44.
409 2545 462 2584 22,
485 2546 534 2584 10,
561 2555 621 2582 quo
647 2548 717 2576 loeo
742 2550 789 2574 est
811 2546 953 2574 vovendi
976 2546 1039 2574 for-

245 2595 342 2621 mula.
394 2595 573 2622 Notandum
603 2596 667 2627 est,
701 2593 782 2626 quod
809 2592 866 2619 Sil.
901 2589 939 2627 S,
974 2589 1038 2618 359

243 2641 336 2667 1131161
377 2647 479 2667 sacra
525 2646 648 2667 manus
694 2634 829 2666 Rutuli.
873 2650 917 2655 —
954 2634 1042 2676 picti

243 2685 342 2713 scuta
372 2680 494 2712 Labici
526 2688 555 2712 et
588 2680 730 2717 Lavici,·
763 2686 819 2710 aut
846 2682 944 2710 moris
972 2686 1041 2710 erat

243 2730 328 2764 picta
361 2738 471 2765 gerere
504 2734 596 2758 scuta
628 2729 713 2763 apud
745 2728 906 2759 Lavicos',
940 2732 972 2756 ut
1004 2728 1037 2755 111

244 2775 426 2803 Arcadibus
464 2780 551 2803 notat
588 2775 661 2811 Vgl.
699 2778 728 2802 et
764 2774 796 2801 in
836 2773 1037 2801 Samnitibus

243 2821 315 2849 Liv.
344 2819 374 2857 9,
400 2818 452 2857 39.
483 2826 538 2849 aut
567 2825 630 2848 est:
665 2820 721 2853 „in
747 2820 830 2847 bello
855 2819 1037 2853 frequenter

244 2866 382 2900 probati3
418 2874 492 2894 nam
524 2867 610 2901 apud
635 2865 773 2894 maiores
800 2864 946 2893 virorum
972 2864 1036 2892 for-

243 2911 319 2939 tium
346 2911 431 2945 picta
454 2916 543 2940 erant
568 2915 677 2948 scuta,
709 2919 726 2939 e
750 2914 862 2939 contra
884 2910 1035 2938 inertium

242 2960 269 2981 vt
297 2957 433 2985 tironum
462 2964 543 2991 pura
567 2962 668 2985 erant.
717 2957 808 2984 Unde
829 2959 878 2983 est
908 2953 944 2992 9,
969 2953 1035 2983 5⁴8

240 3007 433 3040 parmaque
451 3000 629 3043 inglorius
646 2999 762 3032 alba.“
781 3003 812 3030 S.
846 3002 923 3030 Inde
940 3001 1037 3030 etiam

1092 723 1268 758 clipeorum
1288 722 1432 759 insignia
1453 722 1492 752 cf.
1513 721 1589 751 656.
1625 722 1760 752 Omnino
1779 725 1887 751 autem

1092 776 1153 803 quo
1170 768 1275 804 inagis
1294 769 1416 803 aliquis
1433 769 1565 797 excellit
1581 773 1706 806 ornatu,
1727 776 1764 797 eo
1782 768 1888 804 inagis

1091 814 1126 842 in
1155 822 1190 843 56
1221 813 1361 842 hostium
1385 814 1540 843 convertit
1563 816 1674 843 oculos
1698 818 1727 843 et
1758 821 1887 847 manus,

1092 860 1121 887 si
1153 864 1256 888 1311161·
1288 861 1357 888 vult
1391 863 1477 888 tutus
1509 868 1601 897 esse,
1636 863 1741 894 potest
1764 863 1886 888 tantum

1091 905 1284 933 fortitudine.
1333 905 1491 940 Oppidum
1517 902 1684 933 Labicum
1711 909 1742 933 et
1766 902 1889 934 Labici

1093 951 1150 979 Sil.
1180 949 1219 987 8,
1249 948 1314 978 368
1339 955 1369 979 et
1396 947 1520 979 Laniui
1544 951 1617 979 Liv.
1645 947 1680 988 4,
1707 948 1770 987 45;
1803 951 1888 979 1111116

1091 1000 1120 1025 61
1155 993 1328 1025 Lavicani
1358 996 1483 1025 incolae
1513 996 1586 1024 Liv.
1619 992 1656 1032 4,
1689 992 1743 1023 45.
1803 997 1889 1025 Inter

1091 1046 1232 1070 montem
1246 1042 1402 1078 Algidum
1425 1046 1454 1070 61
1474 1043 1650 1070 Praeneste
1673 1043 1785 1070 urbem
1807 1045 1886 1070 erat.

1138 1084 1214 1115 797.
1242 1088 1311 1115 13111
1344 1087 1498 1115 describit
1526 1088 1630 1123 locos,
1665 1094 1745 1121 quos
1774 1087 1886 1121 populi

1091 1133 1168 1162 dicti
1200 1133 1464 1162 inhabitaverint.
1503 1147 1541 1151 —
1580 1133 1628 1161 De
1661 1132 1808 1161 Numicio
1846 1132 1887 1162 cf.

1095 1176 1168 1206 150.
1218 1180 1265 1207 De
1293 1179 1432 1207 saltibus
1453 1178 1596 1206 Tiberini
1621 1177 1661 1207 cf.
1689 1176 1743 1206 35.

1137 1221 1213 1251 793.
1242 1221 1395 1252 Rutulos
1433 1225 1533 1252 colles
1568 1231 1763 1261 memorare,
1800 1227 1887 1258 post-

1089 1276 1185 1304 quam
1211 1269 1324 1297 Rutuli
1354 1269 1420 1297 iam
1449 1269 1524 1298 dicti
1548 1273 1640 1305 sunt,
1674 1274 1758 1299 certe
1781 1269 1887 1305 negli-

1090 1315 1194 1350 gentis
1220 1318 1278 1347 est,
1305 1315 1412 1349 potius
1430 1315 1521 1343 dicas
1537 1315 1735 1349 insipientis.
1777 1316 1886 1349 Neque

1089 1360 1219 1389 aliunde
1254 1361 1416 1396 cognitum
1452 1363 1624 1396 habemus,
1669 1361 1771 1390 dictos
1812 1368 1887 1389 esse

1088 1407 1209 1440 aliquot
1234 1407 1335 1434 colles
1359 1407 1507 1434 Rutulos.
1556 1406 1692 1435 Videtur
1718 1414 1785 1435 vox
1813 1403 1887 1434 Ru-

1090 1449 1184 1481 tulos
1205 1452 1313 1480 simile
1336 1451 1467 1486 aliquod
1488 1453 1684 1481 vocabulum
1706 1451 1884 1486 expulisse.

1093 1494 1144 1526 Pl.
1169 1497 1266 1531 igitur
1288 1497 1369 1525 coni.
1395 1495 1568 1536 durosque
1593 1499 1781 1527 crement.-

1136 1540 1212 1571 799.
1241 1543 1410 1571 Circaeum
1435 1543 1545 1579 iugum
1563 1539 1626 1580 (C.
1651 1540 1822 1580 Circello)
1845 1542 1886 1572 cf.

1095 1586 1143 1616 10.
1181 1603 1219 1607 —
1254 1589 1398 1623 luppiter
1420 1589 1540 1617 Anxur
1565 1590 1730 1618 colebatur
1754 1589 1887 1618 Anxuri

1089 1634 1162 1662 sive
1202 1635 1412 1670 Terracinae,
1463 1642 1524 1668 quo
1565 1635 1694 1662 nomine
1733 1634 1886 1668 oppidum

1089 1681 1194 1708 adhuc
1225 1684 1341 1708 exstat.
1390 1681 1505 1708 Insula
1537 1684 1635 1708 antea
1665 1680 1773 1708 fuisse
1806 1679 1888 1709 dici-

1089 1729 1148 1753 tur.
1206 1725 1407 1761 „Tarracina
1442 1726 1553 1754 insula
1586 1730 1661 1754 31116
1700 1724 1887 1755 circumflua

1090 1771 1247 1798 immenso
1269 1771 1362 1799 mari.
1393 1778 1477 1799 1111116
1503 1778 1585 1799 aevo
1610 1774 1755 1800 nectente
1776 1772 1886 1800 addita

1089 1814 1300 1845 6011111161111.“
1338 1816 1438 1844 Solin.
1465 1814 1500 1853 2,
1527 1814 1579 1844 22.

1137 1859 1213 1889 800.
1240 1862 1396 1890 Feroniae
1428 1863 1537 1899 1116115,
1569 1861 1643 1890 fons
1676 1865 1705 1890 61
1733 1863 1886 1896 templum

1089 1907 1130 1934 ad
1162 1907 1290 1935 tertium
1323 1912 1371 1935 est
1408 1908 1548 1942 lapidem
1583 1914 1604 1936 a
1635 1908 1812 1936 Terracina
1845 1907 1886 1937 cf.

1090 1952 1174 1980 Plin.
1202 1951 1236 1989 2,
1268 1952 1330 1989 55,
1358 1951 1413 1981 56.
1441 1968 1480 1972 —
1507 1953 1608 1982 Alius
1634 1958 1830 1982 memoratur
1851 1961 1885 1982 v.

1090 1995 1166 2026 697.
1223 2000 1316 2034 „Non
1347 2002 1458 2035 vacat,
1498 1999 1581 2034 quod
1613 1999 1733 2027 addidit
1766 1996 1885 2028 viridi.

1090 2045 1170 2071 Nam
1197 2052 1294 2078 quum
1323 2045 1499 2078 aliquando
1528 2045 1626 2073 huius
1657 2044 1757 2073 fontis
1790 2046 1884 2073 lucus

1089 2089 1216 2117 fortuito
1249 2090 1387 2118 arsisset
1419 2090 1583 2126 incendio,
1620 2094 1649 2118 et
1682 2091 1805 2119 vellent
1834 2090 1885 2118 in-

1089 2136 1180 2163 colae
1204 2135 1322 2164 exinde
1347 2135 1520 2164 transferre
1548 2136 1743 2172 simulacra,
1776 2135 1884 2164 subito

1088 2180 1260 2210 reviruit.“
1294 2183 1325 2210 S.
1374 2181 1471 2210 Talia
1492 2181 1633 2216 epitheta
1656 2183 1756 2217 vulgo
1781 2182 1886 2209 solent

1088 2226 1193 2255 dicere
1221 2223 1403 2263 ornantia,
1429 2231 1459 2254 et
1484 2226 1669 2262 intelligunt
1694 2224 1885 2266 superflua.

1088 2273 1196 2306 Neque
1232 2275 1338 2300 tamen
1375 2274 1479 2300 bonus
1514 2276 1608 2307 poeta
1645 2275 1745 2301 verba
1780 2272 1886 2300 otiosa

1088 2318 1184 2345 addit.
1241 2319 1477 2351 Nonnunquam
1512 2322 1544 2346 ut
1578 2318 1631 2346 hic
1660 2319 1753 2347 locus
1784 2319 1885 2355 docet,

1088 2368 1199 2397 poetae
1239 2367 1465 2397 spectaverunt
1506 2363 1647 2400 aliquid,
1702 2364 1785 2398 quod
1825 2371 1884 2392 nos

1087 2408 1285 2442 ignoramus.
1336 2409 1441 2442 Quare
1472 2412 1588 2437 temere
1615 2416 1671 2437 eos
1701 2409 1884 2438 calumnia-

1087 2462 1172 2490 mur,
1208 2454 1334 2487 quando
1367 2454 1519 2488 quoniam
1553 2462 1611 2483 nos
1641 2462 1705 2483 non
1728 2454 1885 2488 intelligi-

1086 2507 1176 2533 mus,
1219 2503 1338 2527 certam
1379 2500 1522 2529 alicuius
1559 2500 1713 2529 vocabuli
1747 2503 1884 2530 subesse

1086 2551 1240 2573 caussam
1266 2552 1433 2581 negamus.

1132 2588 1209 2618 801.
1241 2588 1395 2618 Saturae
1418 2592 1497 2619 Mss.
1549 2590 1700 2620 Asturae
1731 2591 1764 2619 in
1788 2589 1882 2618 libris

1086 2634 1152 2672 legi
1187 2640 1275 2664 notat.
1311 2636 1458 2666 Servius.
1514 2637 1580 2666 Hoc
1621 2640 1691 2666 erat
1730 2635 1881 2670 oppidum

1086 2683 1194 2717 „baud
1226 2683 1321 2717 longe
1355 2688 1374 2710 a
1398 2682 1573 2712 Terracina
1604 2686 1635 2710 et
1667 2682 1738 2710 eius
1763 2687 1881 2716 cogno-

1086 2727 1184 2755 minis
1208 2725 1362 2756 fluvius.“
1389 2729 1420 2755 S.
1848 2733 1871 2742 '⁴

1129 2770 1206 2800 802.
1242 2770 1350 2809 Ufens
1386 2772 1503 2801 flumen
1534 2771 1696 2807 (Uffentej
1739 2771 1793 2805 qui
1825 2778 1882 2805 per

1084 2819 1218 2852 paludes
1246 2818 1433 2852 Pomptinas
1458 2818 1561 2852 (imas
1586 2816 1714 2851 valles)
1739 2817 1779 2844 ad
1800 2817 1879 2844 Ter-

1084 2864 1229 2892 racinam
1254 2864 1336 2891 mari
1362 2863 1483 2898 influit;
1517 2859 1655 2902 quaerit
1682 2858 1763 2897 iter,
1797 2863 1880 2896 quod

1083 2909 1142 2937 vix
1167 2913 1267 2943 potest
1296 2917 1349 2943 per
1374 2909 1511 2943 paludes
1539 2910 1721 2942 penetrare,
1754 2908 1809 2935 sed
1835 2907 1878 2936 iis

1083 2955 1165 2989 ipsis
1191 2957 1389 2983 absorbetur.
1446 2953 1493 2982 Cf.
1519 2954 1624 2980 Strab.
1656 2951 1693 2989 5,
1727 2950 1764 2989 3,
1799 2950 1817 2978 6
1849 2960 1878 2987 p.

1084 2998 1158 3028 233.
1208 3000 1299 3029 Adde
1322 2999 1379 3027 Sil.
1401 2996 1432 3037 8,
1458 2995 1522 3027 382
1549 3005 1618 3037 qua
1643 2996 1797 3026 Saturae
1819 3005 1878 3028 ne-
