2023 3350
117 193 221 236 Sors
259 205 402 234 rerum
436 214 491 221 ——
521 191 682 240 movet,
715 191 758 230 et
795 189 961 243 superis
998 189 1191 232 immissa
1225 193 1402 245 repente

117 251 286 293 Allecto
321 247 484 291 medias
523 246 683 288 Italum
716 246 931 289 bacchata
971 261 1050 302 per
1086 247 1228 290 urbes.

116 308 189 350 Nil
229 321 356 362 supei
390 305 566 359 impe1i0
602 318 796 357 move013

117 367 230 408 Dum
265 366 439 407 fortuna
478 361 580 414 fuit,
617 339 808 413 vincant',
843 377 953 417 quos
992 363 1162 405 vincere
1199 362 1346 405 mavis.

119 424 164 466 Si
200 423 318 465 nulla
360 423 425 462 est
454 420 592 474 iegio,
625 420 800 462 Τ6ι10113
839 435 969 475 quam
1001 421 1075 462 det
1107 424 1184 462 tua
1223 421 1408 463 coniunx

117 482 254 531 Dura,
293 492 370 533 per
403 453 596 528 eversaei
639 478 825 532 genitor,
861 478 1074 520 fumantia
1110 479 1266 521 Troiae

117 537 296 580 Excidia
327 535 544 577 obtestor:

113 595 375 638 Incolumem
409 594 656 645 Ascanium,
694 593 824 636 liceat
860 608 1083 649 superesse
1119 598 1335 650 nepotem.

112 654 277 694 Aeneas
314 665 418 693 sane
451 652 611 705 ignotis
645 652 834 694 iactetur
868 653 912 694 in
945 653 1082 704 undis,

112 710 186 761 Et,
225 723 524 764 quamcunque
559 710 673 751 viam
711 710 879 752 dederit
915 711 1126 762 Fortuna,
1152 712 1380 764 sequatur3

113 743 238 808 Hu⁷nc
272 770 418 821 tegere
453 771 496 809 et
533 767 655 809 dirae
693 767 861 810 valeam
898 767 1138 810 subduceie
1172 781 1354 822 pugnae

112 825 192 866 Est
224 825 453 878 Amathus,
483 828 548 867 est
583 826 696 868 celsa
729 826 835 867 mihi
873 826 1062 880 Paphus,
1102 829 1232 880 atque
1271 824 1468 880 Cy'theia,

109 882 362 938 Idaliaeque
397 859 570 925 do’mus:

110 941 272 994 Exigat
306 941 376 983 hic
414 955 577 983 aevum.
636 941 796 995 Magna
832 942 1000 984 (11010116
1038 941 1184 983 iubeto

113 998 330 1052 Carthago
368 1002 538 1053 premat
573 999 830 1042 Ausoniam:
871 999 981 1041 nihil
1014 999 1195 1041 urbibus
1229 997 1330 1039 inde

109 1055 314 1099 Obstabit
350 1057 498 1111 Tyriis.

560 1057 671 1108 Quid
708 1061 873 1111 pestem
906 1057 1085 1099 evadere
1124 1056 1228 1098 belli

107 1113 223 1155 Iuvit
260 1118 303 1156 et
336 1115 564 1169 Argolicos
598 1114 786 1157 medium
821 1115 982 1169 fugisse
1017 1129 1097 1169 per
1132 1115 1266 1168 ignes,

108 1171 277 1226 Totque
312 1174 445 1215 maris
479 1176 713 1227 vastaeque
753 1172 964 1215 exhausta
992 1172 1186 1226 pericula
1223 1175 1378 1221 terrae,

106 1229 220 1271 Dum
251 1230 427 1272 Latium
459 1231 613 1273 Teucri
648 1231 925 1284 recidivaque
961 1231 1172 1285 Pergama
1211 1227 1456 1283 quaerunt?

106 1287 203 1329 Non
243 1288 378 1330 satius
418 1289 582 1331 cineres
613 1289 783 1343 patriae
815 1288 1023 1331 insedisse
1060 1301 1282 1343 supremos

107 1345 252 1399 Atque
292 1346 447 1399 solum,
489 1360 572 1401 quo
606 1346 734 1388 Troia
762 1346 870 1388 fuit?

106 1403 273 1455 Redde,
312 1418 405 1456 oro,
443 1404 629 1455 miseris;
672 1404 914 1459 iterumque
947 1404 1166 1446 revolvere
1196 1416 1323 1445 casus

106 1461 192 1514 Da,
220 1461 367 1515 Pater,
397 1462 553 1505 Iliacos
592 1462 778 1505 Teucris.

728 73 963 108 AENEIDOS
992 76 1077 109 LIB.
1110 77 1154 109 X.
1676 76 1757 115 481

1707 189 1762 229 40

836 306 1099 371 speravimus
1131 306 1227 357 ista,

1706 479 1759 519 45

583 536 714 578 liceat
753 536 972 578 dimittere
1012 536 1066 579 ab
1103 537 1234 579 armis

1708 767 1760 806 50

611 884 762 938 positis
796 884 1004 938 inoloiius
1041 884 1172 925 3111113

1705 1055 1757 1093 55

931 1345 1153 1389 Xanthum
1184 1349 1226 1387 et
1257 1344 1479 1386 Simoenta
1706 1343 1760 1381 60

857 1519 966 1562 Tum
1005 1519 1127 1573 regia
1159 1518 1268 1561 Iuno

954 1696 998 1725 sit.
1035 1703 1124 1725 mors
1163 1697 1301 1725 Aeneae
1333 1694 1372 1725 cf.
1400 1691 1437 1732 1,
1462 1690 1539 1721 259.
1594 1688 1647 1721 Pl.
1673 1689 1759 1720 coni.

152 1693 205 1724 40.
234 1692 427 1725 Immittere
478 1697 612 1732 saepius
666 1701 715 1725 est
762 1696 906 1733 maligno

104 1742 214 1771 animo
245 1742 372 1771 mittere
407 1744 462 1771 vel
489 1745 687 1779 subornare,
719 1747 753 1771 ut
784 1741 836 1771 13.
866 1758 904 1762 —

111 1785 257 1827 Superis
283 1795 344 1825 „ac
373 1787 402 1815 si
420 1788 548 1825 diceret,
575 1796 641 1817 non
660 1789 726 1817 iam
743 1788 908 1827 Troianis,

105 1834 162 1862 sed
180 1831 276 1862 diis.“
305 1835 337 1862 S.

152 1886 206 1918 41.
233 1886 422 1919 bacchata:
444 1891 482 1919 de
506 1893 605 1920 verbo
631 1891 669 1920 cf.
696 1889 726 1929 4,
754 1888 842 1929 301„
872 1892 910 1921 de

106 1944 141 1964 re
166 1933 198 1973 7,
225 1932 289 1963 341
317 1944 364 1970 sq.
450 1940 458 1944 '

152 1989 205 2021 42.
232 2001 336 2030 super
369 1989 515 2033 imperio
552 2000 572 2022 a
609 1995 688 2023 Iove
731 1994 910 2030 promisso;

106 2040 190 2067 unde
222 2039 299 2067 dicit
331 2039 429 2068 etiam
459 2040 668 2074 speravimus
702 2037 793 2077 ista,
826 2048 910 2075 quae

103 2088 171 2113 tute
197 2085 388 2120 promisisti.
415 2085 462 2114 Cf.
494 2083 521 2123 1,
547 2083 624 2115 257.

149 2138 202 2169 43.
231 2138 311 2169 dum
341 2141 488 2176 fortuna
509 2140 603 2179 fuit,
629 2151 675 2172 30.
702 2149 841 2180 31106113,
876 2147 912 2172 ut

104 2187 210 2215 omnis
234 2187 380 2224 fortuna,
410 2188 431 2217 i.
464 2197 490 2217 e.
523 2190 598 2217 dum
621 2196 755 2224 sperare
780 2189 908 2218 licebat.

150 2241 204 2273 44.
231 2243 260 2273 si
285 2242 386 2273 nulla
422 2246 483 2274 etc.
534 2246 655 2274 Eadem
686 2247 851 2275 sententia
880 2245 910 2284 1,

102 2287 180 2318 233.
207 2305 250 2310 —
266 2291 359 2327 Vide,
378 2298 450 2320 eam
465 2291 593 2320 dicendi
613 2293 726 2321 ardore
740 2294 909 2328 abreptam

102 2336 230 2364 tandem
257 2344 370 2366 verum
400 2345 516 2366 nomen
544 2339 694 2373 prodere:
717 2339 757 2368 V.
785 2337 827 2367 :34
861 2344 909 2368 est

105 2379 303 2421 quisquam,
330 2391 362 2412 v.
390 2381 432 2411 40
458 2388 506 2412 est
524 2386 637 2413 movet
653 2386 745 2414 nullo
764 2387 909 2415 subiecto

102 2428 222 2465 addito,
254 2428 321 2457 iam
347 2426 388 2456 44
412 2432 475 2458 tua
508 2427 646 2459 coniux.

149 2485 203 2513 45.
230 2486 325 2521 „Ideo
351 2486 399 2515 sic
424 2489 525 2524 rogat,
551 2491 585 2516 ut
601 2488 905 2517 commemoratione

102 2531 306 2560 infelicitatis
336 2532 497 2561 Troianae
536 2533 684 2568 impetret
723 2534 908 2564 misericor-

103 2576 225 2606 diam.“
248 2579 280 2606 S.

149 2621 203 2652 46.
231 2619 381 2660 excidia,
407 2625 490 2658 plur.
517 2624 557 2653 cf.
583 2622 614 2663 2,
643 2623 720 2654 140.

148 2677 201 2708 47.
229 2677 335 2708 liceat
369 2687 549 2719 superesse
579 2683 750 2720 nepotem.

100 2729 161 2762 tes,
186 2726 220 2754 in
244 2726 363 2760 quibus
385 2726 491 2755 libera
508 2734 565 2760 spe
584 2728 695 2756 ludere
715 2729 802 2765 licet,
829 2729 907 2758 avis

100 2773 155 2800 vel
184 2773 291 2808 magis
323 2772 448 2806 accepti
478 2774 583 2801 solent
615 2781 689 2802 esse
719 2781 816 2809 quam
837 2775 907 2811 filii,

101 2818 157 2852 qui
180 2819 247 2847 iam
269 2819 311 2847 ad
337 2822 459 2847 certam
485 2819 575 2847 vitae
598 2820 813 2849 conditionem
834 2829 907 2855 per-

802 2684 908 2718 Nepo-

48 2903 51 2906 .
101 2868 279 2901 venerunt,
324 2868 357 2893 ut
398 2864 498 2893 sanis
536 2866 574 2892 de
612 2864 718 2894 futuro
764 2870 908 2901 tempore

102 2886 302 2947 imaginibtis
329 2912 421 2939 locus
450 2918 513 2938 non
538 2910 590 2939 sit.

150 2954 203 2984 48.
231 2964 331 2994 sane,
378 2957 584 2986 concedentis
626 2960 675 2985 est
713 2957 771 2985 sed
811 2964 909 2993 aegre

103 3003 317 3032 concedentis.
359 3004 463 3032 Simul
480 3003 653 3041 indicatur,
671 3003 781 3038 qualis
797 3002 910 3032 futura

955 1744 1134 1816 lteglllinest
1168 1783 1262 1816 celsa
1299 1782 1386 1815 mihi
1434 1781 1576 1824 Paphus
1607 1783 1760 1821 MPRbcy

957 1831 1034 1862 alta
1062 1829 1213 1872 Cythera
1239 1833 1278 1869 R,
1297 1836 1327 1860 et
1351 1839 1381 1870 γ,
1408 1831 1464 1859 sed
1486 1833 1647 1865 expuncto
1672 1827 1759 1865 alta,

958 1880 1041 1914 quod
1067 1880 1107 1907 ad
1133 1879 1312 1915 marginem
1338 1877 1537 1911 adscriptum
1569 1879 1619 1905 est
1639 1874 1760 1905 codicis

958 1927 994 1954 P.
1022 1922 1065 1953 E.
1082 1924 1121 1953 A.
1138 1933 1165 1953 6.
1182 1933 1207 1954 c.
1230 1920 1372 1964 Paphus
1388 1925 1493 1962 atque
1510 1919 1587 1950 alta
1610 1918 1760 1960 Cythera

960 1968 1014 2000 Pl.
1041 1967 1127 2010 Wg,
1155 1971 1396 2000 commendatur
1413 1968 1548 1998 metrica
1562 1967 1759 1997 difficultate.

960 2013 1025 2045 Ld.
1072 2020 1200 2052 propter
1242 2025 1274 2046 v.
1318 2014 1373 2045 86.
1416 2030 1454 2035 —
1504 2015 1544 2043 Ut
1586 2022 1654 2051 ego,
1695 2011 1759 2043 Rb.

958 2058 1134 2091 Amathus
1169 2067 1199 2091 et
1251 2059 1394 2102 Paphus
1434 2062 1532 2090 urbes
1562 2060 1597 2089 in
1640 2060 1759 2097 Cypro,

957 2108 1079 2137 Veneri
1113 2115 1244 2146 sacrae,
1277 2108 1316 2137 cf.
1359 2105 1388 2146 1,
1431 2105 1506 2135 415.
1542 2121 1580 2126 —-
1617 2106 1760 2143 Cythera

956 2158 988 2183 et
1012 2154 1120 2183 Idalia
1149 2155 1188 2184 cf.
1217 2152 1246 2191 1,
1273 2152 1350 2182 680.

1003 2198 1057 2228 53.
1084 2208 1207 2229 aevum
1230 2197 1371 2240 exigere
1389 2198 1428 2227 cf.
1449 2195 1480 2234 7,
1502 2195 1580 2225 776.
1608 2194 1660 2233 ll,
1680 2195 1758 2227 569.

957 2247 1017 2275 Ov.
1055 2248 1097 2274 M.
1125 2243 1184 2283 12,
1216 2244 1292 2275 208.
1326 2253 1436 2273 annos
1467 2241 1609 2283 exigere
1648 2240 1679 2281 1,
1704 2242 1758 2274 79.

960 2291 1118 2321 Aetatem
1140 2289 1283 2330 erigere
1307 2291 1405 2320 etiam
1431 2290 1542 2319 Cicero
1566 2289 1657 2318 dixit.

1003 2347 1058 2377 54.
1081 2351 1220 2389 premat
1259 2353 1294 2378 ut
1323 2345 1360 2385 7,
1393 2344 1476 2385 737,
1510 2346 1625 2376 fortius
1662 2355 1759 2383 quam

957 2391 1094 2424 dicione
1137 2397 1254 2424 tenere
1298 2392 1335 2431 1,
1387 2391 1463 2422 236.
1492 2391 1568 2422 622.
1603 2397 1632 2422 et
1665 2396 1696 2422 h.
1735 2395 1757 2423 1.

958 2449 1032 2470 cum
1056 2441 1279 2477 indignatione
1305 2442 1434 2470 dictum.
1461 2440 1502 2468 Ut
1526 2442 1556 2467 h.
1580 2441 1603 2468 l.
1622 2448 1758 2480 magna

957 2484 1050 2516 dicio
1087 2488 1222 2525 dicitur,
1262 2487 1311 2516 sic
1346 2485 1381 2523 l,
1423 2483 1488 2513 236
1522 2483 1635 2514 omnis
1654 2483 1756 2515 dicio.

958 2533 1196 2563 Coniunctivus
1252 2537 1323 2568 post
1370 2534 1506 2561 verbum
1556 2529 1673 2561 iubere
1716 2532 1757 2561 cf.

957 2581 1010 2608 Gr.
1037 2580 1069 2615 S.
1099 2577 1176 2608 432.
1202 2580 1267 2608 An.
1295 2577 1325 2607 2.

1002 2636 1056 2665 55.
1081 2638 1213 2675 pestem
1239 2636 1261 2665 i.
1289 2645 1316 2665 e.
1344 2637 1467 2665 malum
1489 2634 1529 2664 cf.
1555 2633 1585 2672 5,
1613 2631 1691 2664 683.

1000 2690 1054 2722 57.
1082 2690 1254 2723 exhausta
1278 2689 1438 2733 pericula
1467 2692 1506 2721 cf.
1532 2689 1563 2728 4,
1591 2688 1642 2720 14.

1002 2748 1056 2779 58.
1083 2747 1241 2779 recidiva
1269 2747 1447 2790 Pergama
1471 2749 1510 2778 cf.
1537 2746 1568 2786 4,
1596 2746 1672 2778 344.

1002 2806 1056 2836 60.
1083 2805 1195 2837 solum
1230 2815 1297 2847 quo
1329 2804 1365 2835 '12
1382 2804 1417 2845 f.
1441 2806 1480 2835 cf.
1510 2804 1540 2843 3,
1567 2804 1620 2835 11.

1002 2864 1055 2894 61.
1082 2865 1130 2895 Cf.
1172 2865 1280 2894 simile
1322 2862 1357 2899 2,
1401 2861 1466 2891 669
1512 2860 1666 2893 Reddite
1705 2872 1759 2894 me

958 2908 1108 2941 Danais,
1157 2912 1268 2940 Satius
1308 2909 1370 2939 fuit
1419 2911 1539 2939 bellum
1581 2910 1758 2940 Troianum

957 2958 1098 2993 perferre
1123 2961 1155 2986 et>
1177 2966 1214 2986 eo
1240 2956 1355 2993 perire,
1378 2963 1476 2991 quam
1505 2956 1586 2985 talia
1609 2957 1688 2992 pati.
1716 2972 1754 2977 -

958 3000 1136 3033 revolvere
1160 3003 1200 3032 cf.
1231 3003 1258 3040 Ι,
1288 3001 1318 3031 9.
