2023 3350
755 93 995 128 AENEIDOS
1027 96 1114 129 LIB.
1147 97 1190 128 X.

146 211 338 255 Volnera
375 209 560 264 dirigere
603 210 646 250 et
681 209 870 252 calamos
903 224 1073 252 armare
1101 223 1276 262 veneno,

1719 95 1802 135 487

1723 210 1803 249 140

144 270 345 313 Maeonia
377 279 581 323 generose
617 266 765 315 domo.
796 267 871 310 ubi
908 268 1090 323 pinguia
1127 268 1245 310 culta

145 329 445 381 Exercentque
481 325 579 376 viri,
618 325 908 380 Pactolosque
948 327 1112 381 inrigat
1147 340 1267 368 auro.

143 386 297 429 Adfuit
331 388 374 427 et
410 382 680 435 Mnestheus,
719 398 845 438 quem
885 385 1000 439 pulsi
1039 385 1225 440 pristina
1261 383 1394 426 Turni

144 445 312 499 Aggere
356 455 601 484 moerorum
641 441 867 484 sublimem
906 443 1046 497 gloria
1081 443 1210 494 tollit,

142 503 200 545 Et
239 502 394 555 Capys:
432 499 531 541 hinc
571 514 725 542 nomen
766 502 1010 555 Campanae
1047 501 1220 543 ducitur
1256 499 1365 542 urbi.

1720 498 1800 538 145

256 558 325 601 Illi
360 558 475 599 inter
513 571 604 600 sese
646 558 745 601 duri
783 560 1023 601 certamina
1063 559 1168 602 belli

143 616 441 668 Contulerant3
480 615 624 658 media
663 618 829 660 Aeneas
870 618 983 660 freta
1017 621 1144 659 nocte
1184 615 1374 659 secabat.

140 675 336 728 Namque
369 678 418 715 ut
453 674 508 716 ab
546 675 751 718 Euandro
785 677 940 718 castris
976 677 1197 730 ingressus
1241 672 1449 725 Etruscis,

140 733 298 786 Regem
336 732 430 774 adit
467 737 510 775 et
547 734 639 787 regi
677 738 890 776 memorat
921 748 1162 788 nomenque
1197 746 1426 787 genusque,

140 790 304 842 Quidve
339 795 479 845 petat,
528 792 683 845 quidve
720 794 812 847 ipse
852 793 985 845 ferat,
1015 793 1252 835 Mezentius
1283 804 1406 833 arma

1720 792 1800 831 150

140 848 259 899 Quae
299 849 381 891 sibi
420 850 642 902 conciliet,
683 851 961 905 violentaque
1001 855 1179 905 pectora
1217 849 1350 891 Turni

138 907 323 960 Edocet3
360 908 563 950 humanis
606 923 718 963 quae
751 910 808 951 sit
848 909 1005 951 fiducia
1044 909 1173 951 rebus

138 966 378 1018 Admonet,
423 967 722 1022 immiscetque
759 982 926 1023 preces:
969 967 1088 1010 haud
1125 966 1175 1009 fit
1207 979 1351 1015 mora,
1390 962 1591 1005 Tarchon

186 1082 262 1114 140.
296 1083 452 1115 Vulnera
494 1083 653 1126 dirigere
682 1088 833 1116 dixerunt
868 1088 945 1116 Tac.

138 1131 222 1160 nist.
259 1130 295 1166 2,
329 1130 381 1161 35.
426 1133 485 1160 Sil.
514 1131 550 1168 2,
584 1131 638 1162 92.
696 1135 785 1162 ..Aut
822 1135 946 1163 vulnus

138 1186 194 1213 pro
230 1178 352 1213 sagitta
378 1179 485 1213 posuit
510 1178 570 1213 (cf.
598 1177 627 1211 2,
653 1178 740 1216 529)
774 1185 829 1209 aut
854 1187 947 1209 acer-

137 1225 219 1253 rime
235 1226 398 1259 expressit
426 1225 637 1254 inevitabiles
657 1227 808 1261 sagitta&
833 1227 945 1256 diceus

137 1279 211 1300 eum
236 1273 394 1308 vulnera,
430 1280 494 1300 non
524 1273 588 1301 tela
621 1273 794 1307 dirigeres*
828 1275 859 1301 S.
911 1274 944 1300 ld

137 1325 215 1346 vere
241 1318 325 1347 inest
349 1319 518 1347 vocabulo.
548 1334 585 1338 —
621 1316 791 1347 Calama<
825 1320 863 1348 de
890 1327 945 1347 sa-

136 1364 217 1400 gitta
256 1365 290 1393 E.
312 1363 347 1401 3,
399 1362 450 1393 13.
500 1379 539 1384 —-
593 1362 760 1393 Cvtamos
803 1372 943 1393 (irritare

136 1418 268 1439 veneno
302 1411 341 1441 cf.
378 1408 415 1446 9,
446 1407 523 1439 773.
572 1413 645 1439 Mos
671 1412 810 1444 sagittas
843 1420 943 1440 vene-

136 1457 237 1486 nandi
265 1462 312 1486 est
347 1458 444 1486 etiam
471 1458 555 1492 apud
583 1459 723 1487 Graecos
750 1458 945 1492 antiquissi-

137 1511 224 1539 mos,
245 1503 285 1533 cf.
314 1505 406 1533 Hom.
435 1504 490 1532 Od.
523 1500 550 1540 1,
574 1501 633 1531 261
666 1513 713 1539 sq.
734 1509 762 1533 et
785 1505 944 1533 Hercules

137 1550 261 1586 sagitta
306 1554 470 1579 venenata
505 1552 645 1579 Nessum
685 1551 843 1579 interfecit
883 1552 943 1578 (lv.

137 1598 181 1625 M.
207 1594 239 1633 9,
266 1593 341 1626 130.
391 1598 438 1625 De
464 1597 554 1625 Getis
581 1602 736 1626 memorat
761 1598 820 1625 Ov.
845 1597 943 1625 Trist.

138 1640 170 1679 3,
198 1639 250 1679 10,
277 1641 331 1672 6-1.
371 1643 403 1679 5,
429 1641 460 1680 7,
486 1642 535 1671 tii.
563 1644 599 1671 de
626 1644 759 1672 Parthis
784 1644 855 1678 ipse
869 1644 944 1677 Ygl.

139 1686 193 1724 12,
219 1687 286 1717 857
311 1693 341 1719 et
374 1691 453 1719 Luc.
481 1687 520 1726 S,
545 1687 623 1718 304.
654 1691 692 1719 de
731 1690 945 1719 Cretensibus

137 1735 212 1772 Vgl.
242 1733 300 1772 12,
325 1734 402 1764 857.
441 1737 479 1764 de
520 1736 654 1771 Scythis
685 1736 822 1765 Lucian.
855 1736 944 1772 Nigr.

139 1778 193 1810 37.
219 1783 258 1810 de
284 1781 378 1811 Afris
398 1782 457 1810 Sil.
488 1780 519 1819 3,
547 1779 625 1810 272.

187 1825 261 1856 141.
289 1825 392 1857 (tomo
418 1828 457 1857 cf.
481 1826 520 1864 ὃ,
558 1826 632 1856 tit.
663 1825 820 1868 pinguia
848 1824 945 1857 culta

140 1873 181 1903 cf.
206 1871 239 1910 8,
269 1872 322 1902 63.

191 1916 264 1948 142.
297 1917 468 1948 Esercere
503 1919 551 1948 ita
581 1926 632 1954 ap.
670 1920 745 1947 Hor.
777 1920 834 1954 Ep.
866 1917 897 1955 2,
928 1916 946 1947 3

139 1967 294 2005 paterna
317 1973 404 1994 rura
431 1962 536 1994 bobus
554 1967 686 1994 exercet
707 1961 790 1993 suis.
817 1981 855 1985 -
880 1967 950 2001 Ly·-

141 2012 196 2041 uia
223 2016 291 2041 erat
318 2013 490 2041 admodum
513 2011 688 2048 frugifera:
715 2012 870 2040 Pactolus
887 2019 948 2041 au-

141 2062 205 2087 tem
236 2058 526 2093 (nuncsarabat)
567 2059 622 2093 qui
661 2066 702 2086 ex
740 2058 852 2087 Tmolo
891 2067 948 2093 per

142 2106 263 2134 Sardes
281 2110 310 2133 et
335 2105 368 2133 in
389 2106 541 2134 Hermum
559 2104 635 2133 fluit.
658 2112 775 2133 aurum
795 2100 947 2143 (ψῆγμα

139 2146 277 2190 χρυσοῦ
303 2144 409 2188 πολύ,
443 2156 590 2180 ramenta
617 2150 710 2185 aur'1)
735 2158 844 2180 secum
871 2151 946 2179 vol—

140 2205 218 2227 vere
247 2198 415 2227 dicebatur
438 2197 478 2227 cf.
497 2199 611 2226 Strabo
632 2196 681 2229 13,
706 2194 736 2233 4,
763 2197 781 2224 5
809 2205 838 2231 p.
864 2194 941 2233 626,

140 2244 236 2273 cuius
269 2248 411 2279 tempore
456 2252 520 2272 non
558 2244 625 2272 iam
667 2244 771 2272 inerat
814 2250 941 2272 aurum.

139 2289 248 2319 Midas
278 2295 398 2327 autem,
425 2294 460 2319 ut
487 2290 600 2319 fabula
624 2294 683 2325 est,
716 2298 814 2324 quum
835 2290 945 2318 omnia

140 2343 225 2371 quae
249 2341 411 2373 tangeret,
437 2337 471 2365 in
496 2344 613 2366 aurum
638 2340 788 2372 mutaret,
826 2336 861 2364 in
879 2337 945 2364 Pa-

141 2384 224 2412 ctolo
236 2383 347 2412 lavari
371 2384 485 2412 iussus
510 2388 578 2419 est,
598 2383 654 2417 „in
677 2391 770 2417 quein
792 2390 828 2411 se
848 2390 946 2417 quum

141 2429 284 2466 iecisset,
310 2430 432 2459 ferendi
449 2429 522 2459 auri
542 2434 693 2459 naturam
709 2428 833 2458 flumini
853 2429 947 2465 dedit,

141 2476 214 2512 ipse
245 2476 366 2505 destitit
405 2476 438 2504 in
472 2483 589 2505 aurum
627 2483 712 2511 quae
742 2475 947 2512 contingebat

141 2521 290 2552 mutare‘⁴
332 2524 364 2551 S.
425 2524 559 2552 Gratum
595 2526 644 2551 est
684 2524 760 2551 hoc:
813 2519 947 2563 irrigat

141 2577 241 2598 auro.

187 2612 264 2643 14⁴.
292 2621 431 2655 aggere
459 2621 651 2643 moerorum
685 2613 725 2643 cf.
762 2621 795 2642 v.
823 2610 876 2642 24.
906 2628 944 2632 —

139 2658 238 2702 pulsi
277 2657 389 2689 'I'urni
419 2656 551 2700 gloria.
599 2660 653 2688 Ad
681 2662 785 2689 verba
816 2660 854 2689 cf.
893 2656 947 2695 12,

143 2705 221 2737 219.
285 2707 339 2736 Ad
382 2714 449 2736 rem
489 2704 525 2743 9,
567 2703 633 2734 779
674 2714 722 2742 sq.
765 2703 945 2734 sublimem

142 2752 322 2794 MPRy2bc
345 2768 383 2773 ——
412 2749 581 2781 sublimen
610 2753 678 2781 ded.
708 2749 774 2781 Rb.

193 2799 269 2830 146.
295 2801 443 2835 Capuam
465 2805 486 2827 a
505 2799 619 2834 Capye
644 2800 783 2834 quodam
806 2799 948 2828 Troiano

145 2847 309 2878 conditam
345 2854 419 2875 esse
459 2848 640 2874 memorant
677 2845 775 2874 etiam
810 2846 870 2874 Ov.
914 2845 949 2872 F.

145 2890 177 2931 4,
195 2891 253 2930 45,
270 2895 348 2924 Luc.
373 2891 405 2930 2,
424 2889 506 2927 3933
533 2899 554 2921 a
579 2892 659 2920 duce
682 2892 793 2926 aliquo
820 2890 952 2920 Samni-

145 2940 236 2978 tium,
278 2941 335 2976 qui
358 2941 515 2968 Etruscos
537 2938 741 2974 expulerint,
786 2944 807 2966 a
834 2937 952 2972 quibus

146 2989 224 3016 urbs
246 2987 447 3016 Vulturnum
477 2985 564 3014 dicta
585 2984 705 3020 fuerat,
729 2991 849 3013 nomen
867 2983 954 3012 alios

147 3033 302 3063 deducere
339 3032 435 3062 refert
478 3032 552 3061 Liv.
591 3028 625 3070 4,
663 3027 720 3068 37,
757 3030 815 3066 qui
840 3030 912 3065 ipse
934 3036 955 3058 a

994 1087 1168 1123 campestri
1194 1094 1271 1123 agro
1299 1085 1417 1113 dictam
1443 1086 1543 1118 putat.
1593 1081 1675 1110 Alia
1694 1081 1800 1110 nomi-

993 1136 1046 1163 nis
1071 1133 1244 1163 (lerivandi
1263 1130 1437 1161 conamina
1457 1133 1531 1158 sunt
1557 1128 1591 1156 in
1612 1127 1798 1157 servianis.

996 1197 1034 1200 —
1067 1177 1146 1208 hine
1186 1179 1225 1208 cf.
1263 1176 1300 1205 8.
1339 1175 1393 1205 71.
1432 1191 1470 1195 -
1510 1174 1799 1209 ..Ιηῐθι-ροιειῐὶοηίε

995 1227 1216 1261 suspicionem
1239 1233 1271 1252 v.
1289 1221 1352 1251 145
1368 1223 1452 1251 satis
1469 1221 1588 1258 frigida
1609 1222 1647 1250 de
1666 1221 1800 1255 Capuae

995 1274 1125 1302 nomine
1158 1271 1271 1300 notitia
1303 1268 1434 1298 niovet‘·
1474 1265 1533 1297 Rb.
1564 1265 1626 1301 lp.
1651 1264 1706 1294 83.
1737 1267 1799 1295 Sed

994 1322 1077 1348 tales
1110 1323 1139 1347 et
1173 1318 1233 1347 alii
1266 1324 1389 1345 versus
1424 1318 1554 1344 exstant
1586 1313 1625 1342 cf.
1660 1310 1694 1350 1,
1723 1310 1798 1341 109.

995 1395 1208 1428 14(3-Ηῑ2.
1253 1392 1393 1425 Aeneas
1426 1400 1505 1423 cum
1543 1389 1705 1422 Etruscis
1730 1388 1799 1422 sibi

1135 1440 1312 1472 adiunctis
1337 1447 1400 1471 sua
1425 1442 1536 1469 castra
1562 1437 1660 1479 petit.

1044 1499 1115 1531 14⁴5.
1144 1499 1199 1530 illi
1229 1516 1272 1520 —
1298 1496 1536 1529 contulerant.
1586 1499 1674 1526 Haec
1697 1498 1800 1526 verba

996 1551 1254 1584 complectuntur
1293 1546 1420 1579 omnia,
1463 1551 1546 1579 quae
1584 1546 1605 1573 l.
1649 1540 1667 1571 9
1700 1547 1730 1572 et
1758 1540 1798 1570 10

993 1596 1058 1624 iam
1093 1599 1228 1624 narrata
1268 1597 1297 1622 et
1327 1600 1411 1627 quae
1444 1593 1578 1620 absente
1610 1590 1725 1619 Aenea
1756 1590 1798 1618 ad

993 1647 1105 1672 castra
1138 1641 1225 1671 facta
1255 1643 1342 1669 sunt.
1406 1638 1494 1672 Quod
1525 1637 1593 1666 iam
1625 1643 1699 1665 eam
1730 1644 1798 1665 rem

992 1689 1183 1722 relicturus,
1233 1691 1263 1715 et
1309 1692 1393 1720 quae
1445 1688 1557 1719 postea
1599 1683 1798 1719 acciderunt,

992 1737 1091 1770 paulo
1117 1739 1187 1769 post
1212 1732 1383 1761 additurus
1401 1734 1460 1767 est,
1483 1728 1797 1765 plusquamperfecto

991 1781 1101 1810 utitur.
1169 1779 1279 1813 Pergit
1322 1778 1354 1806 iu
1401 1778 1564 1805 narrando
1611 1774 1797 1810 imperfecto

993 1824 1154 1861 set-nbat,
1212 1833 1274 1860 quo
1307 1824 1338 1852 id
1360 1828 1486 1857 tempus
1525 1822 1697 1859 significat,
1735 1829 1797 1857 quo

992 1873 1043 1901 illi
1070 1872 1251 1901 certamina
1275 1869 1490 1900 conferebant.

1045 1916 1118 1947 148.
1146 1919 1249 1953 „Rem
1283 1921 1358 1946 ante
1389 1915 1548 1945 omissam
1574 1913 1717 1943 breviter
1739 1921 1798 1943 ex-

995 1964 1176 2000 sequitur.“
1213 1966 1245 1992 S.
1294 1964 1362 1992 Aut
1394 1970 1428 1991 v.
1466 1958 1530 1989 148
1563 1960 1707 1996 protasis
1736 1964 1796 1989 est:

998 2008 1223 2050 Simulatque
1260 2005 1387 2038 castris
1423 2005 1606 2048 ingressus
1643 2006 1732 2042 [est]
1768 2010 1797 2035 et

995 2058 1165 2092 apodosis:
1204 2063 1322 2096 regem
1364 2051 1440 2083 mliv
1466 2057 1525 2083 etc.
1564 2053 1604 2083 cf.
1645 2052 1676 2088 5,
1718 2050 1796 2082 362.

995 2105 1064 2133 Aut
1101 2103 1244 2138 protasis
1284 2105 1330 2130 est
1372 2108 1476 2136 usque
1515 2101 1556 2128 ad
1595 2106 1731 2139 preces,
1766 2103 1797 2128 et

996 2147 1115 2190 iungi!
1148 2153 1196 2178 est
1227 2147 1392 2183 apodosis.
1428 2162 1465 2167 —
1500 2146 1644 2175 Dativus
1672 2148 1713 2175 ab
1743 2141 1797 2174 iu-

990 2204 1134 2237 gressns
1156 2196 1300 2231 pendens
1323 2198 1373 2222 est
1395 2200 1528 2222 novum.

1039 2239 1113 2270 149.
1140 2249 1259 2282 regem
1297 2240 1318 2268 i.
1353 2248 1380 2269 e.
1416 2240 1548 2276 ducem,
1581 2239 1798 2273 lucumonem,

990 2290 1202 2318 Tarchonem.

1041 2332 1116 2363 150.
1143 2330 1228 2374 quid
1265 2329 1339 2372 ipse
1367 2330 1463 2368 ferat
1493 2338 1599 2366 opum.

993 2381 1139 2410 Evandri
1163 2380 1276 2415 copias
1303 2382 1480 2407 enumerat.

1044 2425 1117 2456 151.
1151 2422 1346 2455 Mezentius
1380 2432 1480 2453 arma
1507 2429 1596 2462 quae
1623 2418 1690 2451 sibi
1716 2429 1796 2450 con-

994 2471 1100 2503 ciliet.
1151 2474 1297 2502 Turnum
1329 2479 1402 2500 cum
1430 2469 1532 2499 sociis
1560 2469 1632 2497 suis
1661 2476 1696 2498 se
1727 2469 1797 2497 Me-

995 2520 1103 2550 zentio
1139 2518 1353 2549 coniunxisse
1385 2517 1424 2546 cf.
1459 2514 1495 2552 7,
1529 2512 1612 2551 647,
1644 2518 1675 2544 et
1698 2521 1797 2550 quam

994 2567 1139 2596 violento
1164 2566 1273 2595 animo
1296 2565 1339 2593 sit
1363 2565 1493 2592 Turnus
1514 2563 1633 2591 edocet.
1661 2576 1700 2580 —
1732 2557 1797 2590 Pe-

994 2615 1091 2642 ctera
1126 2610 1244 2641 edocet
1285 2607 1441 2639 violenta
1480 2608 1518 2638 cs.
1557 2605 1595 2645 2,
1623 2604 1700 2636 549.
1748 2607 1797 2636 De

994 2659 1117 2694 duplici
1141 2662 1306 2688 structura
1327 2665 1358 2686 v.
1386 2653 1503 2684 edocet
1528 2653 1567 2684 cf.
1598 2651 1629 2691 3,
1653 2650 1726 2682 180.

1043 2703 1118 2733 152.
1145 2700 1310 2732 humanis
1335 2710 1365 2741 q.
1390 2697 1574 2738 s.fi11ucia
1596 2697 1716 2728 rebus.-
1762 2699 1798 2728 Si

996 2752 1062 2786 ipsi
1085 2759 1171 2780 nunc
1195 2749 1255 2778 tuti
1279 2749 1356 2781 sint.
1380 2748 1521 2784 cogitare
1535 2755 1591 2776 eos
1611 2746 1710 2778 iubet.
1733 2754 1798 2774 non

997 2805 1124 2832 semper
1156 2797 1267 2825 eadem
1307 2795 1435 2824 fortuna
1469 2801 1605 2829 usuros,
1637 2797 1669 2822 et
1699 2792 1798 2822 facile

998 2852 1095 2880 posse
1119 2842 1291 2872 exstinctis
1308 2840 1472 2874 Troianis,
1496 2839 1675 2868 adiuvante
1689 2839 1798 2868 Turno

998 2891 1031 2919 in
1056 2897 1192 2926 regnum
1218 2896 1313 2917 suum
1331 2887 1437 2917 redire
1458 2886 1668 2916 mezentium.

1049 2933 1124 2964 153.
1153 2932 1261 2963 Haud
1285 2932 1331 2974 fit
1365 2941 1463 2962 mora
1494 2934 1626 2968 plenum
1657 2935 1706 2961 est
1739 2934 1800 2962 hoc

999 2985 1085 3017 [0c0;
1119 2981 1314 3016 saepissime
1346 2982 1452 3009 solum
1490 2975 1588 3008 haud
1622 2985 1722 3008 mora
1753 2977 1801 3008 ita

999 3029 1121 3059 dicitur
1149 3028 1190 3058 cf.
1212 3026 1244 3065 3,
1268 3024 1347 3056 207.
1377 3024 1454 3055 548.
1492 3025 1524 3063 5,
1548 3023 1626 3054 140.
1651 3023 1730 3054 368.
1776 3023 1796 3054 6

1649 2331 1735 2358 Suas
1767 2333 1798 2358 et
