2044 3329
812 61 1046 97 AENEIDOS
1076 63 1162 97 LIB.
1186 65 1211 96 1.

194 177 379 219 Dorsum
405 176 588 218 immane
614 176 724 219 mari
752 190 938 219 summo:
969 180 1057 218 tres
1085 177 1225 219 Eurus
1254 176 1309 219 ab
1337 177 1427 220 alto

1776 70 1825 108 13

1747 184 1826 222 110

192 235 243 275 In
271 234 417 276 brevia
443 237 486 275 et
513 234 658 289 Syrtes
689 237 861 288 urguet,
892 234 1133 276 miserabile
1160 235 1264 288 visu,

194 291 428 346 Inliditque
452 292 571 334 vadis
594 295 724 346 atque
747 306 905 346 aggere
937 292 1069 346 cingit
1097 306 1264 335 arenae.

191 349 350 402 Unam,
379 362 488 403 quae
512 349 664 404 Lycios
694 349 911 404 fidumque
940 349 1123 392 vehebat
1153 349 1353 402 Oronten,

191 406 332 460 Ipsius
358 410 458 448 ante
490 407 635 449 oculos
664 407 813 461 ingens
844 422 870 450 a
898 407 1056 450 vertice
1081 411 1240 461 pontus

190 464 242 505 In
270 464 446 518 puppim
473 464 593 506 ferit:
626 465 839 507 excutitur
866 479 1110 519 pronusque
1136 465 1341 519 magister

190 521 389 563 Volvitur
413 522 456 563 in
487 526 636 577 caput,
670 526 737 564 ast
765 523 884 564 illam
911 527 978 564 ter
1008 522 1162 564 fluctus
1191 522 1350 564 ibidem

190 579 379 633 Torquet
409 593 539 633 agens
569 580 728 622 circum
757 584 799 622 et
826 580 1003 634 rapidus
1033 584 1156 622 vorat
1183 593 1370 635 aequore
1396 583 1552 622 vertex.

189 637 413 691 Adparent
440 638 529 679 rari
556 642 705 679 nantes
734 638 778 679 in
804 639 972 692 gurgite
999 641 1134 690 vasto,

189 695 322 736 Arma
351 694 488 736 virum
515 695 774 750 tabulaeque
803 700 845 737 et
875 696 1002 737 Troia
1032 709 1137 749 gaza
1168 709 1246 749 per
1269 694 1418 736 undas.

189 752 282 793 Iam
314 752 500 794 validam
529 754 680 795 Ilionei
704 768 873 805 navem,
898 754 983 795 iam
1011 752 1136 794 fortis
1160 752 1364 804 Achatae,

1745 756 1825 794 120
1863 766 1868 770 ”

190 810 247 851 Et
272 824 357 864 qua
381 814 525 852 vectus
552 811 688 862 Abas,
721 815 763 853 et
791 825 876 865 qua
906 810 1172 864 grandaevus
1195 810 1351 861 Aletes,

190 868 306 909 Vicit
330 868 515 923 hiemps:
544 869 653 911 laxis
683 870 867 910 laterum
896 867 1174 921 compagibus
1200 881 1344 908 omnes

189 926 418 980 Accipiunt
446 927 663 968 inimicum
690 926 891 977 imbrem,
921 926 1124 979 rimisque
1154 924 1369 966 fatiscunt.

191 1033 332 1062 diversis
357 1033 440 1061 locis
467 1040 544 1061 aras
571 1037 742 1068 memorat,
776 1032 903 1061 videtur
925 1039 986 1066 ap-

190 1086 323 1114 parere,
361 1078 441 1107 talia
476 1079 575 1106 dorsa
614 1078 743 1106 omnino
783 1085 860 1106 aras
907 1085 984 1106 esse

190 1125 286 1152 dicta.
335 1125 451 1152 Totum
485 1124 563 1151 illud
599 1131 687 1152 mare
721 1123 903 1158 naufragiis
935 1124 985 1151 in-

190 1169 276 1198 fame
299 1174 361 1205 est,
387 1176 472 1203 quae
494 1171 581 1198 bello
604 1170 726 1198 Punico
751 1170 852 1204 primo
875 1168 984 1197 fecere

188 1215 337 1244 Romani.
364 1230 409 1234 —-
438 1212 537 1243 Mare
562 1223 728 1243 summum
764 1215 824 1250 (cf.
861 1213 922 1243 147
955 1218 986 1242 et

187 1260 222 1298 5,
243 1259 311 1289 819
333 1268 466 1290 summa
485 1260 657 1299 aequora)
679 1266 729 1290 est
746 1261 847 1290 maris
869 1267 986 1294 super-

188 1306 295 1340 ficies,
341 1306 381 1335 cf.
420 1306 486 1335 Cic.
522 1307 591 1335 Fin.
620 1305 658 1342 4,
689 1306 750 1344 23,
783 1305 844 1335 64:
902 1303 988 1344 Quis

189 1349 278 1382 enim
305 1349 468 1392 ignorat,
504 1348 534 1380 si
559 1349 678 1391 plures
708 1360 748 1381 er
778 1349 850 1381 alto
881 1359 988 1380 emer-

188 1405 273 1439 gere
304 1395 428 1433 velint‚
469 1394 614 1437 propius
644 1396 724 1435 fore
756 1406 811 1426 eos
849 1394 986 1438 quidem

190 1440 237 1472 ad
267 1440 529 1482 respirandum,
562 1441 622 1483 qui
653 1451 821 1472 summam
857 1451 986 1483 aquam

190 1486 476 1529 appropinquant
489 1493 550 1517 etc.
600 1490 692 1518 Adde
717 1497 800 1524 quae
820 1491 861 1518 ad
881 1490 912 1524 7,
932 1487 986 1517 61.

242 1533 314 1563 111.
342 1531 491 1572 Brevia,
525 1538 599 1564 sunt
629 1537 704 1564 loca
729 1537 859 1564 vadosa
884 1531 987 1572 (Γη-

189 1577 340 1619 tiefcn),
376 1584 405 1609 ut
439 1577 557 1610 breuia
587 1579 682 1609 vada
708 1581 826 1616 legitur
857 1579 917 1609 221
955 1584 986 1608 et.

190 1627 277 1661 apud
311 1628 389 1655 Tac.
430 1627 493 1655 An.
529 1624 564 1663 1,
597 1626 642 1655 70
679 1625 796 1666 Neque
834 1623 987 1655 discerni

186 1674 351 1712 poterant
390 1669 523 1701 incerta
565 1681 586 1701 a
623 1669 762 1709 solidis,
802 1669 920 1702 brevia
964 1680 985 1701 a

187 1715 387 1758 profundis.
438 1733 483 1738 —
538 1715 657 1758 Syrtes
710 1715 986 1757 (Sandba'nke),

189 1771 308 1792 nomen
347 1767 398 1793 est
436 1764 688 1799 appellativum
742 1767 859 1799 Syrtes
900 1764 985 1793 enim

189 1809 267 1838 illae
290 1809 430 1838 infames
460 1809 520 1845 (cs.
546 1808 582 1845 4,
607 1808 671 1845 41)
698 1818 763 1838 non
789 1818 827 1839 eo
852 1810 885 1839 in
910 1812 984 1838 loco

191 1859 277 1890 sunt,
300 1863 362 1889 quo
377 1857 460 1884 haec
479 1864 533 1884 res
554 1856 607 1891 agi
624 1856 760 1891 fingitur.
802 1858 915 1890 Itaque
930 1860 985 1885 aut

190 1901 223 1928 in
240 1907 327 1929 saxa
345 1901 424 1929 mari
440 1906 524 1930 tecta
541 1906 741 1937 torquentur,
765 1907 795 1929 ut
812 1902 986 1937 naufragia

192 1946 328 1982 faciant,
370 1950 425 1974 aut
454 1947 539 1975 intra
576 1952 685 1981 syrtes
718 1948 925 1983 implicantur
955 1951 984 1976 et

192 1999 313 2020 arenae
336 1992 576 2020 circumdantur
598 1993 786 2029 aggeribus,
819 1995 902 2022 unde
926 2001 985 2022 ne-

192 2042 310 2072 queunt
337 2038 440 2066 exire.
473 2052 515 2058 —
549 2035 745 2066 miserabile
773 2036 870 2067 visu.-
900 2040 986 2068 idem

190 2083 230 2119 9,
255 2081 332 2112 465.
381 2085 429 2112 De
454 2083 749 2112 exclamationibus
775 2085 913 2113 orationi
937 2085 986 2113 in-

191 2129 289 2158 sertis
315 2128 356 2157 cf.
381 2129 417 2162 7,
447 2127 501 2157 73.

238 2173 312 2203 113.
346 2171 478 2214 Lycios.
528 2175 590 2210 „Hi
611 2174 729 2203 Troiae
756 2175 797 2203 ad
828 2175 987 2203 auxilium

191 2224 368 2256 venerant,
401 2221 454 2255 qui
485 2225 611 2249 mortuo
644 2228 721 2255 rege
745 2221 895 2249 Pandaro
920 2221 987 2249 Ae-

190 2273 285 2295 neam
321 2266 427 2295 secuti
467 2266 564 2295 sunt“
606 2269 639 2294 S.
702 2267 846 2295 Pandari
885 2266 985 2295 frater

190 2312 350 2346 Eurytion
389 2316 441 2341 est
480 2319 554 2340 cum
592 2313 709 2341 Aenea
746 2310 783 2347 5,
827 2310 904 2340 495.
942 2326 987 2332 -—

197 2354 350 2387 Oronten
368 2364 489 2393 graeca
502 2357 608 2386 forma
623 2358 719 2386 etiam
736 2358 823 2393 apud
845 2358 985 2393 scripto-

192 2411 245 2432 res
268 2408 402 2438 recepta
424 2408 473 2432 est
502 2403 542 2432 cf.
569 2406 620 2432 Gr.
646 2402 668 2437 S
691 2401 753 2439 94,
777 2401 807 2432 4.

239 2447 314 2477 114.
339 2457 360 2478 a
386 2446 513 2478 vertice
549 2450 569 2477 i.
608 2457 635 2478 e.
673 2450 832 2484 desuper,
875 2448 915 2478 cf.
951 2451 987 2478 G.

191 2492 223 2530 2,
246 2493 332 2522 3t0:
373 2491 572 2534 Tempestas
593 2503 614 2524 a
630 2492 756 2524 vertice
773 2492 872 2523 silvis
892 2492 989 2524 incu-

192 2536 265 2569 buit
292 2543 322 2568 et
345 2541 386 2569 A.
412 2539 448 2573 5,
474 2538 552 2569 444.

241 2583 316 2613 116.
341 2582 523 2624 magister,
549 2587 764 2620 gubernator:
789 2585 833 2614 ita
857 2585 888 2622 5,
912 2585 986 2614 176.

191 2630 270 2659 867.
311 2645 357 2650 —
401 2631 463 2658 Pro
502 2628 600 2659 illam
632 2628 706 2660 ΟΒ.
748 2631 833 2660 coni.
876 2628 986 2660 aliam

193 2681 308 2706 contra
332 2676 432 2705 libros
457 2680 487 2704 et
514 2681 626 2705 contra
652 2677 856 2706 sententiam.

240 2722 314 2750 117.
341 2719 494 2757 „Vertex
525 2722 640 2750 dicitur
668 2722 866 2752 circumacta
887 2723 920 2751 'm
949 2731 986 2752 se

193 2769 280 2797 unda
305 2772 335 2796 et
359 2773 444 2802 quae
471 2768 567 2801 quasi
594 2770 728 2797 sorbere
754 2768 925 2798 videatur“
952 2772 984 2798 S.

193 2810 406 2852 (Strudcl)‚·
442 2812 487 2841 ita
524 2815 560 2842 G.
596 2812 635 2849 3,
673 2812 752 2843 241.
791 2830 837 2834 —
870 2816 986 2844 vertex

193 2862 236 2888 M.
264 2859 381 2894 ubique
404 2874 449 2878 —
474 2860 592 2887 vortex
617 2860 655 2888 R.
681 2859 722 2889 cf.
749 2862 802 2889 Gr.
833 2859 855 2895 S
878 2859 930 2889 19.

239 2903 314 2933 118.
341 2907 425 2934 Nota
453 2904 550 2932 huius
584 2912 704 2934 versus
738 2910 811 2941 post
839 2906 985 2935 concita-

192 2950 341 2979 tissimos
386 2951 535 2980 sedatum
579 2950 756 2979 incessum.
807 2967 851 2972 —
899 2949 984 2980 rari.

193 2998 372 3025 Submersa
391 2997 471 3025 navi
497 2996 592 3032 pauci
618 2998 819 3026 extolluntur
841 3005 884 3026 ex
907 3005 984 3033 gur-

1032 1031 1107 1066 gitis
1155 1031 1325 1065 vastitate,
1370 1034 1403 1058 ut.
1445 1031 1552 1058 nando
1593 1037 1631 1059 se
1674 1037 1825 1068 servent3

1032 1077 1131 1105 simul
1162 1085 1217 1105 res
1249 1084 1334 1111 quae
1366 1076 1397 1105 in
1428 1077 1506 1105 navi
1536 1076 1662 1105 inerant
1688 1078 1828 1108 eircum-

1032 1122 1188 1150 feruntur.

1082 1168 1156 1196 119.
1184 1166 1293 1197 Arma
1316 1164 1427 1196 virum
1450 1171 1524 1195 sunt
1546 1171 1641 1196 scuta
1659 1168 1828 1206 imprimis,

1033 1213 1074 1242 cf.
1101 1212 1176 1243 474.
1213 1210 1272 1248 10,
1298 1212 1375 1241 841.
1424 1213 1495 1242 Liv.
1523 1210 1562 1249 1,
1588 1212 1629 1242 37
1661 1212 1768 1245 Multi
1791 1214 1828 1245 in

1025 1257 1176 1299 flumine
1200 1257 1275 1299 ipso
1296 1257 1446 1299 periere,
1478 1267 1619 1299 quorum
1639 1258 1828 1298 fluitantia

1035 1313 1135 1334 arma
1177 1303 1224 1334 ad
1269 1302 1383 1334 urbem
1430 1302 1575 1345 cognita
1616 1302 1653 1334 in
1702 1303 1826 1337 Tiberi.

1034 1353 1146 1387 „Bene
1177 1351 1296 1379 addidit
1322 1348 1454 1386 virum‚·
1488 1358 1579 1379 arma
1604 1351 1686 1379 enim
1714 1353 1828 1382 dicun-

1034 1403 1084 1426 tur
1131 1402 1319 1425 cunctarun]
1368 1396 1483 1425 artium
1534 1396 1747 1427 instrumenta
1796 1404 1828 1428 ut

1035 1442 1140 1479 (177)
1173 1440 1400 1482 Cerealiaque
1423 1450 1542 1478 arma‚·
1567 1443 1644 1471 item
1668 1442 1724 1480 (5,
1754 1444 1828 1481 15.)

1040 1486 1214 1529 Colligere
1239 1496 1338 1517 arma
1364 1486 1468 1517 iubet.
1523 1488 1627 1524 [quae
1651 1494 1725 1518 sunt
1752 1494 1829 1520 vela

1033 1540 1064 1563 ut
1093 1534 1132 1570 6,
1159 1533 1236 1562 353.
1284 1536 1334 1563 Ita
1359 1534 1482 1563 classis
1514 1539 1658 1563 armatur
1682 1535 1719 1571 4,
1749 1536 1828 1574 229,

1031 1581 1051 1609 i.
1078 1589 1106 1609 e.
1133 1580 1230 1608 remis
1258 1581 1409 1615 velisque
1438 1580 1638 1616 instruitur.)
1686 1583 1767 1611 Item
1796 1588 1828 1612 el

1032 1626 1096 1655 alio
1115 1628 1188 1655 loco
1209 1625 1266 1661 [G.
1290 1624 1319 1663 1,
1346 1625 1441 1661 160.)
1471 1623 1663 1656 Dicendum
1686 1630 1717 1657 et
1740 1636 1829 1668 quae

1032 1670 1101 1701 sint
1142 1670 1240 1701 duris
1275 1670 1476 1712 agrestibus
1511 1672 1632 1701 arma“
1675 1676 1707 1702 S.
1751 1673 1828 1714 quis

1032 1715 1105 1747 sine
1151 1726 1212 1747 nec
1259 1720 1403 1758 potuere
1452 1715 1520 1747 seri
1570 1726 1631 1747 nec
1683 1727 1829 1760 surgere

1032 1771 1174 1800 messes,
1224 1767 1254 1792 et
1293 1761 1352 1799 12,
1394 1762 1414 1792 6
1462 1766 1573 1792 movet
1613 1772 1713 1793 arma
1756 1763 1827 1801 te0‚·

1033 1809 1073 1839 cf.
1106 1808 1146 1848 2,
1187 1808 1241 1838 99.
1308 1811 1406 1845 Prop.
1438 1807 1478 1846 3,
1513 1808 1575 1845 20,
1613 1809 1659 1838 27
1707 1807 1828 1840 Perse-

1033 1863 1121 1895 quar
1172 1856 1234 1884 aut
1278 1852 1432 1884 studium
1477 1852 1642 1895 linguae,
1702 1853 1828 1886 Demo-

1034 1897 1164 1930 sthenis
1207 1909 1318 1929 arma.
1384 1901 1450 1930 Cic.
1490 1902 1557 1930 CM.
1595 1900 1636 1937 3,
1675 1901 1695 1930 9
1739 1901 1829 1934 Sunt

1032 1955 1132 1976 arma
1163 1944 1346 1976 senectutis
1376 1949 1469 1976 artes
1500 1944 1830 1988 exercitationesque

1035 1990 1216 2022 virtutum.
1248 2008 1292 2011 —
1324 1989 1424 2021 Gaza
1456 2000 1579 2030 „opes,
1614 2001 1708 2022 omne
1743 1997 1827 2029 quod

1034 2038 1266 2074 possidemus“
1298 2041 1330 2067 S.
1366 2038 1406 2067 cf.
1438 2037 1474 2074 5,
1508 2037 1553 2066 40
1587 2046 1686 2078 gaza
1714 2036 1830 2071 laetus

1036 2083 1190 2123 agresti‚·
1220 2092 1261 2112 ne
1292 2085 1410 2119 ubique
1435 2091 1553 2119 gazam
1586 2090 1682 2119 putes
1710 2086 1826 2121 ingens

1034 2136 1147 2158 aurum
1175 2129 1373 2166 significare,
1400 2135 1554 2165 quantum
1574 2131 1750 2160 Persarum
1775 2140 1828 2161 re—

1034 2175 1128 2209 gibus
1152 2174 1222 2203 suit.

1082 2219 1155 2247 120.
1182 2216 1341 2248 Achatae
1384 2219 1417 2248 in
1451 2220 1543 2248 libris
1585 2224 1654 2255 est,
1700 2219 1828 2252 Achati

1034 2265 1204 2295 Charisius
1230 2264 1305 2292 dicit
1330 2264 1468 2293 Plinium
1497 2266 1654 2295 docuisse
1687 2275 1752 2296 non
1783 2269 1827 2297 ita

1033 2311 1213 2346 scripsisse
1227 2310 1396 2345 Virgilium
1415 2311 1475 2339 sed
1495 2311 1638 2339 scribere
1659 2313 1825 2342 debuisse.

1032 2359 1144 2391 Neque
1186 2357 1270 2384 enim
1309 2363 1353 2384 ex
1389 2356 1531 2386 Charisii
1568 2357 1679 2385 verbis
1719 2363 1827 2393 potest

1036 2402 1253 2431 demonstrari
1285 2402 1371 2430 aliud
1402 2408 1496 2435 quam
1527 2409 1599 2430 eam
1624 2401 1730 2432 fuisse
1758 2405 1826 2433 for-

1035 2455 1120 2477 mam
1140 2448 1244 2476 Plinio
1269 2447 1519 2482 probabiliorem
1543 2454 1639 2482 quam
1658 2446 1826 2480 Achatae.

1036 2495 1142 2529 Quare
1167 2495 1242 2522 nolo
1268 2500 1340 2522 cum
1369 2489 1454 2529 OR,
1485 2493 1571 2529 aliis,
1596 2494 1691 2523 Plinii
1722 2496 1827 2531 opini-

1036 2548 1129 2568 onem
1184 2544 1238 2568 aut
1293 2538 1432 2567 Charisii
1492 2546 1633 2567 errorem
1690 2547 1825 2572 secutus

1035 2586 1175 2614 omnium
1201 2585 1366 2619 negligere
1389 2586 1555 2613 Mssorum
1580 2585 1786 2621 scripturam.

1082 2631 1156 2659 121.
1181 2633 1297 2659 vectus
1320 2629 1360 2658 cf.
1385 2629 1424 2665 5,
1455 2629 1527 2658 113.

1083 2676 1155 2705 122.
1182 2673 1312 2712 Hiems,
1338 2675 1442 2704 omnis
1459 2679 1660 2713 tempestas;
1686 2677 1731 2707 ita
1752 2676 1826 2708 125.

1035 2721 1111 2751 196.
1143 2726 1222 2757 etc.;
1257 2722 1362 2749 hiems
1395 2722 1498 2759 enim,
1536 2722 1644 2757 quatis
1675 2724 1707 2752 in
1732 2725 1827 2754 Italia

1034 2772 1102 2805 est,
1127 2767 1327 2801 intelligitur.

1081 2812 1156 2842 123.
1185 2810 1326 2842 Imbrern
1350 2819 1467 2846 aquam
1483 2812 1641 2841 marinam
1661 2813 1724 2842 iam
1747 2813 1825 2842 dixit

1032 2860 1175 2895 Ennius,
1212 2866 1288 2887 nam
1318 2858 1443 2895 „imber
1467 2860 1582 2886 humor
1606 2859 1751 2895 omnis;“
1782 2860 1827 2888 ita

1031 2907 1128 2934 Lucr.
1152 2904 1180 2940 1,
1198 2903 1281 2933 716:
1311 2911 1351 2932 ex
1371 2901 1449 2943 igni
1469 2906 1562 2933 terra
1585 2907 1690 2944 atquc
1708 2903 1827 2933 anima

1030 2958 1245 2991 procrescere
1284 2951 1314 2978 et
1358 2946 1468 2978 imbri.
1536 2952 1572 2979 G.
1610 2949 1646 2986 4,
1688 2950 1750 2978 115
1796 2954 1826 2979 et

1031 3000 1111 3026 Stat.
1143 2998 1244 3025 Theb.
1273 2994 1312 3033 3,
1348 2993 1412 3023 123
1452 2997 1547 3025 atros
1587 2992 1710 3025 imbres
1747 2996 1826 3025 dixit
