2023 3350
733 64 966 98 AENEIDOS
993 65 1078 97 LIB.
1109 65 1172 98 xl.

136 185 408 227 Subvectant.

136 243 337 284 Buccina.

1682 67 1762 105 559

467 179 586 222 Bello
628 177 704 220 dat
740 177 909 231 signum
945 191 1078 220 rauca
1114 181 1335 220 cruentum

396 239 502 280 Tum
535 250 680 278 muros
713 236 833 277 varia
867 236 1036 278 cinxere
1072 250 1229 278 corona

1680 238 1762 276 475

135 300 359 342 Matronae
394 295 622 350 puerique3
658 297 785 335 vocat
821 293 945 335 labor
975 294 1152 335 ultimus
1185 307 1341 336 omnes.

135 358 222 399 Nec
256 370 341 398 non
381 354 436 396 ad
475 352 682 406 templum
720 365 992 405 summasque
1030 352 1086 393 ad
1120 351 1310 393 Palladis
1343 365 1464 394 arces

136 414 391 457 Subvehitur
426 423 582 463 magna
618 412 805 451 matrum
841 410 990 463 regina
1027 413 1212 462 caterva,

134 473 257 514 Dona
293 470 454 520 ferens,
494 468 702 520 iuxtaque
741 481 879 508 comes
916 467 1095 509 Lavinia
1131 467 1263 521 virgo,

135 530 294 572 Caussa
327 527 430 567 mali
462 526 594 577 tanti,
636 525 786 567 oculos
825 525 991 566 deiecta
1027 524 1216 566 decoros.

1683 529 1766 569 480

135 584 373 629 Succedunt
413 587 591 634 matres,
626 586 668 624 et
711 583 918 636 templum
956 587 1052 624 ture
1090 585 1313 636 vaporant,

132 643 188 684 Et
224 646 411 684 maestas
442 641 531 683 alto
569 641 753 682 fundunt
788 641 840 682 de
876 640 1022 681 limine
1055 653 1197 691 voces,

129 701 418 754 Armipotens,
458 712 632 754 praeses
673 698 796 749 belli,

835 698 1030 739 Tritonia
1062 698 1194 751 virgo,

129 758 297 812 Frange
333 771 461 799 manu
500 756 633 799 telum
669 756 842 810 Phrygii
877 755 1108 810 praedonis
1144 759 1186 796 et
1217 754 1359 808 ipsum

129 815 319 857 Pronum
358 819 500 857 sterne
537 815 628 856 solo
665 814 890 869 portisque
926 812 1094 855 effunde
1128 812 1206 855 sub
1239 813 1350 854 altis.

1682 817 1765 855 485

131 873 327 927 Cingitur
360 874 453 927 ipse
488 872 633 914 furens
671 872 870 913 certatim
909 871 954 912 in
991 871 1155 924 proelia
1185 871 1363 912 Turnus.

128 931 306 985 Iamque
345 931 452 972 adeo
492 930 669 972 rutilum
705 929 888 970 thoraca
926 929 1102 970 indutus
1132 929 1250 970 aenis

128 989 348 1031 Horrebat
387 988 595 1042 squamis,
633 1000 839 1040 surasque
875 986 1110 1028 incluserat
1143 1000 1260 1038 auro,

128 1047 339 1101 Tempora
371 1046 509 1087 nudus
545 1045 701 1097 abhuc,
741 1044 954 1097 laterique
989 1045 1235 1086 accinxerat
1267 1057 1428 1096 ense1n;

127 1104 424 1158 Fulgebatque
461 1104 552 1145 alta
587 1103 816 1144 decurrens
850 1116 1004 1144 auieus
1038 1116 1153 1143 arce:

1682 1105 1765 1143 490

128 1162 413 1215 Exsultatque
447 1160 619 1212 animis,
654 1164 696 1202 et
731 1173 806 1213 spe
838 1159 924 1200 iam
960 1160 1174 1213 praecipit
1208 1158 1384 1200 hostem.

129 1219 277 1270 Qualis
315 1219 390 1260 ubi
424 1219 620 1272 abiuptis
655 1217 766 1271 fugit
798 1218 1023 1270 praesepia
1059 1217 1209 1259 vinclis

127 1277 315 1319 Tandem
354 1276 464 1318 liber
503 1290 654 1330 equus,

698 1288 936 1328 campoque
974 1275 1140 1328 potitus
1181 1277 1333 1328 aperto

127 1336 214 1377 Aut
251 1335 324 1377 ille
360 1335 404 1376 in
441 1338 592 1389 pastus
625 1336 906 1386 armentaque
943 1332 1083 1374 tendit
1119 1345 1337 1386 equarum,

127 1506 222 1539 saa-is
250 1506 462 1549 sudibusque
502 1511 533 1538 et
571 1505 694 1538 ceteris
733 1505 926 1537 missilibus

124 1557 408 1596 propugnatores
431 1552 568 1585 moenia
591 1557 697 1593 atque
712 1552 826 1583 urbem
852 1557 926 1583 tue-

127 1600 266 1631 bantur.
315 1602 413 1631 caes.
448 1603 513 1630 BG.
553 1601 585 1637 7,
628 1600 682 1629 81.
730 1615 774 1619 -——
824 1600 922 1629 Vides

128 1653 236 1676 autem
266 1648 331 1676 iam
357 1648 389 1676 ln
420 1654 548 1677 summa
583 1654 662 1675 esse
690 1647 923 1681 desperatione

129 1701 255 1722 omnes.

171 1738 248 1768 475.
276 1736 379 1768 varia
407 1745 551 1772 corona;
602 1737 739 1765 immixti
770 1738 863 1771 pueri
895 1741 924 1765 et

126 1790 248 1814 matres
267 1785 399 1819 cingunt
425 1791 548 1812 muros.
597 1784 645 1811 De
672 1790 702 1811 v.
730 1790 857 1812 corona
883 1782 924 1812 cf.

127 1831 159 1868 9,
183 1829 261 1859 380.
288 1846 331 1851 —
357 1827 502 1859 buccina
528 1828 569 1858 cf.
591 1826 622 1865 7,
648 1828 726 1857 519.

171 1875 247 1905 476.
273 1873 371 1905 labor
395 1873 557 1911 ultimus,
583 1874 696 1903 ultima
726 1876 925 1912 necessitas,

126 1923 271 1951 ultimum
294 1922 482 1951 discrimen.
508 1935 546 1940 —
575 1922 674 1950 vocat
699 1919 739 1948 cf.
769 1920 800 1957 9,
831 1920 901 1949 170.

170 1976 247 2007 478.
273 1975 474 2007 subvehitur
499 1977 620 2012 pilento
647 1977 690 2005 cf.
714 1977 750 2014 8,
779 1978 856 2008 665.
881 1994 926 1998 -

126 2032 261 2064 magna
287 2026 429 2053 caterva
450 2025 513 2052 ahl.
538 2023 579 2051 cf.
607 2025 658 2051 Gr.
687 2022 720 2057 S.
746 2023 823 2061 325,
847 2024 878 2053 2.

173 2068 249 2099 430.
275 2067 364 2099 mali
404 2066 514 2098 tantis
554 2068 619 2097 Ml.
660 2069 734 2098 inde
769 2074 924 2100 mutatum

125 2114 231 2145 malis
255 2113 365 2145 tantis
382 2115 484 2151 Rhcl,
509 2116 695 2144 restitutum
722 2114 808 2145 mali
834 2114 927 2146 tanti

127 2161 274 2201 tumme-2
304 2164 397 2190 Serv.
430 2162 538 2189 Minus
572 2161 647 2190 boni
680 2159 772 2190 tanti
809 2164 924 2202 atque,

125 2209 165 2236 ad
198 2208 367 2236 vitandum
398 2207 532 2236 hiatum.
583 2203 636 2235 Pl.
669 2208 754 2236 coni.
787 2206 923 2237 Caussa

126 2251 232 2290 mali,
260 2251 369 2284 tacita
391 2255 496 2292 atque
519 2261 549 2282 o.
578 2248 610 2282 d.
637 2250 670 2281 d.
720 2269 765 2273 —-
808 2252 927 2284 oculos

127 2296 261 2328 deiecta
288 2299 328 2328 cf.
358 2299 386 2337 1,
409 2296 486 2328 228.

172 2343 249 2373 482.
275 2343 316 2374 de
337 2342 472 2374 limine.-
510 2347 591 2374 Nam
614 2344 645 2373 in
672 2345 810 2373 medium
839 2351 923 2374 tem-

127 2392 215 2426 plum
240 2391 373 2419 introire
396 2399 460 2419 non
486 2391 576 2419 licuit
603 2391 667 2419 nisi
692 2392 868 2420 sacerdoti.

172 2435 248 2464 483.
279 2437 401 2465 Similis
420 2437 566 2466 Palladis
585 2436 750 2465 invocatio
773 2439 867 2466 Hom.
883 2439 919 2466 11.

126 2481 157 2519 6,
184 2481 269 2518 305,
306 2490 402 2516 quam
436 2490 494 2518 per
520 2483 653 2517 singula
687 2483 852 2512 conferas.
880 2499 918 2504 —-

125 2525 208 2556 belli
238 2535 379 2567 praeses
403 2531 482 2557 Stat.
507 2529 587 2557 Silv.
610 2529 641 2565 4,
660 2528 697 2566 5,
730 2528 774 2557 23
796 2526 923 2570 regina

126 2571 295 2602 bellorum
320 2571 448 2614 virago
473 2575 587 2603 Pallas
614 2575 743 2603 dicitur.
779 2583 924 2615 praeses

124 2618 349 2658 MlPlRy2c2
393 2626 559 2658 praesens
607 2619 834 2660 M2P2ylhcl.
878 2636 924 2640 ——

125 2663 373 2704 „Armipotens
420 2666 685 2694 Autonomasiva
733 2671 810 2696 sunt
865 2675 922 2702 pro

126 2708 292 2746 proprio.“
311 2711 342 2739 S.
375 2710 430 2738 Sic
453 2707 679 2750 Omnipotens
699 2716 750 2741 est
767 2713 923 2749 Iuppiter,

128 2756 180 2793 10,
206 2755 285 2785 668.
339 2753 546 2796 Ignipotens
572 2758 742 2787 Vulcanus
775 2756 813 2795 8,
843 2756 921 2786 423.

124 2800 202 2832 628.
225 2802 303 2831 710.
342 2799 548 2831 Arcitenens
572 2803 691 2837 Apollo
712 2802 744 2840 3,
768 2803 824 2832 75.

169 2847 247 2878 484.
276 2846 420 2889 Frange
450 2845 522 2877 tela
548 2844 699 2885 Aeneae,
721 2850 839 2884 quibus
860 2857 923 2878 no-

126 2899 214 2924 stros
249 2895 344 2931 petit,
384 2898 415 2922 et
447 2898 608 2923 mortuum
642 2901 716 2922 eum
745 2899 921 2930 prosterne

127 2945 203 2970 ante
227 2941 322 2976 ipsas
347 2944 473 2975 portas.

171 2984 249 3016 485.
274 2983 429 3027 effunde,
474 2990 662 3022 prosterne3
706 2985 751 3015 ita
788 2985 921 3015 dicitur:

971 1505 1086 1538 hostes
1108 1506 1185 1547 fusi
1206 1505 1411 1549 fugatique.
1447 1506 1488 1536 cf.
1516 1505 1569 1544 10,
1599 1504 1676 1536 574.
1719 1505 1770 1541 12,

973 1554 1050 1583 532.

1016 1599 1095 1629 487.
1125 1597 1267 1639 Iamque
1291 1596 1379 1628 adeo
1404 1599 1445 1628 cf.
1470 1598 1502 1635 2,
1522 1596 1602 1627 567.
1627 1614 1664 1618 —-
1696 1596 1769 1627 Ru-

971 1644 1082 1676 tulum
1108 1646 1204 1685 MPyl
1234 1653 1300 1675 rec.
1321 1642 1407 1685 Wg.
1439 1646 1502 1674 Sed
1528 1646 1683 1674 Rutulum
1709 1647 1770 1673 ho-

971 1693 1090 1721 minem
1115 1694 1270 1721 Rutulum
1297 1693 1430 1720 thoraca
1453 1692 1589 1720 induere
1615 1698 1674 1720 cur
1694 1699 1770 1719 nar-

971 1739 1081 1766 ratur?
1123 1753 1166 1757 —
1211 1734 1354 1766 rutilum
1380 1740 1427 1766 Rb
1457 1745 1525 1766 rec.
1553 1733 1619 1765 Rb.
1644 1737 1770 1765 firmant

971 1787 1072 1812 Macr.
1098 1783 1129 1821 5,
1160 1783 1207 1812 10.
1237 1785 1318 1812 Gell.
1344 1783 1375 1821 2,
1402 1783 1432 1812 6.
1464 1783 1518 1818 qui
1543 1785 1630 1812 hunc
1658 1784 1768 1810 locum

971 1832 1011 1858 ob
1052 1837 1168 1858 vocem
1212 1827 1356 1858 rutilum
1391 1830 1536 1858 laudant.
1591 1828 1769 1857 Rutilantia

970 1883 1062 1905 arma
1095 1881 1171 1904 sunt
1194 1876 1331 1904 Aeneae
1356 1874 1387 1912 8,
1410 1875 1477 1904 529
1501 1875 1641 1909 eiusque
1663 1875 1770 1902 lorica

971 1921 1158 1956 sanguinea
1178 1929 1209 1950 v.
1235 1920 1312 1949 622.
1351 1922 1405 1950 Sic
1433 1922 1546 1951 Claud.
1573 1921 1701 1955 Gigant.
1724 1919 1769 1948 92

972 1968 1120 1997 Minerva
1146 1968 1350 2005 „ostendens
1382 1968 1481 1996 rutila
1511 1974 1584 1996 cum
1616 1968 1768 2001 Gorgone

971 2012 1122 2049 pectusst²

1016 2058 1094 2088 490.
1121 2067 1250 2088 aureus
1274 2055 1453 2100 fulgebat.
1481 2060 1528 2089 Ct.
1548 2057 1580 2095 9,
1595 2056 1663 2086 270
1683 2054 1770 2086 Tur-

970 2114 1037 2135 nus
1057 2126 1064 2134 .
1082 2126 1089 2134 .
1104 2127 1111 2134 .
1131 2103 1204 2135 ibat
1229 2103 1264 2134 in
1292 2102 1400 2133 armis
1426 2113 1565 2134 aureus.

1018 2160 1094 2190 491.
1122 2159 1276 2190 exsultat
1311 2158 1458 2195 animis,
1491 2161 1532 2190 cf.
1557 2160 1597 2198 2,
1622 2158 1700 2189 386.
1726 2176 1769 2180 -

969 2205 1146 2248 praecipit
1168 2215 1227 2246 spe
1241 2204 1272 2236 Ιι.
1291 2207 1354 2235 iam
1377 2208 1505 2244 gaudet,
1530 2207 1769 2242 quasihostem

971 2254 1091 2290 capiat.
1116 2253 1156 2282 cf.
1174 2255 1212 2282 de
1228 2261 1257 2282 v.
1274 2251 1477 2292 praecipere
1492 2253 1523 2291 6,
1540 2252 1612 2281 105.
1638 2255 1768 2288 „Mente

970 2304 1193 2335 praeoccupat
1238 2299 1344 2327 hostis
1385 2297 1585 2328 adventum“
1617 2301 1649 2326 S.
1697 2300 1770 2326 Non

969 2352 1068 2382 recte,
1096 2347 1154 2374 sed
1181 2346 1246 2374 iam
1271 2349 1401 2379 captum
1427 2353 1499 2373 euni
1525 2345 1632 2374 animo
1651 2345 1769 2372 sensit.

1013 2391 1091 2421 492.
1118 2393 1240 2420 Eadem
1263 2391 1463 2426 comparatio
1490 2392 1651 2426 ap.Hom.
1674 2391 1710 2417 11.
1735 2389 1769 2426 6,

966 2437 1032 2467 506
1066 2447 1115 2472 sq.
1155 2453 1200 2458 —
1231 2438 1356 2466 Ennius
1384 2444 1436 2472 ap.
1474 2440 1573 2466 macr.
1605 2435 1636 2472 6,
1668 2433 1688 2462 3
1723 2433 1770 2465 Et

969 2486 1051 2513 tunc
1089 2482 1178 2513 sicut
1213 2491 1337 2523 equus,
1376 2481 1435 2523 qui
1470 2481 1511 2511 dc
1541 2478 1770 2522 praesepibus

970 2532 1071 2559 actus
1106 2527 1223 2558 vincla
1257 2526 1329 2557 suis
1365 2527 1508 2565 maqm‘s
1546 2525 1674 2557 animis
1709 2525 1771 2556 ab·-

969 2574 1102 2615 rumpit
1126 2578 1157 2604 et
1181 2572 1262 2603 inde
1278 2573 1354 2612 fert
1378 2582 1449 2603 sese
1472 2572 1587 2614 campi
1609 2580 1671 2612 per
1693 2581 1771 2602 cae-

968 2619 1050 2650 rula
1067 2618 1231 2660 laetaque
1251 2622 1357 2657 prata
1384 2617 1473 2649 celso
1490 2622 1639 2658 pectore,
1665 2626 1771 2658 saepe

969 2664 1088 2695 iubam
1115 2667 1260 2706 quassat
1285 2663 1387 2694 simul
1415 2664 1537 2703 altam,
1559 2662 1707 2704 spiritus
1731 2674 1771 2695 ez·

971 2710 1092 2741 anima
1118 2709 1237 2740 calida
1264 2718 1408 2748 spumas
1433 2709 1512 2752 agit
1547 2710 1658 2741 albas.
1706 2713 1771 2740 Fa-

970 2758 1032 2786 cile
1057 2762 1257 2792 quantopere
1282 2762 1418 2792 superet
1443 2758 1582 2787 anium
1607 2756 1770 2794 Virgilius

970 2804 1151 2839 apparebit.

1013 2848 1089 2878 494.
1120 2846 1189 2878 Mv.
1213 2857 1241 2884 p.
1267 2846 1312 2876 45
1334 2849 1559 2885 „perversum
1585 2852 1648 2879 hoc
1674 2858 1769 2885 pror—

968 2903 1094 2930 susque
1126 2895 1292 2923 vitiosum.
1342 2896 1424 2923 Nam
1455 2893 1626 2925 adsuetus
1655 2904 1770 2936 aquae

967 2941 1073 2976 accipi
1087 2945 1176 2970 vetat
1193 2938 1362 2979 perfundi
1385 2940 1577 2979 infinitivus,
1601 2939 1771 2972 adsuetus

967 2995 1082 3027 aquae
1105 2983 1277 3026 perfundi
1300 2987 1380 3017 nihil
1395 2992 1464 3025 est3
1489 2988 1655 3024 iungenda
1670 2987 1771 3024 igitur
