2023 3350
232 125 283 165 56

232 238 407 279 Centum
443 238 570 289 aliae,
608 236 870 289 totidemque
901 250 1025 289 pares
1061 241 1202 280 aetate
1238 240 1433 291 ministri,

794 126 829 156 P.
859 124 1051 157 vtRGlLll
1075 125 1284 160 MAROMS

232 296 310 345 Qui
346 295 526 348 dapibus
567 307 732 335 mensas
774 297 951 334 onerent
998 297 1039 335 ct
1074 295 1231 347 pocula
1269 301 1441 350 ponant.

233 353 317 393 Nec
354 366 435 393 non
474 357 516 393 et
550 351 662 404 Tyrii
697 364 773 403 per
806 349 954 392 limina
988 351 1103 393 laeta
1146 351 1388 406 frequentes

233 410 493 457 Convenere,
531 409 634 449 toris
669 407 772 448 iussi
805 406 1070 449 discumbere
1103 409 1241 462 pictis.

231 466 442 506 Mirantur
475 465 586 506 dona
623 466 805 515 Aeneae,
843 464 1053 506 mirantur
1085 465 1235 518 Iulum,

230 523 567 575 1⁴'lagrantesque
604 521 671 562 dei
709 521 862 572 voltus,
905 521 1188 576 simulataque
1225 525 1366 576 verba,

1771 529 1851 568 710

232 580 491 632 I‘allamque,
531 582 573 620 et
602 578 764 631 pictum
798 592 945 620 croceo
976 579 1163 621 velamen
1198 583 1382 623 acantho

231 637 460 689 Praecipue
490 635 652 687 infelix,
697 636 807 689 pesti
845 635 1000 677 devota
1036 636 1218 688 futurae,

230 694 403 746 Expleri
434 697 616 734 mentem
645 693 794 746 nequit
833 693 1102 747 ardescitque
1140 694 1298 736 tuendo

230 750 458 791 Phoenissa
507 754 549 791 et
585 751 748 804 pariter
782 765 914 805 puero
949 751 1156 804 donisque
1193 755 1397 794 movetur.

227 807 304 848 Ille
334 807 405 848 uhi
439 807 664 861 complexu
696 809 863 849 Aeneae
893 809 1085 861 colloque
1123 809 1337 863 pependit,

1769 813 1850 852 715

228 865 282 904 Et
317 878 516 917 magnum
550 864 648 907 falsi
679 865 871 919 implevit
907 866 1112 919 genitoris
1148 880 1348 917 amorem,

227 922 431 973 Reginam
470 923 590 976 petit.

648 922 766 965 Haec
806 922 960 974 oculis,
1004 922 1111 965 haec
1144 927 1317 977 pectore
1356 926 1448 965 toto

227 978 385 1021 Haeret
422 983 464 1021 et
502 979 717 1021 interdum
751 981 910 1034 gremio
945 980 1060 1022 fovet
1097 981 1232 1023 inscia
1267 980 1389 1031 Dido,

228 1036 390 1078 Insidat
420 1041 603 1090 quantus
633 1038 814 1080 miserae
855 1037 969 1079 deus.

227 1211 365 1248 interest,
383 1213 465 1246 quod
489 1213 655 1243 cellarium
676 1218 726 1242 est
749 1221 921 1249 paucorum
946 1214 1012 1242 die-

226 1265 304 1291 rum,
333 1259 413 1286 unde
435 1262 464 1287 et
486 1259 519 1287 in
545 1261 660 1288 cellam
684 1260 799 1289 dicitur
822 1260 1013 1295 imperatum

226 1302 430 1334 frumentum:
474 1312 574 1339 penus
604 1314 680 1334 vero
711 1306 861 1341 temporis
894 1303 1013 1339 longi.“

225 1350 255 1376 S.
306 1350 380 1377 lude
405 1349 500 1378 etiam
526 1351 690 1380 Klaussen
721 1352 753 1379 in
784 1352 863 1380 libro
894 1359 952 1379 suo
977 1352 1014 1379 de

227 1394 398 1423 Penatibus
432 1395 584 1431 inscripto
617 1398 754 1426 Penates
785 1397 885 1426 dictos
915 1400 1013 1432 putat,

225 1441 305 1473 quod
354 1445 534 1475 perpetuam
582 1444 824 1471 conservandae
872 1442 1015 1471 familiae

224 1492 333 1513 curam
367 1490 472 1519 agunt.
528 1489 633 1523 .,Sane
663 1488 798 1517 dicimus
836 1491 865 1516 01-
895 1485 948 1516 hic
986 1492 1015 1516 et

226 1526 309 1558 hacc
331 1535 359 1558 et
385 1528 446 1559 hoc
468 1540 594 1570 penne,
630 1535 687 1562 sed
712 1541 732 1562 a
757 1533 935 1562 masculino
959 1542 1014 1569 ge-

226 1584 299 1603 nere
323 1580 351 1604 et
377 1576 527 1607 feminino
557 1583 670 1614 quarta
698 1583 746 1608 est
771 1579 956 1613 declinatio,
993 1586 1014 1607 a

224 1626 333 1649 neutro
367 1622 490 1650 tertia*
532 1626 563 1652 S.
608 1640 645 1643 —
685 1621 844 1663 flammis
875 1621 1015 1653 adolere

231 1663 394 1695 Penates.-
443 1666 616 1703 „Adolere
655 1670 674 1698 i.
711 1678 737 1698 e.
781 1672 893 1699 colere.
953 1670 1013 1698 Sed

227 1712 349 1746 proprie
384 1717 429 1741 est
462 1722 593 1748 augere;
633 1715 664 1743 in
697 1716 802 1744 sacris
827 1719 932 1744 autem
958 1723 1014 1749 per

226 1759 338 1785 bonnm
373 1766 463 1786 omen
493 1758 628 1788 dicitur“
657 1762 687 1788 S.
736 1763 771 1789 Et
797 1761 912 1789 dicitur
936 1762 1013 1789 3110-

225 1804 289 1830 lere
315 1811 397 1838 rem,
429 1812 510 1838 quae
536 1810 691 1834 crematur
715 1806 753 1835 cf.
781 1804 811 1843 3,
834 1802 916 1839 547,
942 1813 1013 1834 eam

224 1856 306 1883 reni,
336 1849 367 1876 in
394 1856 456 1883 qua
482 1850 607 1878 flamma
631 1855 695 1886 est;
731 1856 764 1880 ut
787 1854 816 1879 h.
842 1853 861 1879 l.
892 1851 919 1879 si
953 1848 1012 1879 Pe-

225 1895 322 1921 nates
344 1895 459 1923 dictum
480 1896 582 1924 sumis
606 1904 660 1930 pro
689 1895 786 1932 focos
814 1896 854 1926 01.
879 1894 953 1924 527.
985 1901 1013 1924 et

224 1936 254 1968 7.
281 1936 333 1966 71.
386 1941 476 1969 Lucr.
511 1938 540 1974 4,
568 1938 662 1969 1231.
709 1939 850 1971 adolent
883 1939 1013 1970 altaria

226 1981 334 2012 domic.
374 1986 447 2014 Tac.
475 1987 514 2014 A.
546 1983 593 2018 1⁴,
620 1985 671 2015 30.
716 1988 753 2015 Η.
777 1985 806 2016 2.
833 1986 851 2015 3
882 1992 909 2015 ei
944 1988 1015 2016 inde

225 2032 258 2057 G.
287 2027 315 2064 4,
344 2027 406 2057 379
434 2028 635 2060 adolescunt
661 2029 802 2071 ignibus
824 2040 917 2060 arne.
966 2034 1015 2061 Ita

223 2075 317 2103 etiam
350 2073 528 2105 incendere
561 2085 643 2106 aras
677 2076 712 2113 3,
745 2075 826 2113 2793
875 2075 1014 2106 incensa

223 2118 353 2148 altaria
375 2119 405 2155 8,
432 2119 506 2150 255.
555 2123 601 2151 Cf.
630 2120 686 2151 die
712 2119 843 2161 Lampe
869 2121 1013 2151 1171111011-

222 2174 300 2193 neu.
349 2167 441 2195 Hunc
465 2169 567 2196 locum
594 2168 736 2196 imitatus
763 2173 811 2197 est
835 2169 935 2197 Silius
965 2165 1012 2205 11,

223 2209 287 2238 275
335 2209 407 2240 Non
445 2221 514 2240 una
551 2210 703 2242 ministri
740 2211 843 2242 turba
877 2211 1012 2254 gregiS,

219 2254 376 2295 posuisse
417 2255 524 2296 dapes
564 2255 617 2287 his
657 2255 782 2287 addita
815 2267 920 2295 cura,
959 2256 1013 2288 his

222 2299 361 2330 adolere
383 2301 495 2339 Ῐοσοε,
534 2300 586 2331 his
612 2301 732 2333 ordine
755 2302 881 2343 pocula
903 2303 1012 2341 ferre,

221 2355 280 2375 nec
320 2356 388 2376 non
431 2350 462 2377 et
502 2346 601 2378 cerlis
635 2347 781 2378 struitur
814 2357 932 2388 penus.
969 2366 1012 2369 —

225 2392 366 2421 Struere
398 2394 582 2431 .,ordinare,
620 2403 813 2429 componere.
865 2395 951 2423 Unde
983 2400 1013 2424 et

221 2442 391 2467 structores
425 2440 572 2468 dicuntur
601 2440 793 2469 ferculorum
822 2441 1011 2475 composito-

222 2482 303 2511 res-‚³
328 2486 359 2512 S.
408 2486 538 2513 struere
563 2482 723 2514 convivia
753 2486 787 2513 Τ.
812 2486 853 2514 Α.
884 2483 935 2521 15,
958 2483 1010 2514 37.

267 2525 341 2556 705.
368 2531 457 2565 „Non
478 2539 646 2566 numerus,
671 2531 725 2559 sed
750 2531 866 2559 aetatis
890 2537 1011 2565 aequa-

221 2573 297 2601 litas
321 2576 413 2603 nabet
435 2573 697 2605 adniirati01ien1“
723 2578 754 2604 S.
803 2578 939 2605 Secutus
963 2580 1013 2605 est

226 2619 295 2645 val.
322 2620 366 2647 Fl.
399 2617 429 2655 2,
456 2619 520 2648 653
559 2624 760 2660 centumque
798 2629 902 2660 pares
938 2619 1011 2660 pri-

221 2671 344 2691 maeva
364 2662 517 2693 ministri
542 2675 698 2706 corpora.

267 2705 341 2736 706.
369 2714 506 2739 onerent
535 2727 570 2731 —
599 2713 733 2751 ponant
764 2713 832 2740 MP.
881 2713 935 2740 Est
969 2712 1010 2740 iis

221 2760 315 2786 rura,
352 2758 383 2781 ut
483 2760 511 2784 et
537 2762 662 2791 praesto
693 2761 781 2791 sunt,
821 2760 853 2785 ut
884 2759 1010 2791 quando

222 2803 345 2832 tempus
368 2803 425 2833 est,
449 2807 580 2837 ponant3
608 2804 743 2831 nondum
769 2803 852 2832 enim
882 2807 1009 2837 ponunt.

227 2859 260 2861 —
290 2846 433 2873 onerant
456 2860 497 2864 —
521 2850 652 2885 ponunt
677 2849 741 2876 Ro.

268 2886 341 2916 707.
368 2897 428 2917 nec
451 2898 518 2918 non
545 2894 576 2920 et
602 2893 638 2920 ef.
664 2893 695 2927 5,
724 2891 795 2921 100.
832 2907 874 2912 -
916 2890 1010 2922 laeta

223 2931 346 2961 limina
371 2934 408 2961 cf.
439 2932 512 2962 355.

270 2976 344 3006 7118.
372 2979 590 3013 Ais-signamur
611 2982 651 3009 iis
675 2984 745 3017 tori,
769 2984 883 3018 quibus
908 2983 1010 3018 pictae

223 3025 357 3052 iniectae
381 3029 455 3053 sunt
480 3028 651 3061 stragulae.

1027 1038 1084 1079 At
1119 1052 1283 1080 memor
1315 1038 1388 1079 ille

226 1093 376 1136 Matris
415 1095 633 1136 Acidaliae
663 1095 871 1149 paulatim
912 1095 1085 1137 abolere
1124 1096 1360 1150 Sychaeum

1769 1097 1852 1136 720

1104 1211 1179 1242 710.
1198 1211 1403 1254 flagrantes
1430 1210 1543 1241 voltus
1575 1215 1742 1248 „ardentes
1767 1214 1853 1244 divi-

1058 1258 1178 1288 nitate“
1201 1261 1232 1287 S.
1261 1259 1299 1289 cf.
1319 1259 1350 1296 5,
1367 1256 1440 1287 648.
1479 1259 1599 1288 Melius
1622 1263 1725 1288 tamen
1745 1262 1851 1290 Niirn-

1058 1307 1169 1341 berger
1200 1309 1323 1333 vertere
1354 1305 1495 1334 videtur:
1542 1301 1634 1333 Doch
1665 1302 1756 1334 Alles
1780 1305 1853 1344 fes-

1060 1348 1123 1380 selt
1151 1347 1211 1379 der
1239 1347 1474 1389 leichtfertige
1505 1348 1618 1378 Ascau
1649 1347 1763 1379 Durclz
1786 1350 1851 1381 sei-

1060 1403 1120 1424 ner
1161 1392 1398 1424 schelm'scheu
1432 1392 1552 1423 micke
1588 1392 1714 1424 Μαι-111.
1763 1398 1854 1427 Certe

1061 1444 1148 1469 notat
1176 1441 1285 1470 Cicero
1311 1449 1356 1476 pr.
1382 1441 1470 1470 Cael.
1493 1438 1546 1476 20,
1575 1437 1616 1468 49
1651 1441 1852 1478 flagrantiam

1060 1488 1223 1516 oculorum
1249 1487 1281 1515 in
1310 1487 1370 1523 iis,
1407 1494 1490 1521 quae
1519 1487 1559 1514 ad
1591 1493 1732 1516 amorem
1757 1489 1850 1523 pelli-

1060 1540 1130 1561 cere
1179 1533 1318 1568 cupiunt.
1376 1547 1413 1551 —
1468 1529 1701 1571 simulataque
1747 1531 1853 1563 verba

1060 1579 1262 1615 „composita
1286 1578 1317 1606 in
1345 1578 1482 1607 Ascanii
1507 1576 1770 1608 51111111111111110111ιι
1795 1581 1828 1609 S.

1106 1619 1181 1651 711.
1211 1621 1277 1652 Rb.
1309 1620 1389 1651 Wd.
1422 1631 1553 1652 versum
1585 1625 1690 1652 delent.
1721 1629 1756 1654 ut
1786 1629 1853 1661 „te-

1059 1668 1200 1704 mere('.)
1226 1666 1392 1697 3851110111ιι
1416 1677 1457 1697 ex
1482 1677 1514 1697 v.
1535 1666 1599 1696 649
1616 1676 1662 1704 sq.
1704 1671 1854 1700 Retinent

1067 1711 1150 1753 Wg.
1180 1711 1243 1744 LA.
1265 1718 1294 1742 et
1318 1722 1350 1742 v.
1370 1711 1436 1741 710
1461 1715 1500 1742 311
1524 1715 1639 1751 Iulum,
1664 1718 1706 1744 v.'
1723 1713 1782 1744 711
1811 1718 1851 1746 ad

1059 1760 1141 1787 dona
1172 1759 1328 1793 pertinere
1356 1767 1453 1794 quum
1482 1759 1631 1796 videant,
1663 1763 1693 1789 h.
1722 1770 1755 1790 v.
1782 1769 1850 1791 ser-

1059 1808 1134 1833 vato
1155 1805 1343 1834 concinnam
1372 1805 1436 1833 fieri
1461 1806 1635 1834 orationem
1659 1809 1834 1837 autumant.

1108 1847 1183 1878 712.
1214 1847 1274 1878 Rb.
1304 1851 1383 1878 delet
1407 1858 1525 1879 versus
1552 1848 1739 1889 712—14,
1771 1861 1851 1888 quos

1060 1895 1198 1924 defendit
1224 1896 1378 1925 acerrime
1401 1900 1429 1924 et
1452 1896 1567 1930 optime
1591 1893 1672 1925 Wd.
1695 1894 1756 1926 Rb.
1778 1901 1851 1928 vult

1060 1949 1123 1969 non
1140 1941 1262 1970 moveri
1281 1942 1434 1970 Didonem
1455 1942 1546 1970 donis
1570 1942 1625 1970 sed
1650 1943 1719 1971 solo
1741 1951 1847 1978 puero.

1063 1987 1127 2015 Cur
1160 1987 1256 2021 igitur
1280 1987 1411 2016 Aeneas
1443 1988 1527 2015 dona
1560 1987 1721 2016 dedisset?
1759 1990 1851 2018 Dona

1059 2036 1165 2060 31110111
1191 2040 1246 2066 per
1271 2039 1306 2060 se
1331 2033 1476 2069 egregia,
1499 2032 1642 2069 insignia
1670 2042 1711 2062 ex
1735 2035 1850 2069 priori-

1060 2079 1119 2106 bus
1145 2078 1402 2115 possessoribus,
1431 2078 1545 2106 Didoni
1569 2079 1651 2113 quod
1672 2081 1712 2107 ab
1734 2080 1850 2109 Aenea

1059 2126 1089 2152 et
1125 2131 1180 2157 per
1218 2123 1368 2152 Amorem
1407 2123 1560 2152 facilitate
1605 2127 1636 2152 et
1670 2125 1850 2155 urbanitate

1059 2168 1235 2203 capientem
1273 2168 1460 2206 offeruntur,
1501 2169 1726 2203 acceptissima
1764 2176 1847 2200 sunt.

1059 2215 1128 2242 Iam
1160 2214 1250 2243 donis
1282 2218 1446 2248 acceptum
1482 2214 1633 2242 Amorem
1663 2223 1748 2244 nunc
1778 2219 1847 2245 tan-

1059 2261 1128 2288 dem
1157 2260 1244 2288 decet
1281 2264 1392 2295 sponte
1428 2260 1577 2288 accedere
1610 2260 1650 2287 ad
1682 2261 1847 2299 Didonem,

1058 2312 1192 2339 eamque
1226 2312 1297 2333 eum
1329 2305 1402 2333 sinu
1433 2305 1580 2339 recipere.
1630 2305 1710 2334 Dido
1742 2311 1848 2336 autem

1059 2358 1155 2384 quum
1181 2351 1297 2378 devota
1321 2351 1360 2378 sit
1388 2350 1484 2386 pesti,
1520 2350 1633 2379 infelix
1662 2352 1767 2388 magis
1800 2357 1849 2382 est

1058 2402 1153 2430 quam
1179 2396 1346 2433 scelerata,
1372 2396 1489 2430 pudore
1511 2395 1643 2424 abiecto.

1104 2438 1179 2468 713.
1206 2437 1337 2479 expleri
1359 2443 1501 2469 mentem
1528 2441 1566 2470 cf.
1593 2438 1622 2477 2,
1646 2438 1722 2470 273.

1104 2482 1179 2513 716.
1206 2486 1307 2519 Quum
1330 2494 1371 2514 ex
1396 2486 1478 2514 falso
1501 2487 1641 2520 genitore
1661 2487 1763 2516 Amor
1788 2498 1846 2519 ve-

1058 2539 1129 2559 rum
1153 2531 1274 2559 osculis
1296 2531 1459 2560 hausisset
1481 2532 1538 2560 filii
1560 2539 1708 2570 amorem,
1733 2540 1845 2564 accur-

1055 2576 1095 2604 rit
1120 2577 1160 2604 ad
1184 2576 1338 2605 Didonem
1365 2582 1395 2605 et
1416 2579 1544 2614 oscula,
1581 2585 1664 2611 quae
1687 2580 1781 2613 quasi
1812 2580 1846 2609 in

1056 2630 1111 2650 ore
1139 2622 1244 2650 adhuc
1271 2626 1343 2650 sunt
1373 2622 1419 2659 ei,
1454 2622 1536 2659 figit;
1573 2622 1619 2651 ita
1647 2626 1680 2651 ut
1713 2624 1846 2655 Aeneas

1055 2667 1149 2701 qnasi
1176 2667 1329 2696 Didonem
1362 2668 1504 2696 osculari
1537 2668 1608 2703 ipse
1637 2668 1785 2699 videatur
1817 2674 1848 2700 et

1056 2719 1174 2741 amare.

1101 2755 1176 2785 719.
1204 2755 1407 2794 .,1nsideat,
1432 2758 1465 2786 in
1490 2758 1562 2787 sinu
1589 2758 1706 2795 sideat,
1732 2759 1846 2793 legitur

1054 2807 1083 2830 et
1108 2799 1277 2831 insidatf‘
1303 2804 1333 2831 S.
1382 2800 1534 2832 insideat
1555 2804 1592 2832 R.
1616 2805 1677 2838 al.;
1713 2800 1847 2835 insidat

1058 2849 1126 2875 ΜΡ.
1151 2863 1187 2867 ——
1221 2845 1380 2885 Quantus
1404 2846 1488 2878 deus
1512 2849 1565 2884 sit,
1591 2848 1629 2877 cf.
1655 2846 1730 2877 664.

1103 2891 1178 2920 720.
1206 2894 1379 2929 „Acidalia
1390 2895 1501 2923 Venus
1522 2893 1637 2922 dicitur
1653 2915 1660 2921 .
1674 2916 1699 2923 ..
1726 2902 1746 2923 a
1763 2895 1845 2925 fonte

1057 2938 1225 2973 Acidalio,
1252 2939 1306 2973 qui
1330 2942 1377 2967 est
1400 2939 1432 2967 in
1454 2940 1668 2975 Orchomeno,
1697 2940 1845 2970 Boeotiae

1057 2983 1205 3020 civitate,
1232 2984 1262 3011 in
1288 2992 1348 3018 quo
1373 2993 1408 3013 se
1433 2984 1560 3012 Gratiae
1585 2985 1737 3023 abluunt,
1763 2993 1845 3021 quas

1058 3029 1175 3057 Veneri
1199 3033 1322 3058 constat
1341 3038 1413 3058 esse
1436 3027 1603 3059 1130131115ιι
1630 3031 1660 3059 S.
1688 3046 1724 3050 —
1755 3028 1843 3061 Abo-
