2023 3350
688 107 926 142 AENEIDOS
958 110 1045 143 LIB.
1076 111 1136 143 VI.

1661 116 1684 154 ἐκ)

1689 116 1743 155 Ξ

96 224 271 277 Iamque
307 220 457 262 eadem
492 221 663 275 digitis,
697 222 785 263 iam
820 222 991 276 pectine
1025 223 1171 277 pulsat
1207 224 1381 268 eburno.

96 281 177 322 Hic
215 293 345 333 genus
383 280 610 333 antiquum
644 280 813 331 Teucri,
852 280 1142 334 pulcherrima
1174 283 1330 336 proles,

100 337 362 392 Magnanimi
400 336 573 389 heroes,
614 338 707 379 nati
745 338 996 380 melioribus
1038 340 1173 391 annis,

94 396 284 449 Ilusque,
322 395 672 448 Assaracusque,
713 399 755 437 et
786 396 939 437 Troiae
975 397 1205 438 Dardanus
1244 402 1409 440 auctor.

1661 401 1746 439 650

95 455 227 494 Arma
263 452 414 506 procul
455 467 696 506 currusque
731 453 870 495 virum
912 454 1096 496 miratur
1136 455 1299 497 inanes.

96 511 221 552 Stant
259 514 378 552 terra
415 509 580 551 defixae
621 511 794 558 hastae,
839 512 1087 566 passimque
1124 513 1258 554 soluti

94 569 176 610 Per
215 581 389 622 campos
427 572 666 621 pascuntur
702 569 814 622 equi.

883 570 1000 620 Quae
1040 570 1183 623 gratia
1225 584 1400 612 currum

92 628 407 680 Armorumque
438 626 522 667 fuit
559 626 684 677 vivis,
716 641 828 680 quae
866 641 970 668 cura
1008 629 1195 670 nitentes

94 684 274 726 Pascere
311 697 468 737 equos,
507 683 657 725 eadem
691 685 888 738 sequitur
921 685 1076 727 tellure
1112 687 1327 740 repostos.
1663 688 1687 726 6

1694 689 1716 727 01

1723 688 1746 726 vt

95 742 328 796 Conspicit,
368 755 485 792 ecce,
522 742 630 783 aiios
672 741 826 783 dextra
870 743 1082 797 laevaque
1120 758 1199 796 per
1236 742 1417 784 herbam

92 799 340 851 Vescentes,
375 799 623 853 laetumque
666 800 796 842 choro
836 800 1008 842 Paeana
1047 805 1248 843 canentes

92 857 212 899 Inter
248 858 477 899 odoratum
510 858 625 899 lauri
661 872 830 909 nemus,
870 858 984 900 unde
1015 872 1199 913 superne

91 915 307 958 Plurimus
342 915 524 958 Eridani
557 930 635 970 per
675 917 826 958 silvam
862 917 1050 959 volvitur
1085 916 1236 959 amnis.

89 1049 123 1073 ut
150 1047 266 1075 musici
298 1049 356 1076 boc
387 1050 486 1076 verbo
514 1052 660 1077 utuntur:
694 1048 767 1077 inde
793 1048 892 1077 etiam

90 1093 130 1119 ad
164 1093 239 1121 fides
271 1095 482 1129 transtulere,
523 1099 554 1122 ut
599 1095 668 1123 Tib.
710 1092 739 1130 3,
780 1092 810 1129 ⁴,
849 1092 888 1121 «Η

86 1141 272 1176 postquam
289 1137 437 1173 fuerant
457 1137 567 1179 dig-iti
585 1148 658 1168 cnm
683 1147 761 1167 rose
775 1137 894 1168 locrrti.

87 1184 277 1218 obloquitur
305 1189 411 1213 autem
439 1188 567 1223 septem
597 1182 805 1214 discrimina
833 1193 891 1213 ro-

88 1237 186 1263 cum,·
228 1231 335 1265 lyram
366 1232 451 1259 enim
487 1234 579 1259 babet
620 1235 743 1265 septem
778 1231 892 1259 fidibus

87 1274 298 1309 instructam,
341 1269 586 1315 ἑπτάχορὸου,·
635 1281 664 1305 et
711 1277 892 1311 obloquitur

87 1321 232 1350 numeris
254 1323 440 1351 canentium
466 1327 496 1350 et
522 1323 722 1351 saltantium.
748 1337 785 1341 —
818 1320 891 1349 lox

86 1367 125 1395 de
149 1375 229 1396 sono
262 1368 382 1402 quovis
416 1368 462 1396 rei
496 1368 662 1397 inanimae
693 1368 825 1402 dicitnr,
851 1366 891 1396 cs.

88 1410 118 1449 3,
144 1412 226 1449 669;
260 1415 360 1442 multo
382 1414 487 1450 inagis
515 1416 552 1443 de
574 1422 654 1443 sono
682 1415 776 1447 lyrae
809 1420 893 1447 quae

90 1462 124 1487 ut
156 1460 249 1487 modo
286 1460 430 1488 vidimus
460 1461 515 1489 vel
546 1457 643 1499 loqui
675 1459 800 1487 dicitur.
855 1460 893 1486 In

86 1504 147 1533 illa
173 1503 212 1533 ob
246 1506 485 1540 praepositione
518 1505 748 1535 accomodandi
783 1504 893 1533 inesse

85 1550 216 1586 signum
224 1559 266 1580 ex
278 1553 374 1580 verbo
385 1549 522 1579 obedire
532 1552 632 1581 alicui
643 1549 893 1588 obtemperare,

85 1593 324 1625 obsecundare
348 1599 391 1626 al.
410 1603 560 1632 apparet.
589 1612 626 1616 —
657 1598 719 1625 Pro
746 1596 890 1625 diversis

86 1643 273 1672 canentium
296 1643 443 1672 numeris
468 1644 620 1672 diversos
646 1643 734 1671 elicit
759 1651 867 1670 sonos.

133 1686 209 1717 647.
242 1686 375 1717 Eadem
399 1690 582 1724 explicatur
597 1698 639 1718 ex
667 1688 790 1723 duplici
807 1687 892 1724 inm,

84 1741 147 1769 quo
171 1735 305 1763 diversa
321 1735 424 1764 eidem
443 1736 490 1764 rei
508 1736 575 1764 fieri
596 1736 774 1769 indicatur,
800 1735 892 1762 modo

84 1781 267 1809 molliorem
290 1790 331 1810 ex
355 1782 485 1811 chordis
510 1783 633 1810 eisdem
654 1781 742 1810 elicit
765 1788 891 1809 sonum.

85 1827 178 1855 modo
203 1826 367 1856 fortiorem
394 1827 524 1863 (piano,
547 1827 657 1862 forte).
685 1842 722 1846 —
750 1825 895 1854 Coniecit

85 1873 304 1901 Marklandus
327 1874 470 1909 Anglus,
497 1874 550 1902 vir
574 1872 693 1901 summi
719 1872 893 1907 acuminis,

86 1914 228 1956 iamque
243 1916 377 1957 fidem3
401 1926 498 1953 quam
517 1919 668 1954 Heynius
687 1918 760 1946 dicit
784 1925 894 1945 emen-

86 1963 249 1992 dationem
282 1965 580 1999 elegantissimam,
613 1971 732 1999 „quam
761 1968 791 1992 et
823 1963 895 1998 ipse

87 2016 107 2037 a
133 2014 227 2043 poeta
263 2010 437 2044 profectam
462 2019 536 2039 esse
570 2008 716 2039 malim.'*'·
775 2010 837 2037 Sed
861 2012 895 2037 ut

86 2055 248 2092 vidimus,
275 2064 340 2084 non
361 2064 442 2091 opus
468 2060 515 2085 est
543 2057 740 2085 coniectura.

134 2100 211 2130 640.
240 2110 353 2139 genus
389 2101 584 2141 antiquum.
650 2103 728 2130 Sunt
765 2101 817 2129 illi
854 2106 896 2129 ex

86 2147 157 2176 illis
195 2147 342 2182 antiquis
380 2149 598 2182 temporibus,
635 2148 753 2182 quibus
788 2146 896 2183 magis

86 2193 235 2223 homines
259 2200 399 2228 aequum
427 2199 612 2229 rectumque
637 2195 793 2222 colebant.
839 2194 895 2220 Est

86 2239 173 2268 enim
202 2242 242 2268 ab
270 2241 515 2275 antiquissimis
545 2240 744 2274 temporibus
777 2239 896 2267 tradita

86 2289 116 2314 et
142 2293 197 2320 per
228 2293 321 2315 omne
350 2290 476 2321 tempus
502 2287 643 2322 vulgata
671 2285 798 2321 opinio,
831 2291 896 2318 qua

85 2331 234 2360 homines
253 2339 319 2366 eos,
344 2333 400 2366 qui
425 2333 550 2367 priores
570 2332 734 2365 vixerunt,
758 2331 895 2359 multum

86 2377 296 2412 praestitisse
318 2382 430 2412 putant
450 2378 587 2413 iustitia,
615 2378 790 2412 aequitate,
819 2376 896 2404 reli-

86 2423 191 2459 gione.
242 2423 295 2452 Sic
317 2423 369 2451 illi
394 2424 528 2453 Troiani
553 2425 623 2453 nati
648 2428 725 2452 sunt
750 2422 895 2451 meliori-

86 2471 149 2497 bus
181 2469 296 2503 annis,
328 2470 446 2503 quibus
480 2478 580 2505 quum
605 2477 718 2498 omnes
746 2469 897 2497 homines

85 2514 132 2549 pii
154 2518 264 2542 essent
289 2515 323 2542 in
345 2516 432 2551 deos,
458 2516 558 2545 facile
584 2518 728 2550 poterant
757 2516 797 2543 ad
820 2521 894 2543 eam

85 2560 259 2595 pervenire
291 2561 492 2595 castitatem,
525 2566 559 2590 ut
583 2562 699 2596 Elysio
726 2560 816 2596 digni
837 2563 897 2588 ha-

86 2608 247 2635 berentur.
297 2606 346 2634 Cf.
380 2607 445 2636 Cic.
472 2607 527 2635 Off.
554 2604 592 2640 2,
623 2605 685 2641 22,
718 2604 760 2633 76
801 2602 898 2634 Laus

87 2648 325 2681 abstinentiae
350 2661 419 2681 non
442 2649 594 2680 hominis
618 2654 667 2681 est
685 2650 811 2689 solum,
837 2648 899 2680 sed

86 2695 193 2727 etiam
223 2700 415 2735 temporum
445 2696 598 2726 illorumv

134 2741 211 2772 (549.
239 2743 286 2772 Cf.
321 2743 390 2772 Cat.
418 2741 481 2779 61,
514 2741 555 2771 22
595 2740 622 2771 0
647 2738 753 2770 nimis
778 2742 898 2780 optato

87 2787 282 2818 saeclorum
313 2792 465 2830 tempore
490 2787 569 2818 nati
593 2785 726 2824 heroes,
752 2785 898 2825 salvete,

88 2832 190 2863 deum
218 2843 344 2874 genus.

132 2880 210 2909 650.
239 2880 286 2910 ef.
316 2882 409 2909 Hom.
436 2881 473 2908 ΙΙ.
504 2878 567 2915 20,
598 2876 810 2915 216—240,
842 2877 898 2912 qui

86 2930 219 2955 enarrat
245 2931 345 2955 totam
377 2926 522 2955 Dardani
552 2925 700 2959 stirpem.
756 2925 826 2958 Quo
853 2931 897 2952 ex

85 2973 162 3000 loco
187 2972 286 3002 etiam
304 2972 488 3010 intelliges,
514 2979 573 3001 cur
597 2972 660 3000 hos
686 2969 896 3006 potissimum

86 3017 321 3048 nominaverit.

987 1048 1064 1078 651.
1096 1045 1252 1077 Miratur
1278 1046 1363 1080 quod
1392 1045 1490 1073 etiam
1515 1044 1630 1074 inferis
1656 1053 1747 1074 arma

941 1100 1014 1123 sunt
1042 1099 1071 1123 et
1100 1101 1229 1122 currus.
1253 1107 1297 1111 —
1317 1099 1441 1119 currus·
1466 1088 1601 1120 inanes.
1650 1093 1749 1126 Apud

939 1140 1063 1168 inferos
1091 1148 1156 1167 non
1185 1138 1336 1167 homines
1361 1141 1454 1171 sunt,
1481 1137 1541 1164 sed
1568 1137 1749 1165 simulacra

941 1187 1035 1214 modo
1050 1186 1233 1219 hominunm
1249 1191 1312 1211 non
1328 1184 1438 1211 insunt
1454 1182 1580 1210 inOreo
1597 1190 1748 1216 corpora.

940 1232 1029 1259 ldem
1055 1235 1186 1259 constat
1211 1237 1255 1257 ex
1282 1236 1313 1256 v.
1341 1227 1418 1256 292.
1446 1228 1528 1263 700,
1553 1233 1584 1256 et
1613 1230 1749 1256 umbrae

940 1278 1091 1305 dicuntur
1118 1284 1170 1310 ap.
1199 1276 1258 1303 Ov.
1284 1276 1318 1302 F.
1340 1272 1372 1309 2,
1390 1271 1457 1302 554
1479 1271 1610 1313 vulgus
1629 1271 1750 1309 inane,

940 1328 968 1350 et
1004 1323 1113 1355 imago
1146 1321 1256 1350 'titanis
1291 1321 1405 1348 umbra
1435 1323 1486 1347 est
1520 1321 1553 1347 F.
1587 1319 1625 1353 Ξ),
1664 1318 1750 1354 463;

938 1368 1013 1396 iude
1040 1373 1115 1396 sunt
1140 1375 1254 1406 regna
1278 1362 1403 1394 inania
1432 1361 1526 1393 Ditis
1549 1367 1589 1393 M.
1616 1363 1647 1398 4,
1672 1364 1751 1402 509,

941 1422 1065 1448 resque
1092 1420 1174 1447 quas
1204 1414 1342 1446 habent,
1373 1411 1489 1439 eadem
1517 1416 1591 1438 sunt
1621 1415 1750 1439 natura.

941 1462 1095 1488 Attamen
1122 1461 1184 1487 boc
1206 1461 1281 1487 loco
1306 1458 1425 1486 inanes
1442 1456 1612 1490 explicare
1632 1464 1750 1485 currus

942 1514 1021 1541 eos,
1066 1506 1184 1539 quibus
1222 1512 1288 1533 non
1326 1503 1426 1531 insint
1460 1504 1600 1536 heroes,
1641 1503 1752 1530 malim

943 1557 1136 1588 propterea,
1175 1551 1261 1585 quod
1301 1557 1366 1577 non
1405 1548 1520 1583 video,
1562 1556 1621 1576 cur
1660 1549 1751 1576 illam

939 1598 1131 1626 inanitatem
1169 1597 1322 1624 Orcinam
1355 1595 1387 1622 in
1420 1595 1571 1622 curribus
1607 1595 1751 1622 maxime

940 1644 1102 1671 notaverit
1127 1649 1235 1678 poeta,
1261 1648 1345 1675 quae
1365 1640 1450 1668 inest
1469 1642 1570 1668 rebus
1588 1640 1751 1668 omnibus.

940 1692 987 1717 Eo
1015 1695 1124 1717 autem
1151 1694 1316 1726 tempore,
1347 1694 1410 1720 quo
1444 1686 1575 1714 advenit
1603 1687 1752 1722 Aeneas,

940 1737 1082 1764 choreas
1111 1739 1229 1769 agunt,
1257 1734 1367 1766 itaque
1395 1739 1461 1760 non
1485 1734 1649 1760 vehuntur
1677 1740 1752 1761 cur-

941 1781 1049 1812 ribus.
1076 1788 1161 1814 quos
1187 1779 1401 1813 reliquerunt.

987 1825 1064 1854 653.
1098 1833 1258 1864 campum
1291 1826 1360 1852 ΕΜ.
1394 1838 1439 1842 —
1477 1830 1618 1861 campos
1648 1824 1684 1851 P.
1720 1826 1753 1851 ut

942 1869 1023 1902 Hn..
1062 1872 1094 1899 in
1128 1872 1178 1906 ltu,
1216 1875 1246 1898 ut
1292 1866 1355 1897 w).
1395 1872 1543 1897 testatur.
1611 1876 1752 1896 currum

940 1916 1200 1956 Flmt’assylbc
1228 1922 1390 1944 curruum
1411 1912 1556 1953 mpty?
1572 1914 1753 1948 Utrumque

942 1964 1059 1992 eodem
1085 1963 1187 1999 redit,
1224 1962 1298 1990 sive
1324 1960 1493 1989 contrahis
1524 1960 1643 1988 litteris
1677 1960 1752 1989 sive

943 2017 1040 2038 voce.

989 2053 1066 2083 654.
1092 2050 1262 2089 nitentes,
1288 2060 1355 2081 non
1382 2051 1520 2087 niveos,
1549 2052 1608 2079 sed
1637 2052 1752 2086 splen-

945 2101 1078 2136 dentes,
1103 2101 1222 2133 quales
1248 2106 1327 2127 esse
1353 2100 1461 2127 solent
1485 2097 1559 2131 equi
1587 2099 1669 2126 bene
1695 2104 1752 2125 cu-

943 2146 1022 2182 rati,
1065 2145 1105 2173 cf.
1142 2145 1178 2177 3,
1211 2143 1266 2172 20.
1298 2145 1344 2172 Pl.
1383 2146 1442 2178 Ep.
1476 2143 1513 2178 2,
1557 2142 1596 2171 17
1636 2140 1753 2172 Multa

943 2189 991 2220 ibi
1017 2198 1182 2230 equorum
1201 2187 1372 2228 boumque
1393 2190 1568 2224 armenta,
1593 2196 1683 2227 quae
1698 2209 1705 2216 .
1722 2210 1729 2217 .
1745 2210 1752 2216 .

943 2234 1056 2266 berbi<
1075 2239 1106 2265 ct
1126 2238 1244 2274 tepore
1266 2243 1368 2263 mino
1388 2232 1576 2264 nitescant.
1601 2249 1645 2252 —
1667 2241 1752 2262 cura

943 2291 970 2312 c.
1001 2282 1056 2311 inf.
1084 2281 1123 2319 5,
1149 2280 1228 2309 638.

990 2328 1068 2357 655.
1097 2328 1253 2365 repostos
1280 2325 1322 2353 cf.
1352 2332 1382 2353 v.
1409 2323 1465 2353 59.

991 2373 1068 2403 656.
1095 2373 1155 2402 His
1182 2371 1294 2400 verbis
1321 2370 1476 2399 describit
1508 2369 1575 2398 otia
1600 2373 1754 2398 castren-

944 2421 1005 2450 sia.
1064 2421 1178 2448 Paean
1219 2422 1314 2452 parta
1353 2416 1482 2444 canitur
1520 2415 1678 2450 victoria,
1723 2419 1752 2444 et

944 2469 1062 2495 laurus
1091 2469 1140 2493 est
1170 2464 1299 2498 signum
1328 2461 1499 2490 victoriae.

993 2511 1070 2540 657.
1104 2507 1202 2538 l‘esci
1229 2509 1346 2537 dicitur
1371 2508 1409 2545 Β,
1438 2506 1503 2535 182
1527 2506 1558 2535 in
1584 2513 1619 2534 re
1643 2513 1753 2540 sacra,

944 2563 973 2587 et
1003 2557 1120 2586 dicitur
1146 2555 1178 2583 in
1206 2555 1325 2589 epulis.

992 2603 1069 2632 659.
1096 2598 1272 2641 plurimus
1295 2595 1423 2635 amnis,
1448 2596 1626 2625 maximus.
1666 2597 1754 2626 Con-

944 2649 1090 2678 funditur
1113 2646 1196 2675 enim
1224 2644 1349 2675 numeri
1374 2647 1405 2672 et
1431 2642 1666 2678 magnitudinis
1694 2651 1755 2672 no-

944 2696 998 2724 tio.
1050 2694 1104 2723 Sic
1130 2693 1246 2721 dicitur
1269 2687 1446 2730 plurimus
1481 2696 1578 2717 mons
1615 2688 1646 2724 l,
1674 2686 1754 2722 419,

943 2737 1100 2780 plurima
1129 2736 1232 2767 turba
1263 2736 1300 2772 6,
1331 2734 1416 2771 667,
1446 2731 1607 2774 plurima
1639 2731 1755 2763 cervix⁸

946 2789 982 2816 G.
1007 2785 1043 2822 3,
1072 2784 1134 2820 52,
1165 2779 1324 2822 Iuppiter
1348 2778 1443 2809 laeto
1468 2776 1652 2810 descendet
1673 2777 1756 2820 plu-

942 2830 1054 2861 rimus
1082 2826 1186 2859 imbri
1212 2830 1248 2856 Ε.
1281 2827 1318 2864 7,
1354 2824 1409 2855 60.
1468 2825 1523 2854 Sic
1559 2822 1755 2865 plurimum

944 2885 1068 2906 nemus
1092 2877 1169 2904 Hor.
1197 2875 1232 2903 C.
1257 2871 1297 2911 4,
1323 2870 1361 2909 2,
1385 2869 1448 2908 30,
1478 2868 1637 2911 plurima
1662 2868 1755 2900 silva

945 2925 1006 2953 ov.
1034 2925 1076 2951 Μ.
1109 2919 1166 2958 14,
1192 2918 1276 2956 361,
1306 2913 1421 2946 medio
1449 2925 1555 2956 quum
1581 2913 1757 2956 plurimus

945 2966 1024 2998 orbe
1057 2964 1119 2996 Sol
1145 2967 1221 2995 erat
1249 2962 1308 3001 14,
1337 2961 1399 2991 53:
1427 2968 1528 2992 wenn
1556 2959 1613 2991 die
1635 2959 1757 2991 meiste

949 3013 1067 3044 Sonne
1105 3010 1161 3042 ist.
1226 3012 1294 3039 Nec
1337 3008 1447 3039 minus
1487 3008 1532 3037 ita
1576 3011 1757 3044 usurpatur

1413 3053 1480 3096 20
