2023 3350
298 138 377 178 546

867 135 903 166 P.
933 135 1126 168 leGlLtl
1152 135 1360 169 MARONtS

296 247 464 290 Auditis
500 246 572 287 ille
609 248 714 286 haec
746 245 914 299 placido
948 247 1009 288 sic
1043 247 1230 290 reddidit
1271 263 1363 291 ore:

297 305 331 347 O
369 304 614 345 fortunatae
651 306 816 356 gentes,
858 304 1061 346 Saturnia
1096 318 1237 359 regna,

296 361 473 414 Antiqui
506 361 696 411 Ausonii,
735 375 845 415 quae
877 375 951 403 vos
982 361 1155 403 fortuna
1190 363 1357 416 quietos

297 418 532 469 Sollicitat,
569 417 803 472 suadetque
834 419 985 473 ignota
1018 419 1227 462 lacessere
1260 420 1402 462 bella?

298 476 546 529 Quicunque
576 475 730 517 Iliacos
768 475 883 518 ferro
916 476 1166 518 violavimus
1205 491 1341 531 agros,
1372 503 1423 508 —

297 533 424 574 Mitto
462 546 531 584 ea,
576 546 685 586 quae
722 534 854 575 muris
894 534 1095 576 bellando

1141 534 1352 577 exhausta
1391 535 1468 577 sub
1510 535 1622 587 altis,
1845 480 1927 520 255

299 591 414 642 Quos
446 589 600 632 Simois
638 595 806 644 premat
841 591 914 633 ille
948 592 1063 634 viros
1089 592 1348 634 —infanda
1381 607 1458 647 per
1496 593 1642 635 orbem

299 648 520 702 Supplicia
561 651 603 689 et
638 649 843 691 scelerum
881 663 1043 703 poenas
1078 650 1353 704 expendimus
1391 665 1547 702 omnes,

299 706 377 747 Vel
414 706 581 747 Priamo
614 706 857 748 miseranda
896 721 1068 749 manus:

1112 707 1194 749 scit
1237 708 1362 749 triste
1398 709 1614 750 Minervae

299 763 442 814 Sidus,
483 766 525 805 et
564 763 781 805 Euboicae
816 769 979 816 cautes,
1018 765 1219 818 ultorque
1262 765 1517 819 Caphereus.

1846 765 1928 804 260

297 820 454 863 Militia
491 834 541 863 ex
577 820 652 862 illa
684 821 897 863 diversum
932 822 988 864 ad
1020 823 1122 864 litus
1161 822 1317 874 abacti,

297 878 468 920 Atrides
500 878 645 920 Protei
680 878 897 921 Menelaus
932 880 988 921 ad
1025 894 1159 934 usque
1198 880 1415 922 columnas

298 936 497 987 Exsulat,
533 936 744 978 Aetnaeos
784 937 892 979 vidit
931 937 1141 992 Cyclopas
1179 937 1337 980 Ulixes.

297 994 445 1047 Regna
478 993 749 1047 Neoptolemi
787 994 990 1046 referam,
1026 1009 1256 1049 versosque
1295 996 1475 1037 Penates

297 1051 542 1093 Idomenei?
584 1050 798 1106 Libycone
831 1052 1076 1095 habitantes
1114 1053 1239 1095 litore
1274 1053 1459 1094 Locros?

1846 1049 1926 1089 265

298 1109 394 1163 Ipse
434 1109 689 1163 Mycenaeus
729 1123 981 1164 magnorum
1023 1111 1175 1153 ductor
1207 1110 1410 1152 Achivom

301 1166 500 1220 Coniugis
531 1165 733 1208 infandae
762 1168 902 1221 prima
931 1169 1047 1211 intra
1080 1169 1229 1210 limina
1264 1168 1416 1211 dextra

301 1224 509 1278 oppetiit;
549 1224 759 1266 devictam
795 1226 941 1267 Asiam
977 1226 1169 1268 subsedit
1207 1226 1385 1268 adulter.

343 1395 419 1428 252.
444 1399 636 1430 Fortunatae
663 1408 720 1430 eae
749 1406 824 1430 sunt
848 1407 975 1441 gentes,
1006 1405 1087 1438 quod

298 1451 319 1473 a
342 1446 479 1474 Saturno
501 1448 692 1482 regebantur
710 1447 884 1482 aliquando
909 1452 937 1477 et
961 1457 1088 1478 summa

298 1497 379 1525 pace
398 1490 593 1520 fruebantur.
641 1493 717 1521 Eam
745 1500 855 1528 pacem
879 1502 919 1522 ne
932 1495 995 1529 ipsi
1022 1498 1086 1523 tur-

299 1538 372 1564 bent
394 1538 537 1565 hortatur
558 1538 701 1567 Latinos.

343 1578 420 1610 253.
445 1582 527 1617 Quid
543 1590 681 1613 caussae
695 1587 754 1621 est,
769 1588 802 1613 ut
819 1586 904 1620 bella
918 1586 1086 1622 moveatis,

297 1627 415 1662 quibus
439 1635 533 1663 pares
557 1637 620 1658 non
645 1630 748 1658 estis?
778 1645 815 1649 —
858 1628 1007 1660 Ausonii
1031 1640 1086 1666 pro

303 1670 456 1702 Ausones
477 1674 516 1703 cf.
546 1671 598 1712 10,
628 1673 701 1703 105.

344 1716 419 1746 254.
443 1715 572 1759 Ignota
597 1717 707 1748 bella:
744 1720 883 1749 Nescitis
906 1725 1027 1756 quanta
1049 1728 1088 1750 ea

297 1763 363 1792 sint
382 1765 467 1793 bella
487 1773 559 1794 cum
583 1766 733 1794 Troianis
754 1767 910 1803 gerenda,
950 1767 983 1794 in
1017 1768 1087 1801 qui-

298 1811 358 1837 bus
383 1810 438 1844 qui
476 1812 602 1839 tandem
648 1816 720 1846 post.
761 1812 922 1841 maximos
960 1814 1087 1841 labores

298 1855 461 1892 vicerunt,
498 1856 615 1885 misere
644 1865 755 1886 omnes
792 1862 934 1893 pereunt.
969 1874 1006 1878 —
1035 1855 1088 1887 la-

300 1908 430 1930 cessere
455 1898 546 1931 bella
566 1902 606 1932 cf.
634 1902 664 1941 5,
690 1901 765 1931 429.

342 1945 420 1975 255.
452 1944 669 1977 Violavz'mus
690 1949 807 1986 „quasi
838 1957 968 1985 sacroS,
1010 1956 1086 1978 nam

297 1992 423 2021 violare
458 1993 495 2022 de
524 1994 689 2030 religiosis
717 1997 812 2024 rebus
845 1993 1016 2024 dicimus.“
1053 1997 1084 2024 S.

296 2039 346 2066 lta
373 2035 507 2068 violare
528 2047 653 2068 numen
683 2040 721 2069 cf.
753 2038 780 2076 l,
805 2038 835 2069 7.
883 2042 942 2078 „Et
965 2041 1087 2077 ingenti

297 2089 365 2112 arte
379 2087 471 2125 .³g¹¹⁴³
512 2093 552 2113 ne
585 2089 641 2114 aut
664 2086 834 2115 victoriam
858 2094 951 2116 suam
977 2087 1085 2122 sileat,

295 2133 352 2158 aut
378 2138 442 2158 non
464 2132 658 2165 procedendo
675 2137 785 2161 contra
804 2140 870 2169 eos,
895 2140 974 2168 quos
989 2133 1077 2169 vicit,

296 2175 479 2204 confiteatur
522 2177 708 2213 ignaviam,
747 2178 875 2214 dicens,
910 2186 972 2207 non
1011 2186 1085 2207 esse

296 2225 405 2250 contra
431 2229 486 2250 eos
506 2224 726 2261 pugnandum,
754 2232 835 2259 quos
857 2224 988 2253 vincere
1013 2233 1085 2260 per-

297 2267 551 2296 niciosissimum
574 2268 654 2297 est.“
679 2271 710 2298 S.

342 2310 418 2341 256.
444 2309 613 2343 exhausta
636 2314 676 2344 cf.
702 2313 732 2351 ⁴,
758 2312 811 2344 14.

340 2356 417 2387 257.
440 2361 576 2397 premat
597 2368 642 2389 se.
656 2368 778 2390 mersos
802 2360 972 2397 opprimat,
992 2361 1030 2390 cf.
1047 2362 1087 2389 ad

295 2412 362 2433 rem
380 2404 405 2441 l,
432 2401 508 2433 10⁰.
536 2420 573 2425 —-
600 2403 754 2443 infanda
778 2407 815 2435 cf.
835 2405 864 2444 2,
891 2404 921 2435 3.
949 2422 992 2426 -—
1022 2404 1089 2436 Per

297 2447 410 2478 orbem
435 2453 533 2479 totum
556 2451 683 2480 disiecti
704 2460 825 2481 sumus.

342 2492 417 2523 258.
441 2503 575 2535 poenas
605 2494 795 2537 expendere
819 2497 857 2527 cf.
883 2496 913 2534 2,
937 2495 1012 2527 229.

341 2539 416 2569 259.
442 2538 497 2570 vel
533 2538 671 2572 Priamo
710 2541 912 2572 miseranda
951 2552 1087 2573 mamm.

297 2587 425 2615 Similia
453 2586 484 2623 2,
511 2584 541 2615 7.

339 2631 416 2661 260.
441 2629 539 2661 triste
568 2629 747 2663 Mineruae
770 2631 867 2662 sidus
890 2636 922 2664 ct
952 2631 1086 2675 Caphe-

294 2685 390 2707 reus:
422 2678 469 2707 De
488 2686 522 2707 re
541 2678 579 2707 cf.
612 2677 641 2716 1,
667 2676 728 2716 413
753 2681 790 2709 de
813 2688 893 2709 voce
919 2677 1017 2709 sidus
1043 2681 1082 2710 cf.

295 2721 325 2761 4,
349 2721 425 2752 578.
475 2738 519 2744 —
561 2721 756 2764 „Ultorque
798 2722 996 2765 Caphereus
1041 2720 1082 2755 τὸ

294 2760 386 2797 αὐτὸ
421 2772 484 2807 est,
528 2769 549 2797 i.
575 2777 600 2798 e.
636 2774 746 2799 cautes
781 2771 941 2801 Euboicae
965 2770 1022 2806 (cf.
1053 2770 1081 2809 1,

294 2811 369 2849 41).
383 2815 474 2843 Ultor
490 2818 596 2844 autem
614 2816 683 2845 ideo
699 2816 791 2854 dixit,
812 2819 893 2852 quod
911 2818 1082 2856 Nauplius,

293 2860 478 2889 Palamedis
520 2865 625 2898 pater,
679 2863 791 2891 dolens
838 2863 938 2892 filium
985 2872 1079 2893 suum

291 2904 429 2934 factione
451 2906 675 2942 interemptum
689 2907 747 2942 [cf.
768 2906 798 2945 2,
820 2905 862 2936 82
885 2908 964 2946 sq.),
982 2917 1079 2944 quum

291 2950 412 2979 videret
439 2952 579 2980 Graecos
604 2956 792 2988 tempestate
806 2955 962 2991 laborare,
988 2963 1079 2983 mon-

291 2998 353 3023 tem
377 2996 577 3031 Caphereum
602 2999 769 3028 adscendit
796 3003 825 3028 et
855 3002 943 3029 elata
969 3000 1077 3030 facula

291 3039 419 3073 signnm
442 3042 523 3070 dedit
539 3043 640 3072 vicini
664 3049 795 3085 portus,
817 3053 881 3081 qua
904 3054 939 3075 re
955 3046 1076 3082 decepti

1136 1402 1249 1431 Graeci
1273 1402 1354 1430 inter
1378 1400 1573 1436 asperrimos
1608 1400 1760 1435 scopulos
1793 1397 1929 1427 nauita*

1134 1449 1222 1483 gium
1258 1444 1488 1483 pertulerunt.“
1520 1447 1551 1474 S.
1598 1446 1719 1475 Tamen
1760 1445 1927 1480 Caphareo

1134 1501 1237 1522 naves
1265 1493 1431 1530 frangente
1460 1494 1562 1521 ultam
1595 1499 1631 1520 se
1664 1499 1738 1520 esse
1762 1491 1840 1520 dicit
1863 1490 1926 1519 Mi-

1133 1546 1278 1575 nervam,
1302 1547 1403 1574 neque
1426 1538 1567 1567 hominis
1590 1537 1624 1566 in
1644 1544 1684 1567 ea
1708 1545 1742 1566 re
1761 1537 1924 1574 ultionem,

1132 1586 1187 1613 sed
1211 1586 1288 1613 deae
1312 1591 1446 1619 poenam
1469 1583 1631 1620 intelligit.

1179 1628 1253 1658 261.
1280 1628 1396 1658 abacti
1412 1628 1465 1658 M'Z
1478 1633 1507 1658 et
1521 1631 1602 1657 Mss.
1619 1624 1811 1656 adactimt.
1837 1627 1927 1662 Quod

1134 1682 1155 1703 a
1176 1681 1263 1705 recta
1286 1676 1342 1704 via
1366 1675 1471 1704 abacti
1492 1679 1577 1711 sunt,
1601 1674 1634 1702 id
1656 1673 1823 1703 dicendum
1847 1677 1926 1706 erat,

1134 1729 1197 1749 non
1219 1728 1292 1750 esse
1320 1729 1375 1750 eos
1397 1721 1505 1756 aliquo
1527 1721 1669 1749 adactos

1180 1764 1255 1795 262.
1283 1768 1418 1795 Proteus
1458 1774 1516 1795 rex
1544 1764 1704 1803 Aegypti,
1747 1765 1788 1794 ad
1831 1772 1925 1800 quem

1134 1811 1279 1847 pervenit
1310 1813 1479 1841 Menelaus
1516 1811 1557 1840 cf.
1588 1811 1679 1839 Hom.
1706 1811 1761 1839 Od.
1789 1807 1826 1848 4,
1858 1807 1922 1838 351

1133 1866 1181 1893 sq.
1231 1873 1268 1877 —
1313 1858 1362 1887 lbi
1393 1858 1491 1886 etiam
1522 1858 1555 1885 in
1594 1856 1715 1885 oriente
1755 1857 1925 1886 columnas

1132 1908 1309 1933 extremam
1331 1908 1451 1932 terram
1480 1903 1629 1932 claudere
1651 1901 1754 1939 fingit,
1784 1906 1819 1931 ut
1844 1903 1927 1931 Her-

1132 1951 1246 1979 culeae
1278 1950 1408 1987 cingunt
1438 1949 1642 1978 occidentem.
1671 1963 1710 1968 —
1740 1945 1788 1976 ad
1817 1955 1927 1987 usque

1131 2000 1164 2024 ut
1190 1993 1232 2024 ab
1260 2003 1367 2036 usque
1392 1993 1428 2033 7,
1464 1993 1529 2023 289
1562 1993 1773 2029 compositum
1809 1997 1840 2022 et
1877 1997 1928 2023 est

1131 2049 1186 2077 pro
1212 2048 1319 2080 usque
1346 2039 1393 2069 ad
1418 2045 1449 2070 et
1475 2048 1585 2080 usque
1611 2038 1664 2068 ab.
1713 2040 1783 2068 Rae
1802 2039 1925 2069 formae

1130 2090 1205 2115 sunt
1236 2094 1299 2115 non
1334 2087 1401 2115 nisi
1436 2087 1522 2122 apud
1556 2089 1667 2120 poetas
1697 2088 1728 2113 et
1760 2085 1924 2115 inferioris

1129 2132 1245 2161 aetatis
1281 2133 1453 2167 scriptores
1499 2131 1724 2168 Ammianum,
1765 2131 1924 2161 solinum.

1128 2179 1232 2207 Locos
1256 2179 1309 2207 dat
1334 2179 1436 2207 Hand.
1460 2178 1553 2207 Turs.
1579 2185 1606 2206 s.
1633 2185 1664 2207 v.
1705 2191 1750 2196 —
1794 2177 1846 2206 Ita
1867 2185 1926 2207 su-

1129 2232 1192 2264 per
1213 2231 1322 2264 usque
1343 2228 1392 2253 est
1414 2232 1446 2253 v.
1473 2221 1548 2252 317.

1177 2267 1254 2297 264.
1279 2277 1393 2310 regna
1422 2265 1640 2310 Neoptolemi
1664 2275 1710 2298 sc.
1739 2275 1858 2297 eversa
1882 2268 1924 2299 cf.

1132 2315 1173 2344 ad
1199 2313 1228 2351 3,
1253 2313 1329 2343 294.

1179 2358 1255 2389 265.
1281 2361 1328 2389 De
1355 2357 1536 2390 Idomeneo
1559 2359 1598 2389 cf.
1625 2357 1655 2396 3,
1687 2355 1763 2389 121.
1792 2375 1830 2380 —
1858 2360 1922 2389 Lo-

1133 2414 1205 2435 cros
1238 2406 1354 2435 Aiacis
1394 2408 1581 2440 tempestate
1616 2405 1743 2434 divisos
1779 2413 1854 2435 esse
1891 2407 1922 2435 et

1134 2453 1253 2481 alteros
1277 2452 1547 2488 Epizephyrium,
1589 2453 1709 2480 alteros
1740 2451 1775 2480 in
1806 2450 1922 2481 Africa

1129 2498 1332 2532 Pentapolim
1355 2497 1499 2526 tenuisse
1523 2500 1634 2526 narrat
1657 2497 1804 2526 Servius.

1178 2542 1254 2572 260.
1277 2546 1474 2579 Mycenaeus
1492 2544 1602 2572 ductor
1615 2543 1817 2580 Agamemno
1832 2541 1920 2572 frau-

1131 2590 1169 2618 de
1193 2589 1287 2624 periit
1311 2589 1458 2625 coniugis
1485 2590 1768 2626 Cytaemnestrae,
1803 2588 1919 2618 simul-

1131 2639 1226 2669 atque
1261 2635 1388 2664 domum
1421 2639 1471 2664 est
1498 2635 1675 2672 ingressus.
1724 2635 1844 2664 Contra
1865 2641 1917 2669 ap.

1130 2682 1301 2710 Homerum
1326 2682 1381 2710 011.
1412 2677 1469 2718 11,
1503 2677 1566 2709 411
1599 2681 1634 2709 in
1669 2680 1824 2710 convivio
1859 2687 1920 2708 ex·

1129 2731 1242 2762 ceptus
1267 2729 1307 2755 ab
1322 2727 1478 2763 Aegistho
1502 2730 1649 2761 necatum
1676 2726 1750 2755 inde
1767 2722 1817 2755 Pl.
1834 2724 1917 2754 coni.

1133 2770 1168 2802 C.
1195 2770 1216 2801 i.
1248 2769 1380 2801 Bacchi
1403 2769 1494 2802 inter
1517 2779 1661 2801 munera
1686 2769 1718 2800 d.

1172 2816 1247 2847 268.
1273 2815 1435 2855 „devicta
1464 2815 1568 2847 Asia.-
1612 2817 1744 2853 Legitur
1771 2817 1802 2844 et
1822 2811 1919 2843 devi-

1126 2865 1215 2892 ctam
1256 2861 1377 2892 Asiam
1404 2863 1471 2898 (ita
1501 2862 1612 2899 Mes.)
1660 2860 1748 2896 Quod
1786 2859 1817 2888 si
1856 2863 1915 2896 est,

1124 2908 1170 2938 ita
1194 2909 1406 2946 intelligimus
1428 2914 1462 2938 ut
1485 2904 1637 2938 subsedit
1657 2907 1717 2944 sit,
1747 2906 1818 2934 dolo
1840 2912 1915 2940 pos-

1123 2955 1216 2984 sedit.
1266 2956 1418 2984 Lucanus
1445 2954 1502 2991 (5,
1537 2950 1622 2987 227)
1655 2948 1832 2980 subsidere
1862 2958 1915 2979 re-

1121 3008 1231 3041 gnum
1257 3023 1287 3029 ..
1309 3023 1315 3029 .
1340 2997 1506 3040 parabas.
1555 2997 1629 3032 (Sic
1659 2997 1717 3025 Sil.
1757 2994 1813 3033 13,
1847 2992 1912 3024 281

1120 3043 1298 3076 subsidere
1341 3052 1445 3085 saepe
1489 3041 1620 3073 leonem
1655 3057 1697 3062 —
1736 3038 1914 3072 adsuerat.

2011 1580 2023 1648 mne
2010 1446 2023 1555 ²⁴1⁴·x
2014 1392 2023 1419 ra

2000 1675 2023 2064 ἔξενέῖΐμεεπ

2001 2088 2023 2200 21!ae

1988 2219 2023 3081 ffffffss?3ss¹§gssgffffrgmfflqff
