2023 3350
243 131 326 170 320
810 124 848 155 P.
878 123 1076 158 VIRGtLll
1108 125 1322 160 MARONIS

240 238 496 292 Attigerint,
537 239 723 290 quantas
762 236 876 279 acies
919 240 1193 293 stragemque
1229 240 1423 293 ciebunt3
1764 259 1768 263 .
1798 244 1883 283 830

240 294 481 350 Aggeribus
521 307 644 334 socer
679 293 847 346 Alpinis
890 297 1023 348 atque
1058 310 1159 338 arce
1196 297 1393 339 Monoeci

240 352 530 401 Descendens,
570 364 700 403 gener
737 350 928 393 adversis
963 353 1200 395 inst-ructus
1237 355 1350 396 Eois.

239 412 321 458 Ne,
362 409 504 462 pueri,
546 421 597 448 ne
634 411 760 448 tanta
800 409 956 450 animis
996 410 1238 452 adsuescite
1273 412 1399 464 bella,

238 469 331 509 Neu
365 466 535 519 pat-riae
572 465 738 506 validas
772 465 816 506 in
857 467 1024 508 viscera
1060 468 1215 509 vertite
1247 470 1381 521 vires3

238 525 389 577 Tuque
423 523 560 577 prior,
603 525 651 562 tu
688 536 835 576 parce,
877 538 1008 577 genus
1041 525 1114 577 qui
1152 525 1271 567 ducis
1307 526 1510 581 Olympo3
1796 529 1879 568 835

238 582 404 623 Proiice
442 580 530 621 tela
564 594 713 630 manu,
755 582 930 634 sanguis
965 582 1106 623 meus!
1142 607 1197 612 —

352 639 430 680 Ille
467 637 739 690 triumphata
780 638 997 692 Capitolia
1038 639 1092 680 ad
1132 640 1224 681 alta
1262 639 1468 682 Corintho

236 696 386 737 Victor
429 698 529 748 aget
563 708 757 746 currum,
799 697 935 738 caesis
975 697 1154 750 insignis
1191 696 1386 748 Achivis3

237 754 372 795 Eruet
406 753 479 795 ille
516 753 656 806 Argos
696 754 1143 808 Agamemnoniasque
1182 754 1395 809 Mycenas,

282 870 359 900 8:31.
390 868 495 900 Socer
520 871 654 904 Caesar,
680 872 735 906 qui
760 872 860 901 filiam
884 874 1035 908 Pompeio

236 918 269 946 in
304 917 546 947 matrimonium
582 918 718 946 dederat.
757 933 794 937 —-
839 918 1036 957 aggeribus

238 961 400 1002 Alpinis.-
439 963 538 991 Italia
561 963 646 991 enim
672 964 815 997 Alpibus
840 965 935 998 quasi
962 967 1036 994 val-

234 1010 303 1037 lata
324 1014 382 1037 est.
415 1023 453 1027 —
482 1008 552 1036 Ara
585 1006 740 1036 Monoeci
762 1010 922 1047 Herculis,
949 1019 1035 1041 nunc

235 1057 381 1089 Monaco.
432 1055 535 1088 Quum
556 1062 595 1082 ex
617 1055 726 1083 Gallia
747 1056 872 1084 Caesar
897 1058 1036 1086 moverit

235 1102 372 1132 bellum,
398 1104 492 1134 poeta
516 1104 547 1128 ι11
572 1100 618 1128 rei
640 1101 897 1134 magnitudinem
922 1103 1033 1131 verbis

235 1150 350 1180 aequet
367 1145 462 1179 [item
481 1147 511 1180 8,
534 1144 634 1180 685).
660 1147 764 1180 Alpes
783 1152 947 1181 memorat,
970 1157 1034 1176 non

235 1192 445 1227 Rubiconem,
471 1195 648 1219 extremum
669 1192 824 1220 Caesaris
843 1194 1034 1227 provinciae

235 1238 423 1271 terminum3
459 1237 503 1264 ita
536 1245 633 1272 gener
659 1237 832 1271 Pompeius
858 1239 960 1272 copiis
986 1244 1033 1267 est

234 1283 412 1312 instructus
434 1280 525 1310 Eois.
566 1284 681 1310 Notum
698 1287 805 1311 autem
824 1288 871 1311 est
892 1292 933 1312 ex
949 1285 1034 1314 Asia

234 1333 263 1357 et
288 1329 426 1358 Graecia
449 1328 639 1362 Pompeium
664 1328 776 1362 copias
801 1330 985 1365 collegisse.

281 1372 358 1402 833.
390 1371 480 1402 Puer
514 1374 636 1402 amoris
666 1378 713 1402 est
748 1377 954 1403 vocabulum.
992 1391 1028 1395 —

235 1417 426 1448 assuescite
445 1416 534 1447 bella
554 1416 692 1447 animis.
736 1418 871 1449 Animis
889 1422 1034 1450 dativum

234 1465 360 1500 accipio
386 1469 414 1494 et
437 1467 572 1493 verbum
596 1472 669 1493 esse
699 1466 858 1502 activum,
896 1471 930 1495 111
956 1468 1030 1495 Hor.

235 1513 301 1540 Sat.
333 1509 371 1546 2,
412 1508 449 1547 2,
490 1508 552 1538 109
594 1508 653 1549 qui
687 1508 848 1550 pluribus
883 1511 1032 1541 assuerit

233 1559 380 1585 mentem
402 1563 595 1595 corpusque
611 1554 807 1595 superbum.
842 1559 897 1585 Est
917 1558 1031 1594 igitur:

234 1602 338 1631 Nolite
379 1602 519 1637 cogitare
562 1605 650 1630 tanta
686 1604 788 1638 bella,
833 1604 931 1632 nolite
975 1612 1032 1632 as-

233 1656 385 1677 suescere
423 1652 513 1676 tanta
563 1649 649 1676 bella
689 1648 810 1676 animis
853 1650 1029 1684 concipere.

233 1695 341 1722 Potest
368 1693 464 1721 etiam
499 1691 627 1721 animis
661 1694 773 1722 haberi
803 1695 972 1723 ablativus
1002 1700 1029 1724 et

232 1739 323 1776 iungi
344 1736 532 1767 assuescite
553 1736 642 1766 bella
662 1747 717 1773 pro
739 1736 848 1777 bellis,
877 1745 908 1768 ut
930 1743 1033 1769 semel

232 1786 318 1819 apud
333 1785 465 1813 Livium
484 1785 602 1820 legitur
620 1782 719 1812 insta
740 1782 838 1813 invia
866 1794 907 1814 ac
927 1784 1030 1815 (levia

232 1828 364 1859 assueti
387 1828 507 1865 21,33.
551 1827 729 1858 Paulatim
757 1827 891 1860 claram
919 1829 1030 1861 lucem

231 1884 389 1904 assuesce
416 1878 488 1905 Seu.
513 1877 569 1910 Ep.
598 1872 650 1903 94.

277 1919 354 1949 834.
381 1919 417 1950 in
442 1919 578 1950 viscera
603 1921 648 1950 ita
670 1923 748 1951 Luc.
776 1919 803 1959 1,
831 1921 849 1950 2
872 1921 1030 1952 canimus

229 1964 467 2006 populumque
504 1969 677 2005 potentem
716 1965 751 1996 Ιη
791 1976 855 1997 sua
893 1966 1031 1999 victrici

229 2021 430 2041 conuersum
458 2009 593 2040 viscera
620 2010 755 2041 dextra.

276 2056 353 2086 835.
382 2060 485 2096 tuque
519 2055 632 2096 prior,
675 2062 710 2086 tu
750 2067 855 2097 parce
895 2060 1027 2089 Caesar.

230 2104 388 2140 „Caesari
404 2104 489 2138 dicit,
515 2112 607 2137 quem
625 2105 812 2133 clementem
831 2105 918 2134 circa
932 2108 1028 2135 Pom-

229 2150 365 2184 peianos
394 2150 569 2185 legimus-‚⁴²
603 2151 634 2177 S.
687 2151 810 2179 Caesar
839 2160 895 2186 per
920 2153 1028 2181 Iulum

229 2197 269 2223 ad
295 2196 386 2223 Iovis
414 2204 516 2231 genus
543 2196 698 2224 ascendit.

275 2238 351 2268 836.
377 2239 508 2280 proiice
539 2240 608 2269 tela
640 2249 756 2270 manu.
814 2244 893 2272 Stat.
929 2245 1025 2272 Theb.

229 2285 266 2321 3,
294 2284 358 2314 643
388 2283 550 2325 proiicile
582 2294 682 2315 arma
710 2296 827 2316 manu.
862 2304 907 2308 —
935 2288 1027 2318 Suu-

227 2329 312 2371 guis-
329 2340 424 2360 meus
443 2339 560 2368 magno
579 2332 692 2361 affectu
709 2335 879 2368 prolatum.
927 2332 1026 2364 Meus

227 2378 404 2406 vocativus
426 2383 473 2407 est
498 2385 549 2412 ap.
572 2379 677 2407 Plaut.
704 2380 777 2407 Cas.
808 2377 835 2416 1,
862 2378 904 2407 51)
932 2389 1027 2410 meus

224 2420 347 2461 pullus
371 2431 512 2462 passer,
543 2432 619 2451 mea
646 2421 821 2462 rolumba,
847 2423 894 2453 mi
919 2422 1027 2463 lepus.

227 2468 428 2503 Quamquam
460 2472 561 2503 potest
594 2471 653 2498 hoc
685 2471 753 2498 loco
786 2471 883 2499 etiam
912 2472 1025 2500 haberi

226 2515 466 2543 nominativus:
499 2512 558 2552 qui
584 2522 619 2542 es
649 2512 800 2553 sanguis
830 2524 933 2544 meus.
985 2518 1023 2545 Ut

225 2561 255 2587 h.
288 2562 309 2587 l.
347 2560 516 2594 progenies
549 2557 700 2598 sanguis
730 2566 865 2589 vocatur
894 2559 931 2597 7,
969 2560 1023 2593 98,

226 2607 303 2633 Stat.
331 2607 428 2634 Theb.
454 2605 490 2642 3,
522 2603 585 2632 239
620 2603 686 2633 sos
713 2614 731 2633 ο
758 2604 891 2644 superi,
929 2615 1023 2636 meus

225 2649 346 2679 ordine
373 2648 541 2689 sanguis,
570 2658 612 2678 uc
636 2653 798 2688 pugnate
824 2649 923 2680 odiis.

271 2694 348 2724 837.
375 2698 415 2725 Ut
439 2698 585 2725 Aeneam
619 2697 655 2724 de
687 2697 804 2725 Troiae
834 2700 1020 2727 consolare-

224 2744 274 2769 tur
313 2742 457 2772 excidio.
498 2742 662 2771 Anchises
702 2750 880 2771 memorare
913 2745 1021 2773 debuit

223 2787 389 2816 Romanos
421 2788 498 2816 olim
521 2788 691 2817 Graeciam
725 2790 932 2825 subacturos,
966 2798 1021 2818 ne·-

224 2840 285 2866 que
309 2838 415 2861 tamen
441 2841 479 2861 ea
503 2835 575 2862 loca
600 2834 699 2868 potuit
725 2834 909 2869 nominare,
939 2844 1021 2869 quae

223 2877 293 2911 ipso
322 2879 468 2907 devictae
505 2886 524 2907 a
557 2879 717 2907 Romanis
752 2881 908 2909 Graeciae
941 2884 1019 2909 tem-

223 2930 314 2955 pore.
346 2925 403 2952 sed
431 2931 514 2959 qnae
546 2924 717 2953 floruerant
749 2926 833 2954 bello
867 2926 1017 2955 Troiano.

223 2968 334 3001 Itaque
359 2969 477 3005 Argos.
504 2972 663 3005 Mycenas
685 2970 751 2998 iam
776 2977 805 2998 a.
833 2969 898 2999 468
925 2978 953 3000 a.
983 2973 1017 3001 C.

223 3011 346 3041 dirutas
366 3016 569 3053 memoravit,
590 3016 708 3051 quibus
726 3016 896 3046 Graeciam
915 3017 1018 3053 signi-

1081 873 1198 902 ficaret.
1232 889 1270 893 ——
1301 870 1361 901 ille
1386 872 1598 910 „Mummium
1624 873 1818 910 significat.'··
1847 876 1878 903 S.

1081 921 1143 948 Ille
1175 922 1223 948 est
1246 920 1281 947 L.
1308 919 1484 947 Mummius
1510 919 1695 955 Achaicus,
1736 921 1791 954 qui
1816 921 1879 949 Co-

1081 966 1224 994 rinthum
1250 965 1369 994 delevit
1396 972 1425 994 a.
1463 963 1535 993 146.
1566 980 1604 984 —-
1640 963 1879 1005 triumphatus

1081 1011 1119 1040 cf.
1149 1009 1224 1039 794.

1126 1054 1203 1085 839.
1234 1054 1300 1084 Ille
1332 1057 1368 1084 L.
1394 1056 1559 1084 Aemilius
1584 1056 1723 1084 Paullus
1756 1056 1879 1085 intelli-

1080 1102 1180 1140 gitur,
1214 1104 1253 1131 ab
1285 1110 1322 1130 eo
1353 1102 1460 1138 enim,
1499 1110 1597 1136 quum
1630 1102 1776 1130 vinceret
1799 1103 1878 1131 Per-

1081 1156 1191 1183 seum,
1224 1149 1320 1176 valde
1352 1148 1480 1176 auritas
1507 1155 1581 1176 esse
1604 1149 1799 1176 Graecorum
1825 1156 1878 1176 res

1080 1198 1108 1221 et
1142 1202 1242 1228 paene
1270 1194 1450 1222 subiectam
1480 1193 1649 1222 Graeciam
1681 1197 1807 1222 constat
1836 1193 1875 1223 cf.

1080 1239 1154 1267 Liv.
1183 1238 1241 1273 45,
1273 1237 1326 1266 3t.
1376 1239 1530 1267 Attamen
1555 1239 1690 1267 nimium
1721 1242 1771 1267 est·
1794 1239 1877 1268 illud

1081 1287 1185 1312 eruet.
1227 1284 1363 1312 Servius
1385 1292 1482 1318 quum
1504 1285 1541 1312 de
1562 1287 1621 1313 hoc
1642 1292 1742 1313 versu
1768 1285 1876 1322 sileat,

1079 1332 1160 1358 haec
1184 1331 1282 1358 etiam
1308 1331 1345 1358 de
1368 1330 1523 1358 Mummio
1550 1330 1635 1359 dicta
1664 1331 1792 1359 videtur
1821 1337 1878 1360 ac-

1080 1376 1203 1410 cipere,
1235 1376 1424 1410 praesertim
1452 1384 1549 1410 quum
1582 1377 1622 1404 ad
1647 1384 1678 1405 v.
1704 1374 1771 1403 84⁰
1796 1378 1879 1406 haec

1079 1424 1214 1449 habeat:
1241 1418 1447 1459 „ip-uruque
1464 1419 1639 1449 Aeaciden
1662 1429 1797 1450 necesse
1818 1427 1877 1461 est,

1080 1471 1113 1495 ut
1146 1465 1205 1495 illc
1236 1465 1504 1495 subaudiannis.“
1560 1469 1670 1501 Neque
1701 1469 1784 1502 quod
1816 1465 1878 1497 ille

1079 1513 1247 1548 repetitur,
1287 1513 1407 1541 melius
1439 1514 1479 1541 ad
1511 1514 1664 1549 eundem,
1704 1521 1803 1548 quam
1836 1515 1878 1543 ad

1079 1559 1228 1587 diversos
1255 1559 1402 1587 homines
1426 1558 1538 1587 referri
1563 1559 1676 1595 negari
1702 1563 1815 1594 potest.
1833 1575 1872 1580 —-

1078 1606 1147 1632 Iam
1191 1613 1269 1633 vero
1306 1605 1472 1633 Aeaciden
1517 1605 1707 1634 intellexere
1741 1607 1875 1643 Persen,

1078 1651 1289 1679 Macedoniae
1313 1658 1430 1687 regem.
1460 1657 1480 1679 a
1501 1652 1619 1679 Paullo
1647 1651 1810 1680 devictum
1833 1651 1874 1681 cf.

1077 1697 1157 1724 lust.
1190 1694 1249 1733 28,
1284 1694 1298 1724 1
1335 1701 1363 1725 et
1387 1698 1481 1731 Prop.
1508 1694 1543 1733 4,
1575 1693 1631 1733 11,
1662 1695 1702 1724 39
1737 1693 1875 1735 Persen,

1077 1738 1204 1780 proavi
1246 1739 1467 1771 simulantem
1504 1745 1624 1780 pectus
1664 1739 1812 1771 Achillis
1846 1747 1875 1772 et

1079 1785 1137 1815 Sii.
1176 1786 1230 1823 15,
1261 1784 1324 1814 291
1360 1789 1398 1816 ue
1422 1788 1591 1824 Phiiippo,
1625 1788 1737 1816 Persei
1766 1793 1872 1823 patre:

1080 1829 1146 1861 Hic
1178 1838 1285 1873 geute
1317 1831 1485 1873 egregius-
1510 1830 1704 1872 veterisque
1734 1834 1776 1862 ab
1807 1832 1876 1863 ori-

1077 1875 1163 1918 gine
1194 1875 1299 1918 regui
1331 1876 1518 1907 Aeacidum
1551 1876 1696 1917 sceptris
1726 1887 1876 1917 proavo-

1078 1931 1143 1962 que
1177 1922 1331 1953 tumebat
1365 1921 1509 1952 Arlzille.
1548 1939 1585 1943 —
1620 1925 1673 1953 Ad
1700 1925 1874 1962 Pyrrhum,

1077 1970 1167 2003 Epiri
1194 1976 1319 2005 regem,
1355 1970 1410 2005 qui
1440 1978 1503 1998 non
1536 1970 1645 1999 minus
1677 1972 1717 1998 ab
1740 1971 1875 2001 Achille

1077 2020 1165 2043 ortus
1189 2024 1262 2044 esse
1285 2016 1399 2049 voluit,
1425 2016 1531 2044 minus
1551 2020 1624 2050 apte
1648 2018 1729 2045 haec
1746 2017 1871 2055 referri,

1075 2061 1158 2089 satis
1192 2065 1341 2097 apparet,
1388 2070 1490 2096 neque
1520 2062 1606 2090 enim
1637 2061 1709 2090 eius
1737 2070 1872 2099 regnum

1075 2108 1213 2135 deletum
1239 2112 1287 2135 est
1312 2115 1332 2136 a
1356 2107 1524 2144 Romanis,
1553 2111 1583 2136 et
1609 2108 1788 2142 Fabricius,
1815 2109 1871 2143 qui

1075 2161 1147 2181 cum
1165 2153 1262 2182 Curio
1287 2161 1359 2182 eum
1386 2153 1515 2190 devicit,
1540 2156 1653 2188 postea
1676 2158 1873 2183 memoratur

1075 2196 1152 2227 845.
1214 2200 1285 2227 Iam
1320 2207 1397 2227 vero
1436 2199 1528 2227 illam
1560 2199 1667 2227 Servii
1702 2200 1870 2238 rationem,

1074 2251 1137 2278 qua
1159 2242 1219 2272 ille
1241 2260 1285 2263 —
1310 2242 1370 2272 ille
1391 2245 1432 2273 ad
1453 2245 1588 2273 eundem
1611 2244 1778 2281 referatur⁷
1806 2254 1872 2284 que

1074 2294 1181 2319 autem
1207 2291 1311 2318 alium
1335 2290 1481 2325 inducat,
1510 2298 1601 2318 nemo
1627 2291 1701 2327 erit,
1732 2291 1788 2325 qui
1813 2298 1870 2321 ac-

1074 2336 1190 2371 cipiam
1227 2337 1285 2364 sed
1308 2343 1339 2363 v.
1367 2333 1431 2363 839
1456 2339 1487 2364 et
1512 2334 1578 2363 sto
1603 2336 1681 2370 quin
1705 2337 1746 2364 ad
1768 2345 1869 2366 unum

1073 2382 1263 2415 pertineant,
1283 2381 1423 2409 dubitari
1440 2381 1558 2416 nequit,
1584 2382 1616 2409 id
1632 2386 1744 2417 potest,
1762 2387 1869 2412 utrum

1072 2434 1104 2454 v.
1128 2425 1204 2455 837.
1231 2425 1298 2455 838
1324 2428 1363 2455 ad
1390 2428 1535 2464 eundem,
1562 2434 1605 2455 an
1629 2429 1671 2456 ad
1692 2428 1794 2457 alium
1818 2437 1869 2458 re-

1073 2471 1205 2500 feratur.
1261 2474 1374 2506 Itaque
1409 2481 1507 2507 qutun
1538 2481 1640 2507 neque
1673 2474 1711 2502 de
1740 2475 1868 2511 Paullo,

1072 2526 1131 2546 nec
1168 2519 1205 2546 de
1240 2519 1389 2547 Fabricio
1428 2519 1569 2547 Curiove
1602 2527 1634 2547 v.
1677 2517 1743 2547 8:39
1784 2520 1868 2549 satis

1069 2563 1137 2597 apti
1178 2564 1260 2597 sint,
1304 2564 1401 2593 unica
1430 2568 1529 2593 restat
1559 2564 1658 2600 ratio,
1707 2572 1771 2600 qua
1805 2567 1865 2594 hos

1070 2617 1189 2637 versus
1217 2609 1397 2638 referamus
1425 2611 1466 2638 ad
1496 2607 1746 2639 Mummium.
1794 2611 1865 2638 An—

1069 2655 1178 2683 chises
1201 2655 1292 2688 dixit,
1317 2663 1400 2690 quae
1421 2655 1566 2685 facturus
1586 2659 1672 2684 esset
1689 2655 1864 2684 Mummius

1070 2707 1100 2728 v.
1129 2698 1205 2728 2-37.
1233 2698 1299 2728 &38
1330 2709 1432 2735 neque
1465 2706 1568 2730 tamen
1595 2701 1757 2735 Capitolia
1780 2701 1864 2729 satis

1068 2754 1127 2774 nec
1159 2746 1332 2775 Corinthus
1364 2748 1472 2781 (malis
1503 2749 1581 2776 urbs
1618 2749 1702 2775 esset
1728 2746 1862 2775 Aeneas

1068 2791 1245 2822 intellexit,
1282 2793 1323 2820 ad
1355 2793 1426 2820 eius
1461 2793 1560 2827 igitur
1584 2796 1713 2826 captum
1743 2791 1775 2819 hi
1801 2793 1862 2821 (luo

1068 2845 1186 2865 versus
1218 2842 1292 2865 sunt
1326 2838 1541 2874 accomodati:
1574 2837 1612 2866 cf.
1644 2843 1727 2870 quae
1757 2838 1797 2865 ad
1829 2846 1861 2867 v.

1067 2880 1144 2910 537.
1207 2883 1373 2912 Aeaciden
1411 2888 1533 2918 autem,
1575 2882 1720 2910 Achillis
1760 2891 1862 2917 genus

1065 2928 1200 2956 Aeneas
1224 2929 1315 2956 novit
1341 2937 1441 2958 unum
1461 2928 1701 2962 Neoptolemum
1727 2928 1862 2962 eiusque

1064 2973 1158 3002 filios.
1221 2975 1334 3008 Itaque
1370 2974 1452 3002 nihil
1491 2973 1544 3001 his
1580 2973 1733 3001 versibus
1766 2974 1862 3011 inest,

1063 3026 1177 3053 qnam:
1218 3019 1390 3049 Graeciam
1422 3018 1592 3047 devincent
1626 3018 1776 3048 Roma-ni.
1818 3034 1856 3040 ——
