<?xml version="1.0" encoding="UTF-8"?>
<!DOCTYPE html PUBLIC "-//W3C//DTD XHTML 1.0 Transitional//EN"
    "http://www.w3.org/TR/xhtml1/DTD/xhtml1-transitional.dtd">
<html xmlns="http://www.w3.org/1999/xhtml" xml:lang="en" lang="en">
 <head>
  <title>
</title>
<meta http-equiv="Content-Type" content="text/html;charset=utf-8" />
  <meta name='ocr-system' content='tesseract 3.04.00' />
  <meta name='ocr-capabilities' content='ocr_page ocr_carea ocr_par ocr_line ocrx_word'/>
</head>
<body>
  <div class='ocr_page' id='page_1' title='image "aeneisvi00virguoft_0439.png"; bbox 0 0 2023 3350; ppageno 0'>
   <div class='ocr_carea' id='block_1_1' title="bbox 14 1878 46 3350">
    <p class='ocr_par' dir='ltr' id='par_1_1' title="bbox 14 1878 46 3350">
     <span class='ocr_line' id='line_1_1' title="bbox 14 1878 46 3350; baseline 0 0"><span class='ocrx_word' id='word_1_1' title='bbox 14 1878 46 3350; x_wconf 95' lang='lat' dir='ltr'> </span> 
     </span>
    </p>
   </div>
   <div class='ocr_carea' id='block_1_2' title="bbox 753 99 1233 133">
    <p class='ocr_par' dir='ltr' id='par_1_2' title="bbox 753 99 1233 133">
     <span class='ocr_line' id='line_1_2' title="bbox 753 99 1233 133; baseline 0.004 -2"><span class='ocrx_word' id='word_1_2' title='bbox 753 99 992 133; x_wconf 73' lang='lat' dir='ltr'>AENEIDOS</span> <span class='ocrx_word' id='word_1_3' title='bbox 1022 101 1111 133; x_wconf 83' lang='lat' dir='ltr'>LIB.</span> <span class='ocrx_word' id='word_1_4' title='bbox 1137 101 1233 133; x_wconf 88' lang='lat' dir='ltr'><strong>VIII.</strong></span> 
     </span>
    </p>
   </div>
   <div class='ocr_carea' id='block_1_3' title="bbox 159 212 1337 261">
    <p class='ocr_par' dir='ltr' id='par_1_3' title="bbox 159 212 1337 261">
     <span class='ocr_line' id='line_1_3' title="bbox 159 212 1337 261; baseline 0 -5"><span class='ocrx_word' id='word_1_5' title='bbox 159 213 414 257; x_wconf 86' lang='lat' dir='ltr'>Euandrum</span> <span class='ocrx_word' id='word_1_6' title='bbox 457 228 508 256; x_wconf 87' lang='lat' dir='ltr'>ex</span> <span class='ocrx_word' id='word_1_7' title='bbox 542 212 694 255; x_wconf 88' lang='lat' dir='ltr'>humili</span> <span class='ocrx_word' id='word_1_8' title='bbox 733 216 848 261; x_wconf 83' lang='lat' dir='ltr'>tecto</span> <span class='ocrx_word' id='word_1_9' title='bbox 887 213 962 254; x_wconf 81' lang='lat' dir='ltr'>lux</span> <span class='ocrx_word' id='word_1_10' title='bbox 1004 214 1189 255; x_wconf 81' lang='lat' dir='ltr'>suscitat</span> <span class='ocrx_word' id='word_1_11' title='bbox 1219 213 1337 256; x_wconf 80' lang='lat' dir='ltr'>alma</span> 
     </span>
    </p>
   </div>
   <div class='ocr_carea' id='block_1_4' title="bbox 1737 105 1821 258">
    <p class='ocr_par' dir='ltr' id='par_1_4' title="bbox 1737 105 1821 258">
     <span class='ocr_line' id='line_1_4' title="bbox 1737 105 1821 144; baseline 0 0"><span class='ocrx_word' id='word_1_12' title='bbox 1737 105 1821 144; x_wconf 80' lang='lat'>413</span> 
     </span>
     <span class='ocr_line' id='line_1_5' title="bbox 1737 219 1820 258; baseline -0.012 0"><span class='ocrx_word' id='word_1_13' title='bbox 1737 219 1820 258; x_wconf 80' lang='lat'>455</span> 
     </span>
    </p>
   </div>
   <div class='ocr_carea' id='block_1_5' title="bbox 159 271 1511 499">
    <p class='ocr_par' dir='ltr' id='par_1_5' title="bbox 161 271 1296 383">
     <span class='ocr_line' id='line_1_6' title="bbox 161 271 1267 314; baseline 0 -1"><span class='ocrx_word' id='word_1_14' title='bbox 161 273 219 314; x_wconf 89' lang='lat' dir='ltr'>Et</span> <span class='ocrx_word' id='word_1_15' title='bbox 259 272 463 313; x_wconf 86' lang='lat' dir='ltr'>matutini</span> <span class='ocrx_word' id='word_1_16' title='bbox 502 271 725 313; x_wconf 81' lang='lat' dir='ltr'>volucrum</span> <span class='ocrx_word' id='word_1_17' title='bbox 759 271 838 313; x_wconf 90' lang='lat' dir='ltr'>sub</span> <span class='ocrx_word' id='word_1_18' title='bbox 881 271 1064 313; x_wconf 87' lang='lat' dir='ltr'>culmine</span> <span class='ocrx_word' id='word_1_19' title='bbox 1103 275 1267 313; x_wconf 75' lang='lat' dir='ltr'>cantus.</span> 
     </span>
     <span class='ocr_line' id='line_1_7' title="bbox 161 328 1296 383; baseline -0.002 -11"><span class='ocrx_word' id='word_1_20' title='bbox 161 330 395 383; x_wconf 76' lang='lat' dir='ltr'>Consurgit</span> <span class='ocrx_word' id='word_1_21' title='bbox 432 329 595 381; x_wconf 86' lang='lat' dir='ltr'>senior,</span> <span class='ocrx_word' id='word_1_22' title='bbox 634 329 869 383; x_wconf 79' lang='lat' dir='ltr'>tunicaque</span> <span class='ocrx_word' id='word_1_23' title='bbox 904 328 1126 370; x_wconf 83' lang='lat' dir='ltr'>inducitur</span> <span class='ocrx_word' id='word_1_24' title='bbox 1163 334 1296 380; x_wconf 84' lang='lat' dir='ltr'>artus,</span> 
     </span>
    </p>

    <p class='ocr_par' dir='ltr' id='par_1_6' title="bbox 159 386 1342 442">
     <span class='ocr_line' id='line_1_8' title="bbox 159 386 1342 442; baseline 0 -14"><span class='ocrx_word' id='word_1_25' title='bbox 159 388 217 429; x_wconf 90' lang='lat' dir='ltr'>Et</span> <span class='ocrx_word' id='word_1_26' title='bbox 248 387 470 442; x_wconf 83' lang='lat' dir='ltr'>Tyrrhena</span> <span class='ocrx_word' id='word_1_27' title='bbox 499 386 657 440; x_wconf 87' lang='lat' dir='ltr'>pedum</span> <span class='ocrx_word' id='word_1_28' title='bbox 684 386 926 428; x_wconf 82' lang='lat' dir='ltr'>circumdat</span> <span class='ocrx_word' id='word_1_29' title='bbox 956 387 1128 429; x_wconf 82' lang='lat' dir='ltr'>vincula</span> <span class='ocrx_word' id='word_1_30' title='bbox 1157 387 1342 442; x_wconf 80' lang='lat' dir='ltr'>plantis;</span> 
     </span>
    </p>

    <p class='ocr_par' dir='ltr' id='par_1_7' title="bbox 160 444 1511 499">
     <span class='ocr_line' id='line_1_9' title="bbox 160 444 1511 499; baseline 0 -13"><span class='ocrx_word' id='word_1_31' title='bbox 160 445 268 486; x_wconf 90' lang='lat' dir='ltr'>Tum</span> <span class='ocrx_word' id='word_1_32' title='bbox 299 445 427 486; x_wconf 85' lang='lat' dir='ltr'>lateri</span> <span class='ocrx_word' id='word_1_33' title='bbox 463 449 596 498; x_wconf 84' lang='lat' dir='ltr'>atque</span> <span class='ocrx_word' id='word_1_34' title='bbox 631 444 821 486; x_wconf 90' lang='lat' dir='ltr'>humeris</span> <span class='ocrx_word' id='word_1_35' title='bbox 854 445 1094 498; x_wconf 75' lang='lat' dir='ltr'>Tegeaeum</span> <span class='ocrx_word' id='word_1_36' title='bbox 1133 445 1324 499; x_wconf 81' lang='lat' dir='ltr'>subligat</span> <span class='ocrx_word' id='word_1_37' title='bbox 1354 458 1511 497; x_wconf 83' lang='lat' dir='ltr'>ensem,</span> 
     </span>
    </p>
   </div>
   <div class='ocr_carea' id='block_1_6' title="bbox 159 502 1370 556">
    <p class='ocr_par' dir='ltr' id='par_1_8' title="bbox 159 502 1370 556">
     <span class='ocr_line' id='line_1_10' title="bbox 159 502 1370 556; baseline 0 -13"><span class='ocrx_word' id='word_1_38' title='bbox 159 502 359 544; x_wconf 84' lang='lat' dir='ltr'>Demissa</span> <span class='ocrx_word' id='word_1_39' title='bbox 399 502 454 543; x_wconf 88' lang='lat' dir='ltr'>ab</span> <span class='ocrx_word' id='word_1_40' title='bbox 490 502 613 544; x_wconf 77' lang='lat' dir='ltr'>laeva</span> <span class='ocrx_word' id='word_1_41' title='bbox 653 503 896 556; x_wconf 77' lang='lat' dir='ltr'>pantherae</span> <span class='ocrx_word' id='word_1_42' title='bbox 931 507 1058 555; x_wconf 80' lang='lat' dir='ltr'>terga</span> <span class='ocrx_word' id='word_1_43' title='bbox 1093 506 1370 555; x_wconf 74' lang='lat' dir='ltr'>retorquens,</span> 
     </span>
    </p>
   </div>
   <div class='ocr_carea' id='block_1_7' title="bbox 1736 505 1821 544">
    <p class='ocr_par' dir='ltr' id='par_1_9' title="bbox 1736 505 1821 544">
     <span class='ocr_line' id='line_1_11' title="bbox 1736 505 1821 544; baseline 0.012 -1"><span class='ocrx_word' id='word_1_44' title='bbox 1736 505 1821 544; x_wconf 86' lang='grc'>460</span> 
     </span>
    </p>
   </div>
   <div class='ocr_carea' id='block_1_8' title="bbox 156 559 1445 787">
    <p class='ocr_par' dir='ltr' id='par_1_10' title="bbox 156 559 1445 787">
     <span class='ocr_line' id='line_1_12' title="bbox 159 559 1299 613; baseline -0.001 -11"><span class='ocrx_word' id='word_1_45' title='bbox 159 560 249 602; x_wconf 92' lang='lat' dir='ltr'>Nec</span> <span class='ocrx_word' id='word_1_46' title='bbox 290 573 376 607; x_wconf 86' lang='lat' dir='ltr'>non</span> <span class='ocrx_word' id='word_1_47' title='bbox 413 563 455 601; x_wconf 87' lang='lat' dir='ltr'>et</span> <span class='ocrx_word' id='word_1_48' title='bbox 495 560 653 613; x_wconf 83' lang='lat' dir='ltr'>gemini</span> <span class='ocrx_word' id='word_1_49' title='bbox 693 560 895 601; x_wconf 80' lang='lat' dir='ltr'>custodes</span> <span class='ocrx_word' id='word_1_50' title='bbox 926 560 1075 601; x_wconf 87' lang='lat' dir='ltr'>limine</span> <span class='ocrx_word' id='word_1_51' title='bbox 1113 559 1168 601; x_wconf 81' lang='lat' dir='ltr'>ab</span> <span class='ocrx_word' id='word_1_52' title='bbox 1210 561 1299 601; x_wconf 82' lang='lat' dir='ltr'>alto</span> 
     </span>
     <span class='ocr_line' id='line_1_13' title="bbox 156 617 1445 671; baseline 0.001 -13"><span class='ocrx_word' id='word_1_53' title='bbox 156 617 425 658; x_wconf 83' lang='lat' dir='ltr'>Praecedunt</span> <span class='ocrx_word' id='word_1_54' title='bbox 462 631 744 671; x_wconf 85' lang='lat' dir='ltr'>gressumque</span> <span class='ocrx_word' id='word_1_55' title='bbox 779 632 907 659; x_wconf 85' lang='lat' dir='ltr'>canes</span> <span class='ocrx_word' id='word_1_56' title='bbox 948 618 1214 659; x_wconf 81' lang='lat' dir='ltr'>comitantur</span> <span class='ocrx_word' id='word_1_57' title='bbox 1252 617 1445 659; x_wconf 85' lang='lat' dir='ltr'>herilem.</span> 
     </span>
     <span class='ocr_line' id='line_1_14' title="bbox 157 674 1246 730; baseline 0.001 -15"><span class='ocrx_word' id='word_1_58' title='bbox 157 674 353 728; x_wconf 85' lang='lat' dir='ltr'>Hospitis</span> <span class='ocrx_word' id='word_1_59' title='bbox 384 676 555 717; x_wconf 79' lang='lat' dir='ltr'>Aeneae</span> <span class='ocrx_word' id='word_1_60' title='bbox 590 676 734 717; x_wconf 89' lang='lat' dir='ltr'>sedem</span> <span class='ocrx_word' id='word_1_61' title='bbox 773 679 814 717; x_wconf 85' lang='lat' dir='ltr'>et</span> <span class='ocrx_word' id='word_1_62' title='bbox 852 679 1021 717; x_wconf 85' lang='lat' dir='ltr'>secreta</span> <span class='ocrx_word' id='word_1_63' title='bbox 1057 675 1246 730; x_wconf 81' lang='lat' dir='ltr'>petebat,</span> 
     </span>
     <span class='ocr_line' id='line_1_15' title="bbox 159 731 1353 787; baseline 0 -14"><span class='ocrx_word' id='word_1_64' title='bbox 159 731 414 774; x_wconf 87' lang='lat' dir='ltr'>Sermonum</span> <span class='ocrx_word' id='word_1_65' title='bbox 446 747 609 774; x_wconf 91' lang='lat' dir='ltr'>memor</span> <span class='ocrx_word' id='word_1_66' title='bbox 647 738 690 775; x_wconf 89' lang='lat' dir='ltr'>et</span> <span class='ocrx_word' id='word_1_67' title='bbox 726 734 930 787; x_wconf 84' lang='lat' dir='ltr'>promissi</span> <span class='ocrx_word' id='word_1_68' title='bbox 964 734 1171 784; x_wconf 87' lang='lat' dir='ltr'>muneris,</span> <span class='ocrx_word' id='word_1_69' title='bbox 1212 733 1353 774; x_wconf 86' lang='lat' dir='ltr'>heros.</span> 
     </span>
    </p>
   </div>
   <div class='ocr_carea' id='block_1_9' title="bbox 155 790 1280 901">
    <p class='ocr_par' dir='ltr' id='par_1_11' title="bbox 155 790 1280 901">
     <span class='ocr_line' id='line_1_16' title="bbox 155 790 1190 844; baseline 0 -13"><span class='ocrx_word' id='word_1_70' title='bbox 155 790 245 832; x_wconf 88' lang='lat' dir='ltr'>Nec</span> <span class='ocrx_word' id='word_1_71' title='bbox 280 790 422 832; x_wconf 90' lang='lat' dir='ltr'>minus</span> <span class='ocrx_word' id='word_1_72' title='bbox 457 792 624 832; x_wconf 83' lang='lat' dir='ltr'>Aeneas</span> <span class='ocrx_word' id='word_1_73' title='bbox 660 805 705 833; x_wconf 88' lang='lat' dir='ltr'>se</span> <span class='ocrx_word' id='word_1_74' title='bbox 742 791 980 832; x_wconf 82' lang='lat' dir='ltr'>matutinus</span> <span class='ocrx_word' id='word_1_75' title='bbox 1018 791 1190 844; x_wconf 81' lang='lat' dir='ltr'>agebat.</span> 
     </span>
     <span class='ocr_line' id='line_1_17' title="bbox 155 847 1280 901; baseline 0 -13"><span class='ocrx_word' id='word_1_76' title='bbox 155 847 290 889; x_wconf 85' lang='lat' dir='ltr'>Filius</span> <span class='ocrx_word' id='word_1_77' title='bbox 325 848 427 889; x_wconf 85' lang='lat' dir='ltr'>huic</span> <span class='ocrx_word' id='word_1_78' title='bbox 465 848 627 901; x_wconf 78' lang='lat' dir='ltr'>Pallas,</span> <span class='ocrx_word' id='word_1_79' title='bbox 666 849 730 890; x_wconf 86' lang='lat' dir='ltr'>illi</span> <span class='ocrx_word' id='word_1_80' title='bbox 770 863 912 890; x_wconf 88' lang='lat' dir='ltr'>comes</span> <span class='ocrx_word' id='word_1_81' title='bbox 947 848 1041 890; x_wconf 85' lang='lat' dir='ltr'>ibat</span> <span class='ocrx_word' id='word_1_82' title='bbox 1079 848 1280 890; x_wconf 80' lang='lat' dir='ltr'>Achates.</span> 
     </span>
    </p>
   </div>
   <div class='ocr_carea' id='block_1_10' title="bbox 1734 795 1819 835">
    <p class='ocr_par' dir='ltr' id='par_1_12' title="bbox 1734 795 1819 835">
     <span class='ocr_line' id='line_1_18' title="bbox 1734 795 1819 835; baseline -0.012 0"><span class='ocrx_word' id='word_1_83' title='bbox 1734 795 1819 835; x_wconf 83' lang='lat'>465</span> 
     </span>
    </p>
   </div>
   <div class='ocr_carea' id='block_1_11' title="bbox 155 904 1362 1014">
    <p class='ocr_par' dir='ltr' id='par_1_13' title="bbox 155 904 1362 1014">
     <span class='ocr_line' id='line_1_19' title="bbox 158 904 1362 959; baseline -0.001 -13"><span class='ocrx_word' id='word_1_84' title='bbox 158 906 386 958; x_wconf 85' lang='lat' dir='ltr'>Congressi</span> <span class='ocrx_word' id='word_1_85' title='bbox 425 906 612 959; x_wconf 86' lang='lat' dir='ltr'>iungunt</span> <span class='ocrx_word' id='word_1_86' title='bbox 648 906 847 958; x_wconf 72' lang='lat' dir='ltr'>dextras,</span> <span class='ocrx_word' id='word_1_87' title='bbox 889 906 1129 959; x_wconf 87' lang='lat' dir='ltr'>mediisque</span> <span class='ocrx_word' id='word_1_88' title='bbox 1164 904 1362 947; x_wconf 86' lang='lat' dir='ltr'>residunt</span> 
     </span>
     <span class='ocr_line' id='line_1_20' title="bbox 155 963 1315 1014; baseline -0.001 -10"><span class='ocrx_word' id='word_1_89' title='bbox 155 963 370 1014; x_wconf 81' lang='lat' dir='ltr'>Aedibus,</span> <span class='ocrx_word' id='word_1_90' title='bbox 408 968 451 1005; x_wconf 82' lang='lat' dir='ltr'>et</span> <span class='ocrx_word' id='word_1_91' title='bbox 487 964 608 1006; x_wconf 89' lang='lat' dir='ltr'>licito</span> <span class='ocrx_word' id='word_1_92' title='bbox 650 965 827 1006; x_wconf 77' lang='lat' dir='ltr'>tandem</span> <span class='ocrx_word' id='word_1_93' title='bbox 867 978 1063 1006; x_wconf 87' lang='lat' dir='ltr'>sermone</span> <span class='ocrx_word' id='word_1_94' title='bbox 1099 963 1315 1005; x_wconf 85' lang='lat' dir='ltr'>fruuntur.</span> 
     </span>
    </p>
   </div>
   <div class='ocr_carea' id='block_1_12' title="bbox 157 1020 567 1074">
    <p class='ocr_par' dir='ltr' id='par_1_14' title="bbox 157 1020 567 1074">
     <span class='ocr_line' id='line_1_21' title="bbox 157 1020 567 1074; baseline 0.005 -13"><span class='ocrx_word' id='word_1_95' title='bbox 157 1021 249 1062; x_wconf 82' lang='lat' dir='ltr'>Rex</span> <span class='ocrx_word' id='word_1_96' title='bbox 285 1021 406 1074; x_wconf 86' lang='lat' dir='ltr'>prior</span> <span class='ocrx_word' id='word_1_97' title='bbox 439 1020 567 1063; x_wconf 81' lang='lat' dir='ltr'>haec:</span> 
     </span>
    </p>
   </div>
   <div class='ocr_carea' id='block_1_13' title="bbox 157 1078 1441 1132">
    <p class='ocr_par' dir='ltr' id='par_1_15' title="bbox 157 1078 1441 1132">
     <span class='ocr_line' id='line_1_22' title="bbox 157 1078 1441 1132; baseline -0.002 -13"><span class='ocrx_word' id='word_1_98' title='bbox 157 1078 345 1120; x_wconf 77' lang='lat' dir='ltr'>Maxime</span> <span class='ocrx_word' id='word_1_99' title='bbox 378 1078 644 1121; x_wconf 86' lang='lat' dir='ltr'>Teucrorum</span> <span class='ocrx_word' id='word_1_100' title='bbox 685 1078 860 1131; x_wconf 90' lang='lat' dir='ltr'>ductor,</span> <span class='ocrx_word' id='word_1_101' title='bbox 901 1091 986 1132; x_wconf 88' lang='lat' dir='ltr'>quo</span> <span class='ocrx_word' id='word_1_102' title='bbox 1026 1078 1188 1131; x_wconf 86' lang='lat' dir='ltr'>sospite</span> <span class='ocrx_word' id='word_1_103' title='bbox 1218 1090 1441 1130; x_wconf 83' lang='lat' dir='ltr'>nunquam</span> 
     </span>
    </p>
   </div>
   <div class='ocr_carea' id='block_1_14' title="bbox 157 1219 968 3042">
    <p class='ocr_par' dir='ltr' id='par_1_16' title="bbox 157 1219 966 1798">
     <span class='ocr_line' id='line_1_23' title="bbox 159 1219 964 1256; baseline -0.002 -7"><span class='ocrx_word' id='word_1_104' title='bbox 159 1220 261 1249; x_wconf 83' lang='lat' dir='ltr'>Caere</span> <span class='ocrx_word' id='word_1_105' title='bbox 285 1221 397 1256; x_wconf 80' lang='lat' dir='ltr'>adeat,</span> <span class='ocrx_word' id='word_1_106' title='bbox 431 1221 567 1255; x_wconf 84' lang='lat' dir='ltr'>eiusque</span> <span class='ocrx_word' id='word_1_107' title='bbox 600 1221 726 1249; x_wconf 82' lang='lat' dir='ltr'>incolas</span> <span class='ocrx_word' id='word_1_108' title='bbox 759 1219 822 1248; x_wconf 68' lang='lat' dir='ltr'>sitii</span> <span class='ocrx_word' id='word_1_109' title='bbox 855 1219 964 1247; x_wconf 80' lang='lat' dir='ltr'>socios</span> 
     </span>
     <span class='ocr_line' id='line_1_24' title="bbox 158 1266 965 1301; baseline -0.002 -7"><span class='ocrx_word' id='word_1_110' title='bbox 158 1266 317 1301; x_wconf 80' lang='lat' dir='ltr'>adiungat</span> <span class='ocrx_word' id='word_1_111' title='bbox 354 1269 391 1295; x_wconf 88' lang='lat' dir='ltr'>ob</span> <span class='ocrx_word' id='word_1_112' title='bbox 428 1271 589 1301; x_wconf 87' lang='lat' dir='ltr'>receptum</span> <span class='ocrx_word' id='word_1_113' title='bbox 627 1274 734 1301; x_wconf 78' lang='lat' dir='ltr'>regem</span> <span class='ocrx_word' id='word_1_114' title='bbox 766 1266 965 1294; x_wconf 75' lang='lat' dir='ltr'>Mezentium</span> 
     </span>
     <span class='ocr_line' id='line_1_25' title="bbox 159 1312 964 1346; baseline -0.002 -6"><span class='ocrx_word' id='word_1_115' title='bbox 159 1312 226 1340; x_wconf 79' lang='lat' dir='ltr'>iam</span> <span class='ocrx_word' id='word_1_116' title='bbox 258 1312 292 1340; x_wconf 92' lang='lat' dir='ltr'>in</span> <span class='ocrx_word' id='word_1_117' title='bbox 326 1314 445 1341; x_wconf 87' lang='lat' dir='ltr'>bellum</span> <span class='ocrx_word' id='word_1_118' title='bbox 477 1317 589 1341; x_wconf 83' lang='lat' dir='ltr'>contra</span> <span class='ocrx_word' id='word_1_119' title='bbox 611 1313 752 1340; x_wconf 83' lang='lat' dir='ltr'>Rutulos</span> <span class='ocrx_word' id='word_1_120' title='bbox 786 1318 964 1346; x_wconf 78' lang='lat' dir='ltr'>propensos</span> 
     </span>
     <span class='ocr_line' id='line_1_26' title="bbox 159 1357 964 1393; baseline -0.004 -6"><span class='ocrx_word' id='word_1_121' title='bbox 159 1359 215 1387; x_wconf 83' lang='lat' dir='ltr'>sed</span> <span class='ocrx_word' id='word_1_122' title='bbox 242 1362 384 1386; x_wconf 85' lang='lat' dir='ltr'>retentos</span> <span class='ocrx_word' id='word_1_123' title='bbox 409 1358 585 1393; x_wconf 80' lang='lat' dir='ltr'>vaticiui03</span> <span class='ocrx_word' id='word_1_124' title='bbox 620 1358 718 1386; x_wconf 89' lang='lat' dir='ltr'>simul</span> <span class='ocrx_word' id='word_1_125' title='bbox 742 1357 841 1385; x_wconf 84' lang='lat' dir='ltr'>filium</span> <span class='ocrx_word' id='word_1_126' title='bbox 868 1365 964 1385; x_wconf 84' lang='lat' dir='ltr'>suum</span> 
     </span>
     <span class='ocr_line' id='line_1_27' title="bbox 159 1403 965 1441; baseline -0.005 -8"><span class='ocrx_word' id='word_1_127' title='bbox 159 1411 195 1433; x_wconf 84' lang='lat' dir='ltr'>se</span> <span class='ocrx_word' id='word_1_128' title='bbox 221 1404 254 1431; x_wconf 91' lang='lat' dir='ltr'>iu</span> <span class='ocrx_word' id='word_1_129' title='bbox 281 1405 402 1432; x_wconf 88' lang='lat' dir='ltr'>bellum</span> <span class='ocrx_word' id='word_1_130' title='bbox 428 1404 607 1433; x_wconf 86' lang='lat' dir='ltr'>missurum</span> <span class='ocrx_word' id='word_1_131' title='bbox 633 1403 800 1438; x_wconf 83' lang='lat' dir='ltr'>promittit.</span> <span class='ocrx_word' id='word_1_132' title='bbox 834 1417 871 1421; x_wconf 90' lang='lat'>—</span> <span class='ocrx_word' id='word_1_133' title='bbox 898 1411 965 1441; x_wconf 80' lang='grc' dir='ltr'>μα-</span> 
     </span>
     <span class='ocr_line' id='line_1_28' title="bbox 158 1445 965 1487; baseline -0.004 -9"><span class='ocrx_word' id='word_1_134' title='bbox 158 1451 211 1478; x_wconf 79' lang='lat' dir='ltr'>ter</span> <span class='ocrx_word' id='word_1_135' title='bbox 238 1445 423 1487; x_wconf 84' lang='lat' dir='ltr'>Lemnius,</span> <span class='ocrx_word' id='word_1_136' title='bbox 451 1451 641 1484; x_wconf 67' lang='lat' dir='ltr'>Vulcanus,</span> <span class='ocrx_word' id='word_1_137' title='bbox 668 1450 720 1478; x_wconf 90' lang='lat' dir='ltr'>cui</span> <span class='ocrx_word' id='word_1_138' title='bbox 748 1450 887 1476; x_wconf 83' lang='lat' dir='ltr'>Lemnos</span> <span class='ocrx_word' id='word_1_139' title='bbox 915 1448 965 1475; x_wconf 92' lang='lat' dir='ltr'>in-</span> 
     </span>
     <span class='ocr_line' id='line_1_29' title="bbox 160 1495 964 1529; baseline -0.004 -5"><span class='ocrx_word' id='word_1_140' title='bbox 160 1496 236 1524; x_wconf 85' lang='lat' dir='ltr'>sula</span> <span class='ocrx_word' id='word_1_141' title='bbox 263 1502 360 1523; x_wconf 80' lang='lat' dir='ltr'>sacra</span> <span class='ocrx_word' id='word_1_142' title='bbox 390 1499 469 1524; x_wconf 83' lang='lat' dir='ltr'>erat.</span> <span class='ocrx_word' id='word_1_143' title='bbox 520 1495 648 1523; x_wconf 82' lang='lat' dir='ltr'>Similis</span> <span class='ocrx_word' id='word_1_144' title='bbox 680 1495 834 1529; x_wconf 87' lang='lat' dir='ltr'>temporis</span> <span class='ocrx_word' id='word_1_145' title='bbox 859 1498 964 1523; x_wconf 85' lang='lat' dir='ltr'>matu-</span> 
     </span>
     <span class='ocr_line' id='line_1_30' title="bbox 159 1537 964 1577; baseline -0.001 -9"><span class='ocrx_word' id='word_1_146' title='bbox 159 1540 218 1569; x_wconf 89' lang='lat' dir='ltr'>tini</span> <span class='ocrx_word' id='word_1_147' title='bbox 241 1540 414 1575; x_wconf 74' lang='lat' dir='ltr'>descriptio</span> <span class='ocrx_word' id='word_1_148' title='bbox 439 1542 499 1569; x_wconf 78' lang='lat' dir='ltr'>Ov.</span> <span class='ocrx_word' id='word_1_149' title='bbox 528 1542 602 1569; x_wconf 85' lang='lat' dir='ltr'>Her.</span> <span class='ocrx_word' id='word_1_150' title='bbox 639 1539 698 1577; x_wconf 83' lang='lat'>10,</span> <span class='ocrx_word' id='word_1_151' title='bbox 727 1538 757 1568; x_wconf 87' lang='lat'>7.</span> <span class='ocrx_word' id='word_1_152' title='bbox 814 1537 964 1577; x_wconf 77' lang='lat' dir='ltr'>&#39;scrupus</span> 
     </span>
     <span class='ocr_line' id='line_1_31' title="bbox 158 1583 964 1626; baseline -0.002 -12"><span class='ocrx_word' id='word_1_153' title='bbox 158 1587 252 1621; x_wconf 81' lang='lat' dir='ltr'>erat,</span> <span class='ocrx_word' id='word_1_154' title='bbox 288 1585 399 1615; x_wconf 74' lang='lat' dir='ltr'>vitrea</span> <span class='ocrx_word' id='word_1_155' title='bbox 425 1594 491 1625; x_wconf 81' lang='lat' dir='ltr'>quo</span> <span class='ocrx_word' id='word_1_156' title='bbox 515 1584 667 1626; x_wconf 83' lang='lat' dir='ltr'>primum</span> <span class='ocrx_word' id='word_1_157' title='bbox 697 1590 792 1615; x_wconf 84' lang='lat' dir='ltr'>terra</span> <span class='ocrx_word' id='word_1_158' title='bbox 820 1583 964 1624; x_wconf 76' lang='lat' dir='ltr'>pruina,</span> 
     </span>
     <span class='ocr_line' id='line_1_32' title="bbox 158 1629 966 1671; baseline -0.002 -11"><span class='ocrx_word' id='word_1_159' title='bbox 158 1629 346 1671; x_wconf 77' lang='lat' dir='ltr'>spargitur</span> <span class='ocrx_word' id='word_1_160' title='bbox 385 1634 417 1661; x_wconf 86' lang='lat' dir='ltr'>et</span> <span class='ocrx_word' id='word_1_161' title='bbox 457 1635 569 1661; x_wconf 78' lang='lat' dir='ltr'>tectae</span> <span class='ocrx_word' id='word_1_162' title='bbox 602 1629 736 1669; x_wconf 81' lang='lat' dir='ltr'>fronde</span> <span class='ocrx_word' id='word_1_163' title='bbox 769 1634 966 1670; x_wconf 83' lang='lat' dir='ltr'>queruntur</span> 
     </span>
     <span class='ocr_line' id='line_1_33' title="bbox 159 1675 965 1714; baseline -0.001 -9"><span class='ocrx_word' id='word_1_164' title='bbox 159 1685 252 1706; x_wconf 71' lang='lat' dir='ltr'>aves.</span> <span class='ocrx_word' id='word_1_165' title='bbox 306 1678 388 1706; x_wconf 79' lang='lat' dir='ltr'>Atia</span> <span class='ocrx_word' id='word_1_166' title='bbox 424 1675 478 1714; x_wconf 92' lang='grc'>11,</span> <span class='ocrx_word' id='word_1_167' title='bbox 517 1675 592 1706; x_wconf 67' lang='grc'><strong>183.</strong></span> <span class='ocrx_word' id='word_1_168' title='bbox 628 1693 666 1697; x_wconf 95' lang='grc'><strong>-</strong></span> <span class='ocrx_word' id='word_1_169' title='bbox 706 1678 823 1713; x_wconf 80' lang='lat' dir='ltr'>Tales,</span> <span class='ocrx_word' id='word_1_170' title='bbox 854 1677 965 1712; x_wconf 78' lang='lat' dir='ltr'>qualis</span> 
     </span>
     <span class='ocr_line' id='line_1_34' title="bbox 157 1724 966 1759; baseline -0.001 -7"><span class='ocrx_word' id='word_1_171' title='bbox 157 1725 188 1752; x_wconf 84' lang='lat' dir='ltr'>h.</span> <span class='ocrx_word' id='word_1_172' title='bbox 215 1724 256 1759; x_wconf 89' lang='grc'><strong>1.,</strong></span> <span class='ocrx_word' id='word_1_173' title='bbox 289 1725 375 1758; x_wconf 86' lang='lat' dir='ltr'>apud</span> <span class='ocrx_word' id='word_1_174' title='bbox 409 1724 562 1758; x_wconf 81' lang='lat' dir='ltr'>antiquos</span> <span class='ocrx_word' id='word_1_175' title='bbox 593 1724 703 1752; x_wconf 89' lang='lat' dir='ltr'>miuus</span> <span class='ocrx_word' id='word_1_176' title='bbox 735 1730 833 1758; x_wconf 85' lang='lat' dir='ltr'>saepe</span> <span class='ocrx_word' id='word_1_177' title='bbox 873 1731 966 1757; x_wconf 87' lang='lat' dir='ltr'>repe-</span> 
     </span>
     <span class='ocr_line' id='line_1_35' title="bbox 159 1769 298 1798; baseline -0.007 0"><span class='ocrx_word' id='word_1_178' title='bbox 159 1769 298 1798; x_wconf 89' lang='lat' dir='ltr'>riuutur.</span> 
     </span>
    </p>

    <p class='ocr_par' dir='ltr' id='par_1_17' title="bbox 158 1811 968 2260">
     <span class='ocr_line' id='line_1_36' title="bbox 204 1811 965 1849; baseline -0.001 -7"><span class='ocrx_word' id='word_1_179' title='bbox 204 1812 281 1842; x_wconf 69' lang='lat'>4:³6.</span> <span class='ocrx_word' id='word_1_180' title='bbox 309 1811 370 1843; x_wconf 86' lang='lat' dir='ltr'>sub</span> <span class='ocrx_word' id='word_1_181' title='bbox 408 1812 579 1843; x_wconf 75' lang='lat' dir='ltr'>culmine.-</span> <span class='ocrx_word' id='word_1_182' title='bbox 628 1815 664 1842; x_wconf 91' lang='lat' dir='ltr'>Si</span> <span class='ocrx_word' id='word_1_183' title='bbox 700 1814 778 1843; x_wconf 85' lang='lat' dir='ltr'>forte</span> <span class='ocrx_word' id='word_1_184' title='bbox 813 1821 965 1849; x_wconf 81' lang='lat' dir='ltr'>quaeras,</span> 
     </span>
     <span class='ocr_line' id='line_1_37' title="bbox 163 1859 965 1897; baseline -0.001 -9"><span class='ocrx_word' id='word_1_185' title='bbox 163 1867 246 1894; x_wconf 79' lang='lat' dir='ltr'>quae</span> <span class='ocrx_word' id='word_1_186' title='bbox 272 1867 331 1888; x_wconf 85' lang='lat' dir='ltr'>eae</span> <span class='ocrx_word' id='word_1_187' title='bbox 358 1867 440 1888; x_wconf 83' lang='lat' dir='ltr'>aves</span> <span class='ocrx_word' id='word_1_188' title='bbox 471 1860 553 1897; x_wconf 87' lang='lat' dir='ltr'>siut,</span> <span class='ocrx_word' id='word_1_189' title='bbox 589 1859 745 1889; x_wconf 80' lang='lat' dir='ltr'>facillime</span> <span class='ocrx_word' id='word_1_190' title='bbox 772 1860 965 1888; x_wconf 81' lang='lat' dir='ltr'>hirundines</span> 
     </span>
     <span class='ocr_line' id='line_1_38' title="bbox 161 1906 964 1941; baseline 0 -8"><span class='ocrx_word' id='word_1_191' title='bbox 161 1906 343 1941; x_wconf 81' lang='lat' dir='ltr'>intelliges,</span> <span class='ocrx_word' id='word_1_192' title='bbox 377 1913 460 1940; x_wconf 81' lang='lat' dir='ltr'>qnae</span> <span class='ocrx_word' id='word_1_193' title='bbox 494 1907 597 1940; x_wconf 89' lang='lat' dir='ltr'>primo</span> <span class='ocrx_word' id='word_1_194' title='bbox 629 1914 725 1934; x_wconf 81' lang='lat' dir='ltr'>mane</span> <span class='ocrx_word' id='word_1_195' title='bbox 750 1907 855 1934; x_wconf 86' lang='lat' dir='ltr'>solent</span> <span class='ocrx_word' id='word_1_196' title='bbox 881 1906 964 1934; x_wconf 81' lang='lat' dir='ltr'>satis</span> 
     </span>
     <span class='ocr_line' id='line_1_39' title="bbox 159 1952 963 1987; baseline 0 -8"><span class='ocrx_word' id='word_1_197' title='bbox 159 1953 248 1980; x_wconf 87' lang='lat' dir='ltr'>clare</span> <span class='ocrx_word' id='word_1_198' title='bbox 278 1959 413 1985; x_wconf 73' lang='lat' dir='ltr'>cauere3</span> <span class='ocrx_word' id='word_1_199' title='bbox 454 1953 538 1985; x_wconf 84' lang='lat' dir='ltr'>quod</span> <span class='ocrx_word' id='word_1_200' title='bbox 568 1952 598 1979; x_wconf 86' lang='lat' dir='ltr'>si</span> <span class='ocrx_word' id='word_1_201' title='bbox 631 1952 702 1986; x_wconf 87' lang='lat' dir='ltr'>ipse</span> <span class='ocrx_word' id='word_1_202' title='bbox 734 1960 798 1979; x_wconf 91' lang='lat' dir='ltr'>nou</span> <span class='ocrx_word' id='word_1_203' title='bbox 831 1952 963 1987; x_wconf 82' lang='lat' dir='ltr'>audisti,</span> 
     </span>
     <span class='ocr_line' id='line_1_40' title="bbox 159 1997 965 2031; baseline -0.001 -5"><span class='ocrx_word' id='word_1_204' title='bbox 159 1998 253 2026; x_wconf 87' lang='lat' dir='ltr'>crede</span> <span class='ocrx_word' id='word_1_205' title='bbox 297 1997 509 2031; x_wconf 74' lang='lat' dir='ltr'>Anacreonti,</span> <span class='ocrx_word' id='word_1_206' title='bbox 563 1997 619 2031; x_wconf 86' lang='lat' dir='ltr'>qui</span> <span class='ocrx_word' id='word_1_207' title='bbox 667 1998 707 2026; x_wconf 81' lang='lat' dir='ltr'>ad</span> <span class='ocrx_word' id='word_1_208' title='bbox 758 1998 965 2025; x_wconf 77' lang='lat' dir='ltr'>hirundinem</span> 
     </span>
     <span class='ocr_line' id='line_1_41' title="bbox 159 2034 968 2083; baseline -0.001 -12"><span class='ocrx_word' id='word_1_209' title='bbox 159 2045 258 2072; x_wconf 82' lang='lat' dir='ltr'>haec:</span> <span class='ocrx_word' id='word_1_210' title='bbox 287 2038 399 2080; x_wconf 76' lang='grc' dir='ltr'><em>τίμευ</em></span> <span class='ocrx_word' id='word_1_211' title='bbox 413 2039 534 2082; x_wconf 49' lang='grc' dir='ltr'>καίίῶν</span> <span class='ocrx_word' id='word_1_212' title='bbox 554 2035 707 2078; x_wconf 79' lang='grc' dir='ltr'><em>ὀνείρων</em></span> <span class='ocrx_word' id='word_1_213' title='bbox 721 2034 968 2083; x_wconf 65' lang='grc' dir='ltr'><em>ΰπορθρίαισι</em></span> 
     </span>
     <span class='ocr_line' id='line_1_42' title="bbox 161 2080 967 2127; baseline -0.001 -11"><span class='ocrx_word' id='word_1_214' title='bbox 161 2085 303 2127; x_wconf 77' lang='grc' dir='ltr'><em>φωναῖς</em></span> <span class='ocrx_word' id='word_1_215' title='bbox 321 2080 550 2126; x_wconf 76' lang='grc' dir='ltr'><em>ἄφήρπασας</em></span> <span class='ocrx_word' id='word_1_216' title='bbox 577 2080 775 2115; x_wconf 77' lang='grc' dir='ltr'><strong>Βιὶὀυλ).ον.</strong></span> <span class='ocrx_word' id='word_1_217' title='bbox 804 2103 842 2107; x_wconf 88' lang='lat'><em>-</em></span> <span class='ocrx_word' id='word_1_218' title='bbox 867 2089 967 2116; x_wconf 87' lang='lat' dir='ltr'>Intel-</span> 
     </span>
     <span class='ocr_line' id='line_1_43' title="bbox 159 2134 967 2169; baseline -0.002 -7"><span class='ocrx_word' id='word_1_219' title='bbox 159 2135 309 2162; x_wconf 86' lang='lat' dir='ltr'>lexerunt</span> <span class='ocrx_word' id='word_1_220' title='bbox 348 2134 408 2161; x_wconf 81' lang='lat' dir='ltr'>alii</span> <span class='ocrx_word' id='word_1_221' title='bbox 446 2135 554 2169; x_wconf 80' lang='lat' dir='ltr'>gallos</span> <span class='ocrx_word' id='word_1_222' title='bbox 589 2134 805 2169; x_wconf 82' lang='lat' dir='ltr'>gallinaceos.</span> <span class='ocrx_word' id='word_1_223' title='bbox 877 2134 967 2167; x_wconf 82' lang='lat' dir='ltr'>Quod</span> 
     </span>
     <span class='ocr_line' id='line_1_44' title="bbox 158 2176 967 2208; baseline -0.002 0"><span class='ocrx_word' id='word_1_224' title='bbox 158 2180 259 2208; x_wconf 86' lang='lat' dir='ltr'>nimis</span> <span class='ocrx_word' id='word_1_225' title='bbox 293 2180 451 2208; x_wconf 77' lang='lat' dir='ltr'>rusticum</span> <span class='ocrx_word' id='word_1_226' title='bbox 481 2180 632 2208; x_wconf 82' lang='lat' dir='ltr'>iudicans</span> <span class='ocrx_word' id='word_1_227' title='bbox 667 2176 719 2208; x_wconf 82' lang='lat' dir='ltr'>Pl.</span> <span class='ocrx_word' id='word_1_228' title='bbox 746 2179 829 2208; x_wconf 87' lang='lat' dir='ltr'>coni.</span> <span class='ocrx_word' id='word_1_229' title='bbox 855 2181 967 2208; x_wconf 81' lang='lat' dir='ltr'>certa-</span> 
     </span>
     <span class='ocr_line' id='line_1_45' title="bbox 159 2223 595 2260; baseline -0.002 -6"><span class='ocrx_word' id='word_1_230' title='bbox 159 2223 258 2254; x_wconf 80' lang='lat' dir='ltr'>mina</span> <span class='ocrx_word' id='word_1_231' title='bbox 279 2233 335 2260; x_wconf 87' lang='lat' dir='ltr'>pro</span> <span class='ocrx_word' id='word_1_232' title='bbox 352 2224 413 2253; x_wconf 85' lang='lat' dir='ltr'>sub</span> <span class='ocrx_word' id='word_1_233' title='bbox 435 2223 595 2253; x_wconf 75' lang='lat' dir='ltr'>culmine.</span> 
     </span>
    </p>

    <p class='ocr_par' dir='ltr' id='par_1_18' title="bbox 160 2267 968 2490">
     <span class='ocr_line' id='line_1_46' title="bbox 207 2267 968 2310; baseline 0.001 -12"><span class='ocrx_word' id='word_1_234' title='bbox 207 2268 285 2299; x_wconf 77' lang='lat'>458.</span> <span class='ocrx_word' id='word_1_235' title='bbox 318 2268 498 2310; x_wconf 76' lang='lat' dir='ltr'>Tyrrhena</span> <span class='ocrx_word' id='word_1_236' title='bbox 517 2267 648 2310; x_wconf 84' lang='lat' dir='ltr'>pedum</span> <span class='ocrx_word' id='word_1_237' title='bbox 672 2267 814 2298; x_wconf 81' lang='lat' dir='ltr'>vincula</span> <span class='ocrx_word' id='word_1_238' title='bbox 838 2271 968 2307; x_wconf 82' lang='lat' dir='ltr'>„Tusca</span> 
     </span>
     <span class='ocr_line' id='line_1_47' title="bbox 161 2316 967 2353; baseline -0.004 -7"><span class='ocrx_word' id='word_1_239' title='bbox 161 2318 393 2346; x_wconf 83' lang='lat' dir='ltr'>calceamenta.</span> <span class='ocrx_word' id='word_1_240' title='bbox 467 2318 506 2345; x_wconf 86' lang='lat' dir='ltr'>Et</span> <span class='ocrx_word' id='word_1_241' title='bbox 550 2317 627 2345; x_wconf 86' lang='lat' dir='ltr'>dicit</span> <span class='ocrx_word' id='word_1_242' title='bbox 670 2316 838 2353; x_wconf 79' lang='lat' dir='ltr'>crepidas,</span> <span class='ocrx_word' id='word_1_243' title='bbox 884 2324 967 2350; x_wconf 81' lang='lat' dir='ltr'>quas</span> 
     </span>
     <span class='ocr_line' id='line_1_48' title="bbox 161 2363 967 2399; baseline -0.002 -8"><span class='ocrx_word' id='word_1_244' title='bbox 161 2363 264 2397; x_wconf 88' lang='lat' dir='ltr'>primo</span> <span class='ocrx_word' id='word_1_245' title='bbox 306 2365 448 2391; x_wconf 79' lang='lat' dir='ltr'>habuere</span> <span class='ocrx_word' id='word_1_246' title='bbox 490 2367 675 2399; x_wconf 84' lang='lat' dir='ltr'>senatores,</span> <span class='ocrx_word' id='word_1_247' title='bbox 729 2366 800 2396; x_wconf 84' lang='lat' dir='ltr'>post</span> <span class='ocrx_word' id='word_1_248' title='bbox 841 2363 967 2396; x_wconf 85' lang='lat' dir='ltr'>equites</span> 
     </span>
     <span class='ocr_line' id='line_1_49' title="bbox 160 2407 965 2445; baseline 0 -9"><span class='ocrx_word' id='word_1_249' title='bbox 160 2409 313 2445; x_wconf 88' lang='lat' dir='ltr'>Romani,</span> <span class='ocrx_word' id='word_1_250' title='bbox 338 2416 426 2437; x_wconf 86' lang='lat' dir='ltr'>nuuc</span> <span class='ocrx_word' id='word_1_251' title='bbox 453 2408 609 2437; x_wconf 80' lang='lat' dir='ltr'>milites.“</span> <span class='ocrx_word' id='word_1_252' title='bbox 633 2410 664 2436; x_wconf 88' lang='lat' dir='ltr'>S.</span> <span class='ocrx_word' id='word_1_253' title='bbox 715 2408 843 2437; x_wconf 83' lang='lat' dir='ltr'>Iudicat</span> <span class='ocrx_word' id='word_1_254' title='bbox 866 2407 965 2444; x_wconf 82' lang='lat' dir='ltr'>igitur</span> 
     </span>
     <span class='ocr_line' id='line_1_50' title="bbox 161 2454 751 2490; baseline -0.002 -8"><span class='ocrx_word' id='word_1_255' title='bbox 161 2455 236 2490; x_wconf 84' lang='lat' dir='ltr'>Vgl.</span> <span class='ocrx_word' id='word_1_256' title='bbox 262 2454 470 2488; x_wconf 75' lang='lat' dir='ltr'>antiquorum</span> <span class='ocrx_word' id='word_1_257' title='bbox 496 2454 751 2489; x_wconf 85' lang='lat' dir='ltr'>simplicitatem.</span> 
     </span>
    </p>

    <p class='ocr_par' dir='ltr' id='par_1_19' title="bbox 160 2498 967 2720">
     <span class='ocr_line' id='line_1_51' title="bbox 207 2498 967 2538; baseline -0.001 -10"><span class='ocrx_word' id='word_1_258' title='bbox 207 2498 286 2528; x_wconf 79' lang='lat'>459.</span> <span class='ocrx_word' id='word_1_259' title='bbox 318 2498 517 2538; x_wconf 70' lang='lat' dir='ltr'>&#39;I&#39;egcaeum</span> <span class='ocrx_word' id='word_1_260' title='bbox 549 2508 675 2528; x_wconf 76' lang='lat' dir='ltr'>eus-em.</span> <span class='ocrx_word' id='word_1_261' title='bbox 737 2500 845 2535; x_wconf 79' lang='lat' dir='ltr'>Tegea</span> <span class='ocrx_word' id='word_1_262' title='bbox 875 2500 967 2528; x_wconf 83' lang='lat' dir='ltr'>clara</span> 
     </span>
     <span class='ocr_line' id='line_1_52' title="bbox 160 2545 966 2582; baseline -0.002 -8"><span class='ocrx_word' id='word_1_263' title='bbox 160 2548 239 2574; x_wconf 85' lang='lat' dir='ltr'>urbs</span> <span class='ocrx_word' id='word_1_264' title='bbox 273 2545 454 2581; x_wconf 75' lang='lat' dir='ltr'>Arcadiae3</span> <span class='ocrx_word' id='word_1_265' title='bbox 493 2546 655 2582; x_wconf 79' lang='lat' dir='ltr'>Tegeatae</span> <span class='ocrx_word' id='word_1_266' title='bbox 690 2545 880 2573; x_wconf 84' lang='lat' dir='ltr'>fortitudine</span> <span class='ocrx_word' id='word_1_267' title='bbox 915 2545 966 2573; x_wconf 88' lang='lat' dir='ltr'>in-</span> 
     </span>
     <span class='ocr_line' id='line_1_53' title="bbox 161 2592 965 2628; baseline -0.001 -8"><span class='ocrx_word' id='word_1_268' title='bbox 161 2592 285 2628; x_wconf 83' lang='lat' dir='ltr'>sigues.</span> <span class='ocrx_word' id='word_1_269' title='bbox 334 2593 453 2620; x_wconf 85' lang='lat' dir='ltr'>Eusem</span> <span class='ocrx_word' id='word_1_270' title='bbox 476 2599 539 2619; x_wconf 93' lang='lat' dir='ltr'>uou</span> <span class='ocrx_word' id='word_1_271' title='bbox 560 2592 660 2628; x_wconf 80' lang='lat' dir='ltr'>cingit</span> <span class='ocrx_word' id='word_1_272' title='bbox 679 2592 735 2619; x_wconf 89' lang='lat' dir='ltr'>sed</span> <span class='ocrx_word' id='word_1_273' title='bbox 758 2593 864 2619; x_wconf 84' lang='lat' dir='ltr'>balteo</span> <span class='ocrx_word' id='word_1_274' title='bbox 888 2598 965 2619; x_wconf 88' lang='lat' dir='ltr'>sus-</span> 
     </span>
     <span class='ocr_line' id='line_1_54' title="bbox 162 2637 965 2674; baseline -0.001 -8"><span class='ocrx_word' id='word_1_275' title='bbox 162 2638 280 2674; x_wconf 81' lang='lat' dir='ltr'>pendit,</span> <span class='ocrx_word' id='word_1_276' title='bbox 310 2641 345 2666; x_wconf 87' lang='lat' dir='ltr'>ut</span> <span class='ocrx_word' id='word_1_277' title='bbox 367 2638 454 2671; x_wconf 83' lang='lat' dir='ltr'>apud</span> <span class='ocrx_word' id='word_1_278' title='bbox 475 2644 534 2665; x_wconf 88' lang='lat' dir='ltr'>nos</span> <span class='ocrx_word' id='word_1_279' title='bbox 561 2638 639 2665; x_wconf 91' lang='lat' dir='ltr'>olim</span> <span class='ocrx_word' id='word_1_280' title='bbox 660 2637 784 2671; x_wconf 83' lang='lat' dir='ltr'>pedites</span> <span class='ocrx_word' id='word_1_281' title='bbox 810 2637 965 2674; x_wconf 85' lang='lat' dir='ltr'>gregarii,</span> 
     </span>
     <span class='ocr_line' id='line_1_55' title="bbox 160 2679 585 2720; baseline -0.002 -8"><span class='ocrx_word' id='word_1_282' title='bbox 160 2684 207 2713; x_wconf 85' lang='lat' dir='ltr'>ita</span> <span class='ocrx_word' id='word_1_283' title='bbox 232 2682 269 2720; x_wconf 85' lang='grc'>9,</span> <span class='ocrx_word' id='word_1_284' title='bbox 299 2681 375 2711; x_wconf 83' lang='grc'><strong>303.</strong></span> <span class='ocrx_word' id='word_1_285' title='bbox 420 2680 479 2719; x_wconf 87' lang='grc'>11,</span> <span class='ocrx_word' id='word_1_286' title='bbox 505 2679 585 2711; x_wconf 70' lang='lat'>11.‘</span> 
     </span>
    </p>

    <p class='ocr_par' dir='ltr' id='par_1_20' title="bbox 159 2725 967 2998">
     <span class='ocr_line' id='line_1_56' title="bbox 208 2725 967 2767; baseline 0 -10"><span class='ocrx_word' id='word_1_287' title='bbox 208 2727 284 2757; x_wconf 81' lang='grc'><strong>460.</strong></span> <span class='ocrx_word' id='word_1_288' title='bbox 311 2730 516 2767; x_wconf 78' lang='lat' dir='ltr'>retorquens</span> <span class='ocrx_word' id='word_1_289' title='bbox 548 2728 588 2758; x_wconf 78' lang='lat' dir='ltr'>cf.</span> <span class='ocrx_word' id='word_1_290' title='bbox 621 2725 659 2765; x_wconf 85' lang='lat'>7,</span> <span class='ocrx_word' id='word_1_291' title='bbox 690 2725 767 2757; x_wconf 86' lang='grc'><strong>666.</strong></span> <span class='ocrx_word' id='word_1_292' title='bbox 830 2728 886 2766; x_wconf 84' lang='grc' dir='ltr'>,,Α</span> <span class='ocrx_word' id='word_1_293' title='bbox 919 2728 967 2757; x_wconf 88' lang='lat' dir='ltr'>si-</span> 
     </span>
     <span class='ocr_line' id='line_1_57' title="bbox 159 2774 966 2811; baseline -0.002 -7"><span class='ocrx_word' id='word_1_294' title='bbox 159 2775 266 2804; x_wconf 84' lang='lat' dir='ltr'>nistro</span> <span class='ocrx_word' id='word_1_295' title='bbox 307 2777 441 2803; x_wconf 86' lang='lat' dir='ltr'>humero</span> <span class='ocrx_word' id='word_1_296' title='bbox 480 2775 598 2809; x_wconf 87' lang='lat' dir='ltr'>pellem</span> <span class='ocrx_word' id='word_1_297' title='bbox 631 2774 810 2803; x_wconf 83' lang='lat' dir='ltr'>demissam</span> <span class='ocrx_word' id='word_1_298' title='bbox 844 2774 966 2811; x_wconf 84' lang='lat' dir='ltr'>habuit,</span> 
     </span>
     <span class='ocr_line' id='line_1_58' title="bbox 160 2820 966 2857; baseline -0.002 -7"><span class='ocrx_word' id='word_1_299' title='bbox 160 2828 258 2857; x_wconf 83' lang='lat' dir='ltr'>quam</span> <span class='ocrx_word' id='word_1_300' title='bbox 285 2825 475 2855; x_wconf 81' lang='lat' dir='ltr'>retorquens</span> <span class='ocrx_word' id='word_1_301' title='bbox 507 2824 537 2849; x_wconf 88' lang='lat' dir='ltr'>et</span> <span class='ocrx_word' id='word_1_302' title='bbox 567 2820 601 2849; x_wconf 90' lang='lat' dir='ltr'>in</span> <span class='ocrx_word' id='word_1_303' title='bbox 629 2821 776 2849; x_wconf 86' lang='lat' dir='ltr'>dextram</span> <span class='ocrx_word' id='word_1_304' title='bbox 804 2827 966 2850; x_wconf 84' lang='lat' dir='ltr'>revocans</span> 
     </span>
     <span class='ocr_line' id='line_1_59' title="bbox 160 2862 964 2902; baseline -0.001 -6"><span class='ocrx_word' id='word_1_305' title='bbox 160 2871 285 2902; x_wconf 83' lang='lat' dir='ltr'>partem</span> <span class='ocrx_word' id='word_1_306' title='bbox 309 2875 345 2896; x_wconf 88' lang='lat' dir='ltr'>se</span> <span class='ocrx_word' id='word_1_307' title='bbox 368 2863 576 2896; x_wconf 72' lang='lat' dir='ltr'>amiciebat.“</span> <span class='ocrx_word' id='word_1_308' title='bbox 600 2867 632 2894; x_wconf 90' lang='lat' dir='ltr'>S.</span> <span class='ocrx_word' id='word_1_309' title='bbox 686 2862 738 2895; x_wconf 85' lang='lat' dir='ltr'>Pl.</span> <span class='ocrx_word' id='word_1_310' title='bbox 762 2866 846 2896; x_wconf 90' lang='lat' dir='ltr'>coni.</span> <span class='ocrx_word' id='word_1_311' title='bbox 878 2863 964 2895; x_wconf 78' lang='lat' dir='ltr'>Tum</span> 
     </span>
     <span class='ocr_line' id='line_1_60' title="bbox 162 2909 966 2952; baseline 0.001 -12"><span class='ocrx_word' id='word_1_312' title='bbox 162 2909 269 2942; x_wconf 80' lang='lat' dir='ltr'>lateri</span> <span class='ocrx_word' id='word_1_313' title='bbox 293 2910 337 2942; x_wconf 77' lang='lat' dir='ltr'>ab</span> <span class='ocrx_word' id='word_1_314' title='bbox 362 2910 468 2942; x_wconf 83' lang='lat' dir='ltr'>laeva</span> <span class='ocrx_word' id='word_1_315' title='bbox 499 2909 536 2941; x_wconf 85' lang='grc' dir='ltr'>Τ.</span> <span class='ocrx_word' id='word_1_316' title='bbox 567 2919 593 2941; x_wconf 90' lang='lat' dir='ltr'>s.</span> <span class='ocrx_word' id='word_1_317' title='bbox 627 2919 673 2949; x_wconf 86' lang='lat' dir='ltr'>e.,</span> <span class='ocrx_word' id='word_1_318' title='bbox 715 2909 966 2952; x_wconf 81' lang='lat' dir='ltr'>Demissaeque</span> 
     </span>
     <span class='ocr_line' id='line_1_61' title="bbox 161 2954 638 2998; baseline 0 -11"><span class='ocrx_word' id='word_1_319' title='bbox 161 2954 317 2988; x_wconf 80' lang='lat' dir='ltr'>humeris</span> <span class='ocrx_word' id='word_1_320' title='bbox 339 2967 374 2998; x_wconf 82' lang='lat' dir='ltr'>p.</span> <span class='ocrx_word' id='word_1_321' title='bbox 399 2960 422 2988; x_wconf 76' lang='lat' dir='ltr'>t.</span> <span class='ocrx_word' id='word_1_322' title='bbox 449 2959 638 2998; x_wconf 81' lang='lat' dir='ltr'>retorquet.</span> 
     </span>
    </p>

    <p class='ocr_par' dir='ltr' id='par_1_21' title="bbox 209 2999 966 3042">
     <span class='ocr_line' id='line_1_62' title="bbox 209 2999 966 3042; baseline 0.003 -10"><span class='ocrx_word' id='word_1_323' title='bbox 209 3001 286 3034; x_wconf 71' lang='grc'>461,</span> <span class='ocrx_word' id='word_1_324' title='bbox 312 3013 374 3035; x_wconf 81' lang='lat' dir='ltr'>nec</span> <span class='ocrx_word' id='word_1_325' title='bbox 398 3013 469 3034; x_wconf 84' lang='lat' dir='ltr'>non</span> <span class='ocrx_word' id='word_1_326' title='bbox 493 3005 526 3035; x_wconf 87' lang='lat' dir='ltr'>et</span> <span class='ocrx_word' id='word_1_327' title='bbox 551 3003 591 3034; x_wconf 85' lang='lat' dir='ltr'>cf.</span> <span class='ocrx_word' id='word_1_328' title='bbox 614 3003 646 3042; x_wconf 84' lang='lat'>5,</span> <span class='ocrx_word' id='word_1_329' title='bbox 673 2999 751 3033; x_wconf 91' lang='grc'><strong>100.</strong></span> <span class='ocrx_word' id='word_1_330' title='bbox 779 3018 817 3025; x_wconf 91' lang='lat'>——</span> <span class='ocrx_word' id='word_1_331' title='bbox 844 2999 966 3034; x_wconf 81' lang='lat' dir='ltr'>limine</span> 
     </span>
    </p>
   </div>
   <div class='ocr_carea' id='block_1_15' title="bbox 1735 1081 1820 1120">
    <p class='ocr_par' dir='ltr' id='par_1_22' title="bbox 1735 1081 1820 1120">
     <span class='ocr_line' id='line_1_63' title="bbox 1735 1081 1820 1120; baseline 0.012 -1"><span class='ocrx_word' id='word_1_332' title='bbox 1735 1081 1820 1120; x_wconf 82' lang='lat'>470</span> 
     </span>
    </p>
   </div>
   <div class='ocr_carea' id='block_1_16' title="bbox 1009 1215 1820 3042">
    <p class='ocr_par' dir='ltr' id='par_1_23' title="bbox 1011 1215 1820 1896">
     <span class='ocr_line' id='line_1_64' title="bbox 1013 1215 1820 1253; baseline 0.001 -6"><span class='ocrx_word' id='word_1_333' title='bbox 1013 1215 1055 1247; x_wconf 84' lang='lat' dir='ltr'>ab</span> <span class='ocrx_word' id='word_1_334' title='bbox 1085 1215 1159 1247; x_wconf 79' lang='lat' dir='ltr'>alto</span> <span class='ocrx_word' id='word_1_335' title='bbox 1186 1220 1267 1246; x_wconf 77' lang='lat' dir='ltr'>Mss.</span> <span class='ocrx_word' id='word_1_336' title='bbox 1318 1219 1397 1245; x_wconf 84' lang='lat' dir='ltr'>Sunt</span> <span class='ocrx_word' id='word_1_337' title='bbox 1425 1216 1543 1250; x_wconf 77' lang='lat' dir='ltr'>quibus</span> <span class='ocrx_word' id='word_1_338' title='bbox 1572 1218 1702 1247; x_wconf 77' lang='lat' dir='ltr'>videtur</span> <span class='ocrx_word' id='word_1_339' title='bbox 1726 1223 1820 1253; x_wconf 85' lang='lat' dir='ltr'>poeta</span> 
     </span>
     <span class='ocr_line' id='line_1_65' title="bbox 1012 1261 1819 1298; baseline 0 -5"><span class='ocrx_word' id='word_1_340' title='bbox 1012 1264 1132 1293; x_wconf 77' lang='lat' dir='ltr'>oblitus</span> <span class='ocrx_word' id='word_1_341' title='bbox 1150 1272 1234 1296; x_wconf 78' lang='lat' dir='ltr'>esse,</span> <span class='ocrx_word' id='word_1_342' title='bbox 1260 1271 1343 1298; x_wconf 80' lang='lat' dir='ltr'>quae</span> <span class='ocrx_word' id='word_1_343' title='bbox 1361 1271 1391 1290; x_wconf 85' lang='lat' dir='ltr'>v.</span> <span class='ocrx_word' id='word_1_344' title='bbox 1409 1261 1474 1289; x_wconf 75' lang='grc'>366</span> <span class='ocrx_word' id='word_1_345' title='bbox 1490 1263 1527 1290; x_wconf 86' lang='lat' dir='ltr'>de</span> <span class='ocrx_word' id='word_1_346' title='bbox 1545 1265 1657 1292; x_wconf 81' lang='lat' dir='ltr'>eadem</span> <span class='ocrx_word' id='word_1_347' title='bbox 1675 1266 1819 1293; x_wconf 78' lang='lat' dir='ltr'>Evandri</span> 
     </span>
     <span class='ocr_line' id='line_1_66' title="bbox 1012 1310 1820 1343; baseline 0.001 -5"><span class='ocrx_word' id='word_1_348' title='bbox 1012 1311 1104 1338; x_wconf 89' lang='lat' dir='ltr'>domo</span> <span class='ocrx_word' id='word_1_349' title='bbox 1135 1310 1274 1338; x_wconf 79' lang='lat' dir='ltr'>dixerat.</span> <span class='ocrx_word' id='word_1_350' title='bbox 1341 1310 1434 1337; x_wconf 85' lang='lat' dir='ltr'>Hunc</span> <span class='ocrx_word' id='word_1_351' title='bbox 1471 1314 1583 1343; x_wconf 77' lang='lat' dir='ltr'>poetae</span> <span class='ocrx_word' id='word_1_352' title='bbox 1622 1319 1686 1338; x_wconf 84' lang='lat' dir='ltr'>nou</span> <span class='ocrx_word' id='word_1_353' title='bbox 1718 1311 1820 1339; x_wconf 86' lang='lat' dir='ltr'>libra-</span> 
     </span>
     <span class='ocr_line' id='line_1_67' title="bbox 1012 1355 1819 1395; baseline 0.004 -12"><span class='ocrx_word' id='word_1_354' title='bbox 1012 1356 1134 1384; x_wconf 90' lang='lat' dir='ltr'>riorum</span> <span class='ocrx_word' id='word_1_355' title='bbox 1154 1363 1306 1389; x_wconf 72' lang='lat' dir='ltr'>errorem,</span> <span class='ocrx_word' id='word_1_356' title='bbox 1333 1355 1363 1382; x_wconf 88' lang='lat' dir='ltr'>si</span> <span class='ocrx_word' id='word_1_357' title='bbox 1385 1358 1481 1389; x_wconf 79' lang='lat' dir='ltr'>esset,</span> <span class='ocrx_word' id='word_1_358' title='bbox 1507 1356 1765 1395; x_wconf 77' lang='lat' dir='ltr'>emendaremus,</span> <span class='ocrx_word' id='word_1_359' title='bbox 1789 1357 1819 1386; x_wconf 86' lang='lat' dir='ltr'>si</span> 
     </span>
     <span class='ocr_line' id='line_1_68' title="bbox 1012 1399 1819 1436; baseline 0.001 -6"><span class='ocrx_word' id='word_1_360' title='bbox 1012 1410 1085 1431; x_wconf 84' lang='lat' dir='ltr'>cum</span> <span class='ocrx_word' id='word_1_361' title='bbox 1125 1402 1319 1429; x_wconf 73' lang='lat' dir='ltr'>Mai-Mando</span> <span class='ocrx_word' id='word_1_362' title='bbox 1360 1401 1559 1436; x_wconf 77' lang='lat' dir='ltr'>legeremus:</span> <span class='ocrx_word' id='word_1_363' title='bbox 1609 1399 1729 1430; x_wconf 82' lang='lat' dir='ltr'>limine</span> <span class='ocrx_word' id='word_1_364' title='bbox 1776 1401 1819 1431; x_wconf 77' lang='lat' dir='ltr'>ab</span> 
     </span>
     <span class='ocr_line' id='line_1_69' title="bbox 1012 1446 1818 1485; baseline 0.001 -10"><span class='ocrx_word' id='word_1_365' title='bbox 1012 1450 1113 1482; x_wconf 77' lang='lat' dir='ltr'>arto3</span> <span class='ocrx_word' id='word_1_366' title='bbox 1138 1454 1335 1481; x_wconf 66' lang='lat' dir='ltr'>‹piamun-am</span> <span class='ocrx_word' id='word_1_367' title='bbox 1362 1454 1461 1480; x_wconf 82' lang='lat' dir='ltr'>quum</span> <span class='ocrx_word' id='word_1_368' title='bbox 1487 1447 1577 1480; x_wconf 68' lang='lat' dir='ltr'>regia</span> <span class='ocrx_word' id='word_1_369' title='bbox 1603 1447 1645 1475; x_wconf 84' lang='lat' dir='ltr'>sit</span> <span class='ocrx_word' id='word_1_370' title='bbox 1673 1447 1712 1476; x_wconf 86' lang='lat' dir='ltr'>cf.</span> <span class='ocrx_word' id='word_1_371' title='bbox 1741 1446 1818 1485; x_wconf 81' lang='lat'>363,</span> 
     </span>
     <span class='ocr_line' id='line_1_70' title="bbox 1012 1490 1820 1527; baseline 0.001 -6"><span class='ocrx_word' id='word_1_372' title='bbox 1012 1495 1107 1521; x_wconf 78' lang='lat' dir='ltr'>habet</span> <span class='ocrx_word' id='word_1_373' title='bbox 1132 1491 1243 1521; x_wconf 84' lang='lat' dir='ltr'>altum</span> <span class='ocrx_word' id='word_1_374' title='bbox 1268 1490 1389 1527; x_wconf 83' lang='lat' dir='ltr'>limen,</span> <span class='ocrx_word' id='word_1_375' title='bbox 1419 1492 1449 1519; x_wconf 89' lang='lat' dir='ltr'>si</span> <span class='ocrx_word' id='word_1_376' title='bbox 1475 1500 1646 1527; x_wconf 81' lang='lat' dir='ltr'>comparas</span> <span class='ocrx_word' id='word_1_377' title='bbox 1671 1502 1743 1522; x_wconf 87' lang='lat' dir='ltr'>cum</span> <span class='ocrx_word' id='word_1_378' title='bbox 1769 1502 1820 1522; x_wconf 87' lang='lat' dir='ltr'>re-</span> 
     </span>
     <span class='ocr_line' id='line_1_71' title="bbox 1012 1539 1820 1573; baseline 0.001 -6"><span class='ocrx_word' id='word_1_379' title='bbox 1012 1540 1112 1573; x_wconf 80' lang='lat' dir='ltr'>liquis</span> <span class='ocrx_word' id='word_1_380' title='bbox 1137 1539 1304 1570; x_wconf 78' lang='lat' dir='ltr'>domibus:</span> <span class='ocrx_word' id='word_1_381' title='bbox 1341 1541 1475 1573; x_wconf 83' lang='lat' dir='ltr'>ortum,</span> <span class='ocrx_word' id='word_1_382' title='bbox 1514 1539 1543 1567; x_wconf 88' lang='lat' dir='ltr'>si</span> <span class='ocrx_word' id='word_1_383' title='bbox 1568 1547 1640 1567; x_wconf 88' lang='lat' dir='ltr'>cum</span> <span class='ocrx_word' id='word_1_384' title='bbox 1666 1540 1744 1568; x_wconf 83' lang='lat' dir='ltr'>aliis</span> <span class='ocrx_word' id='word_1_385' title='bbox 1768 1548 1820 1569; x_wconf 88' lang='lat' dir='ltr'>re—</span> 
     </span>
     <span class='ocr_line' id='line_1_72' title="bbox 1012 1585 1820 1619; baseline 0.001 -6"><span class='ocrx_word' id='word_1_386' title='bbox 1012 1586 1076 1619; x_wconf 70' lang='lat' dir='ltr'>giis</span> <span class='ocrx_word' id='word_1_387' title='bbox 1109 1585 1288 1619; x_wconf 81' lang='lat' dir='ltr'>componis.</span> <span class='ocrx_word' id='word_1_388' title='bbox 1346 1585 1385 1613; x_wconf 75' lang='lat' dir='ltr'>Ut</span> <span class='ocrx_word' id='word_1_389' title='bbox 1422 1586 1481 1611; x_wconf 81' lang='lat' dir='ltr'>hoc</span> <span class='ocrx_word' id='word_1_390' title='bbox 1521 1589 1634 1619; x_wconf 79' lang='lat' dir='ltr'>poetae</span> <span class='ocrx_word' id='word_1_391' title='bbox 1666 1586 1820 1615; x_wconf 81' lang='lat' dir='ltr'>obiicitur</span> 
     </span>
     <span class='ocr_line' id='line_1_73' title="bbox 1011 1627 1819 1670; baseline 0.001 -11"><span class='ocrx_word' id='word_1_392' title='bbox 1011 1632 1087 1659; x_wconf 87' lang='lat' dir='ltr'>siue</span> <span class='ocrx_word' id='word_1_393' title='bbox 1111 1638 1250 1667; x_wconf 74' lang='lat' dir='ltr'>caussa,</span> <span class='ocrx_word' id='word_1_394' title='bbox 1282 1630 1330 1658; x_wconf 89' lang='lat' dir='ltr'>sic</span> <span class='ocrx_word' id='word_1_395' title='bbox 1361 1627 1447 1670; x_wconf 72' lang='lat' dir='ltr'>Wg.</span> <span class='ocrx_word' id='word_1_396' title='bbox 1474 1638 1503 1658; x_wconf 80' lang='lat' dir='ltr'>v.</span> <span class='ocrx_word' id='word_1_397' title='bbox 1532 1629 1724 1659; x_wconf 72' lang='lat' dir='ltr'>359—36s</span> <span class='ocrx_word' id='word_1_398' title='bbox 1751 1632 1819 1660; x_wconf 84' lang='lat' dir='ltr'>dis—</span> 
     </span>
     <span class='ocr_line' id='line_1_74' title="bbox 1012 1677 1819 1711; baseline 0.001 -6"><span class='ocrx_word' id='word_1_399' title='bbox 1012 1677 1119 1705; x_wconf 87' lang='lat' dir='ltr'>sidere</span> <span class='ocrx_word' id='word_1_400' title='bbox 1145 1681 1255 1705; x_wconf 83' lang='lat' dir='ltr'>censet</span> <span class='ocrx_word' id='word_1_401' title='bbox 1284 1679 1324 1704; x_wconf 81' lang='lat' dir='ltr'>al)</span> <span class='ocrx_word' id='word_1_402' title='bbox 1350 1678 1410 1705; x_wconf 84' lang='lat' dir='ltr'>hoc</span> <span class='ocrx_word' id='word_1_403' title='bbox 1435 1677 1525 1711; x_wconf 88' lang='lat' dir='ltr'>loco,</span> <span class='ocrx_word' id='word_1_404' title='bbox 1562 1684 1637 1704; x_wconf 80' lang='lat' dir='ltr'>nam</span> <span class='ocrx_word' id='word_1_405' title='bbox 1665 1680 1724 1706; x_wconf 82' lang='lat' dir='ltr'>hoc</span> <span class='ocrx_word' id='word_1_406' title='bbox 1748 1679 1819 1707; x_wconf 89' lang='lat' dir='ltr'>loco</span> 
     </span>
     <span class='ocr_line' id='line_1_75' title="bbox 1011 1722 1819 1752; baseline 0.001 -1"><span class='ocrx_word' id='word_1_407' title='bbox 1011 1724 1162 1751; x_wconf 77' lang='lat' dir='ltr'>Aeneam</span> <span class='ocrx_word' id='word_1_408' title='bbox 1206 1727 1330 1751; x_wconf 88' lang='lat' dir='ltr'>noctem</span> <span class='ocrx_word' id='word_1_409' title='bbox 1371 1730 1434 1750; x_wconf 90' lang='lat' dir='ltr'>nou</span> <span class='ocrx_word' id='word_1_410' title='bbox 1479 1722 1512 1750; x_wconf 91' lang='lat' dir='ltr'>iu</span> <span class='ocrx_word' id='word_1_411' title='bbox 1551 1724 1644 1751; x_wconf 89' lang='lat' dir='ltr'>domo</span> <span class='ocrx_word' id='word_1_412' title='bbox 1674 1725 1819 1752; x_wconf 83' lang='lat' dir='ltr'>Evandri</span> 
     </span>
     <span class='ocr_line' id='line_1_76' title="bbox 1013 1768 1817 1803; baseline 0.001 -6"><span class='ocrx_word' id='word_1_413' title='bbox 1013 1769 1215 1802; x_wconf 71' lang='lat' dir='ltr'>transegisse</span> <span class='ocrx_word' id='word_1_414' title='bbox 1238 1768 1383 1803; x_wconf 78' lang='lat' dir='ltr'>narrari,</span> <span class='ocrx_word' id='word_1_415' title='bbox 1417 1775 1480 1801; x_wconf 85' lang='lat' dir='ltr'>qua</span> <span class='ocrx_word' id='word_1_416' title='bbox 1508 1768 1540 1796; x_wconf 89' lang='lat' dir='ltr'>iu</span> <span class='ocrx_word' id='word_1_417' title='bbox 1565 1777 1598 1796; x_wconf 91' lang='lat' dir='ltr'>re</span> <span class='ocrx_word' id='word_1_418' title='bbox 1626 1769 1751 1797; x_wconf 76' lang='lat' dir='ltr'>fallitur</span> <span class='ocrx_word' id='word_1_419' title='bbox 1776 1770 1817 1798; x_wconf 83' lang='lat' dir='ltr'>cf.</span> 
     </span>
     <span class='ocr_line' id='line_1_77' title="bbox 1012 1811 1817 1849; baseline 0.002 -7"><span class='ocrx_word' id='word_1_420' title='bbox 1012 1816 1054 1842; x_wconf 87' lang='lat' dir='ltr'>ad</span> <span class='ocrx_word' id='word_1_421' title='bbox 1084 1813 1160 1843; x_wconf 73' lang='grc'><strong>463.</strong></span> <span class='ocrx_word' id='word_1_422' title='bbox 1200 1829 1238 1833; x_wconf 95' lang='grc'>-</span> <span class='ocrx_word' id='word_1_423' title='bbox 1290 1811 1339 1841; x_wconf 81' lang='grc' dir='ltr'><strong>ΡΙ.</strong></span> <span class='ocrx_word' id='word_1_424' title='bbox 1377 1813 1480 1849; x_wconf 75' lang='lat' dir='ltr'>„Mitti</span> <span class='ocrx_word' id='word_1_425' title='bbox 1515 1821 1570 1846; x_wconf 85' lang='lat' dir='ltr'>pro</span> <span class='ocrx_word' id='word_1_426' title='bbox 1605 1812 1648 1843; x_wconf 83' lang='lat' dir='ltr'>ab</span> <span class='ocrx_word' id='word_1_427' title='bbox 1679 1813 1752 1844; x_wconf 80' lang='lat' dir='ltr'>atto</span> <span class='ocrx_word' id='word_1_428' title='bbox 1784 1816 1817 1844; x_wconf 93' lang='lat' dir='ltr'>in</span> 
     </span>
     <span class='ocr_line' id='line_1_78' title="bbox 1012 1858 1521 1896; baseline -0.006 -8"><span class='ocrx_word' id='word_1_429' title='bbox 1012 1864 1150 1889; x_wconf 88' lang='lat' dir='ltr'>mentem</span> <span class='ocrx_word' id='word_1_430' title='bbox 1178 1860 1266 1888; x_wconf 81' lang='lat' dir='ltr'>veuit</span> <span class='ocrx_word' id='word_1_431' title='bbox 1287 1858 1336 1894; x_wconf 77' lang='lat' dir='ltr'>C)</span> <span class='ocrx_word' id='word_1_432' title='bbox 1364 1858 1521 1896; x_wconf 51' lang='lat' dir='ltr'>aperta*</span> 
     </span>
    </p>

    <p class='ocr_par' dir='ltr' id='par_1_24' title="bbox 1013 1903 1818 1987">
     <span class='ocr_line' id='line_1_79' title="bbox 1060 1903 1818 1943; baseline 0.004 -10"><span class='ocrx_word' id='word_1_433' title='bbox 1060 1904 1136 1933; x_wconf 73' lang='lat'>⁴⁴52.</span> <span class='ocrx_word' id='word_1_434' title='bbox 1169 1903 1389 1934; x_wconf 67' lang='lat' dir='ltr'>Praevertunt</span> <span class='ocrx_word' id='word_1_435' title='bbox 1425 1912 1543 1933; x_wconf 84' lang='lat' dir='ltr'>cauum</span> <span class='ocrx_word' id='word_1_436' title='bbox 1581 1913 1684 1943; x_wconf 88' lang='lat' dir='ltr'>more,</span> <span class='ocrx_word' id='word_1_437' title='bbox 1729 1906 1759 1935; x_wconf 85' lang='lat' dir='ltr'>si</span> <span class='ocrx_word' id='word_1_438' title='bbox 1801 1915 1818 1936; x_wconf 89' lang='lat' dir='ltr'>e</span> 
     </span>
     <span class='ocr_line' id='line_1_80' title="bbox 1013 1952 1330 1987; baseline -0.006 -7"><span class='ocrx_word' id='word_1_439' title='bbox 1013 1956 1105 1987; x_wconf 84' lang='lat' dir='ltr'>porta</span> <span class='ocrx_word' id='word_1_440' title='bbox 1130 1952 1330 1980; x_wconf 87' lang='lat' dir='ltr'>emittuntur.</span> 
     </span>
    </p>

    <p class='ocr_par' dir='ltr' id='par_1_25' title="bbox 1012 1995 1819 2214">
     <span class='ocr_line' id='line_1_81' title="bbox 1060 1995 1818 2035; baseline 0.003 -11"><span class='ocrx_word' id='word_1_441' title='bbox 1060 1995 1136 2025; x_wconf 80' lang='grc'><strong>463.</strong></span> <span class='ocrx_word' id='word_1_442' title='bbox 1164 2000 1309 2033; x_wconf 80' lang='lat' dir='ltr'>secretu,</span> <span class='ocrx_word' id='word_1_443' title='bbox 1330 1996 1515 2025; x_wconf 82' lang='lat' dir='ltr'>interiorem</span> <span class='ocrx_word' id='word_1_444' title='bbox 1533 1997 1662 2025; x_wconf 84' lang='lat' dir='ltr'>aedium</span> <span class='ocrx_word' id='word_1_445' title='bbox 1684 2001 1818 2035; x_wconf 88' lang='lat' dir='ltr'>partem,</span> 
     </span>
     <span class='ocr_line' id='line_1_82' title="bbox 1013 2041 1817 2080; baseline 0.001 -9"><span class='ocrx_word' id='word_1_446' title='bbox 1013 2043 1046 2070; x_wconf 87' lang='lat' dir='ltr'>itt</span> <span class='ocrx_word' id='word_1_447' title='bbox 1067 2050 1132 2078; x_wconf 72' lang='lat' dir='ltr'>qua</span> <span class='ocrx_word' id='word_1_448' title='bbox 1157 2043 1302 2077; x_wconf 83' lang='lat' dir='ltr'>hospites</span> <span class='ocrx_word' id='word_1_449' title='bbox 1326 2047 1401 2070; x_wconf 82' lang='lat' dir='ltr'>suut</span> <span class='ocrx_word' id='word_1_450' title='bbox 1427 2042 1464 2071; x_wconf 84' lang='lat' dir='ltr'>cf.</span> <span class='ocrx_word' id='word_1_451' title='bbox 1492 2044 1565 2071; x_wconf 80' lang='lat' dir='ltr'>Hor.</span> <span class='ocrx_word' id='word_1_452' title='bbox 1592 2044 1626 2072; x_wconf 88' lang='lat' dir='ltr'>C.</span> <span class='ocrx_word' id='word_1_453' title='bbox 1654 2041 1684 2076; x_wconf 77' lang='lat'>2,</span> <span class='ocrx_word' id='word_1_454' title='bbox 1714 2042 1763 2080; x_wconf 83' lang='lat'>13,</span> <span class='ocrx_word' id='word_1_455' title='bbox 1787 2044 1817 2072; x_wconf 84' lang='lat'>6.</span> 
     </span>
     <span class='ocr_line' id='line_1_83' title="bbox 1015 2089 1819 2123; baseline 0.002 -7"><span class='ocrx_word' id='word_1_456' title='bbox 1015 2090 1076 2116; x_wconf 76' lang='lat' dir='ltr'>Sed</span> <span class='ocrx_word' id='word_1_457' title='bbox 1111 2097 1210 2123; x_wconf 87' lang='lat' dir='ltr'>quum</span> <span class='ocrx_word' id='word_1_458' title='bbox 1227 2089 1322 2116; x_wconf 62' lang='lat' dir='ltr'>&gt;illuc</span> <span class='ocrx_word' id='word_1_459' title='bbox 1356 2089 1431 2123; x_wconf 77' lang='lat' dir='ltr'>iret,</span> <span class='ocrx_word' id='word_1_460' title='bbox 1469 2089 1533 2117; x_wconf 82' lang='lat' dir='ltr'>iam</span> <span class='ocrx_word' id='word_1_461' title='bbox 1568 2089 1700 2117; x_wconf 77' lang='lat' dir='ltr'>obviam</span> <span class='ocrx_word' id='word_1_462' title='bbox 1727 2090 1819 2118; x_wconf 84' lang='lat' dir='ltr'>venit</span> 
     </span>
     <span class='ocr_line' id='line_1_84' title="bbox 1012 2134 1818 2172; baseline 0.004 -11"><span class='ocrx_word' id='word_1_463' title='bbox 1012 2134 1165 2171; x_wconf 82' lang='lat' dir='ltr'>Aeneas,</span> <span class='ocrx_word' id='word_1_464' title='bbox 1203 2135 1313 2168; x_wconf 78' lang='lat' dir='ltr'>itaque</span> <span class='ocrx_word' id='word_1_465' title='bbox 1337 2134 1370 2162; x_wconf 88' lang='lat' dir='ltr'>in</span> <span class='ocrx_word' id='word_1_466' title='bbox 1400 2134 1482 2162; x_wconf 82' lang='lat' dir='ltr'>atrio</span> <span class='ocrx_word' id='word_1_467' title='bbox 1510 2136 1697 2172; x_wconf 87' lang='lat' dir='ltr'>considunt,</span> <span class='ocrx_word' id='word_1_468' title='bbox 1732 2137 1818 2164; x_wconf 89' lang='lat' dir='ltr'>uude</span> 
     </span>
     <span class='ocr_line' id='line_1_85' title="bbox 1013 2179 1659 2214; baseline 0.002 -7"><span class='ocrx_word' id='word_1_469' title='bbox 1013 2183 1150 2214; x_wconf 80' lang='lat' dir='ltr'>possunt</span> <span class='ocrx_word' id='word_1_470' title='bbox 1176 2180 1347 2213; x_wconf 86' lang='lat' dir='ltr'>suspicere</span> <span class='ocrx_word' id='word_1_471' title='bbox 1369 2187 1454 2213; x_wconf 82' lang='lat' dir='ltr'>quae</span> <span class='ocrx_word' id='word_1_472' title='bbox 1479 2180 1556 2208; x_wconf 81' lang='lat' dir='ltr'>fiunt</span> <span class='ocrx_word' id='word_1_473' title='bbox 1581 2179 1659 2208; x_wconf 69' lang='lat'>524.</span> 
     </span>
    </p>

    <p class='ocr_par' dir='ltr' id='par_1_26' title="bbox 1013 2223 1819 2305">
     <span class='ocr_line' id='line_1_86' title="bbox 1060 2223 1819 2263; baseline 0.004 -11"><span class='ocrx_word' id='word_1_474' title='bbox 1060 2223 1136 2253; x_wconf 73' lang='lat'>⁴64.</span> <span class='ocrx_word' id='word_1_475' title='bbox 1162 2233 1358 2253; x_wconf 81' lang='lat' dir='ltr'>sermonum</span> <span class='ocrx_word' id='word_1_476' title='bbox 1392 2227 1424 2252; x_wconf 87' lang='lat' dir='ltr'>et</span> <span class='ocrx_word' id='word_1_477' title='bbox 1463 2223 1631 2263; x_wconf 72' lang='lat' dir='ltr'>promissi</span> <span class='ocrx_word' id='word_1_478' title='bbox 1664 2223 1819 2255; x_wconf 81' lang='lat' dir='ltr'>muneris</span> 
     </span>
     <span class='ocr_line' id='line_1_87' title="bbox 1013 2267 1580 2305; baseline -0.002 -6"><span class='ocrx_word' id='word_1_479' title='bbox 1013 2270 1033 2299; x_wconf 89' lang='lat' dir='ltr'>i.</span> <span class='ocrx_word' id='word_1_480' title='bbox 1059 2279 1085 2299; x_wconf 87' lang='lat' dir='ltr'>e.</span> <span class='ocrx_word' id='word_1_481' title='bbox 1113 2278 1197 2305; x_wconf 87' lang='lat' dir='ltr'>quae</span> <span class='ocrx_word' id='word_1_482' title='bbox 1224 2278 1256 2298; x_wconf 88' lang='lat' dir='ltr'>v.</span> <span class='ocrx_word' id='word_1_483' title='bbox 1288 2267 1346 2297; x_wconf 89' lang='grc'>171</span> <span class='ocrx_word' id='word_1_484' title='bbox 1378 2271 1580 2304; x_wconf 84' lang='lat' dir='ltr'>promiserat.</span> 
     </span>
    </p>

    <p class='ocr_par' dir='ltr' id='par_1_27' title="bbox 1011 2313 1820 2629">
     <span class='ocr_line' id='line_1_88' title="bbox 1060 2313 1818 2355; baseline 0.003 -12"><span class='ocrx_word' id='word_1_485' title='bbox 1060 2315 1136 2344; x_wconf 73' lang='lat'>⁴65.</span> <span class='ocrx_word' id='word_1_486' title='bbox 1164 2324 1198 2344; x_wconf 84' lang='lat' dir='ltr'>se</span> <span class='ocrx_word' id='word_1_487' title='bbox 1215 2313 1415 2343; x_wconf 83' lang='lat' dir='ltr'>matutinus</span> <span class='ocrx_word' id='word_1_488' title='bbox 1436 2314 1587 2355; x_wconf 77' lang='lat' dir='ltr'>agebat.-</span> <span class='ocrx_word' id='word_1_489' title='bbox 1614 2316 1720 2351; x_wconf 83' lang='lat' dir='ltr'>„Rem</span> <span class='ocrx_word' id='word_1_490' title='bbox 1738 2320 1818 2346; x_wconf 83' lang='lat' dir='ltr'>tem-</span> 
     </span>
     <span class='ocr_line' id='line_1_89' title="bbox 1014 2359 1817 2400; baseline 0.001 -10"><span class='ocrx_word' id='word_1_491' title='bbox 1014 2363 1103 2397; x_wconf 88' lang='lat' dir='ltr'>poris</span> <span class='ocrx_word' id='word_1_492' title='bbox 1129 2363 1169 2391; x_wconf 89' lang='lat' dir='ltr'>ad</span> <span class='ocrx_word' id='word_1_493' title='bbox 1198 2368 1372 2395; x_wconf 84' lang='lat' dir='ltr'>personam</span> <span class='ocrx_word' id='word_1_494' title='bbox 1402 2359 1603 2389; x_wconf 80' lang='lat' dir='ltr'>transtulit.“</span> <span class='ocrx_word' id='word_1_495' title='bbox 1629 2364 1660 2389; x_wconf 86' lang='lat' dir='ltr'>S.</span> <span class='ocrx_word' id='word_1_496' title='bbox 1712 2363 1759 2391; x_wconf 82' lang='lat' dir='ltr'>Cf.</span> <span class='ocrx_word' id='word_1_497' title='bbox 1787 2361 1817 2400; x_wconf 76' lang='lat'>4,</span> 
     </span>
     <span class='ocr_line' id='line_1_90' title="bbox 1013 2404 1819 2447; baseline 0.002 -12"><span class='ocrx_word' id='word_1_498' title='bbox 1013 2405 1091 2436; x_wconf 77' lang='lat'>490.</span> <span class='ocrx_word' id='word_1_499' title='bbox 1129 2411 1165 2436; x_wconf 82' lang='lat' dir='ltr'>G.</span> <span class='ocrx_word' id='word_1_500' title='bbox 1194 2406 1223 2442; x_wconf 83' lang='grc'>3,</span> <span class='ocrx_word' id='word_1_501' title='bbox 1249 2406 1316 2434; x_wconf 67' lang='grc'>538</span> <span class='ocrx_word' id='word_1_502' title='bbox 1343 2405 1449 2447; x_wconf 80' lang='lat' dir='ltr'>lupus</span> <span class='ocrx_word' id='word_1_503' title='bbox 1476 2404 1650 2447; x_wconf 77' lang='lat' dir='ltr'>gregibus</span> <span class='ocrx_word' id='word_1_504' title='bbox 1676 2411 1819 2437; x_wconf 77' lang='lat' dir='ltr'>noctur-</span> 
     </span>
     <span class='ocr_line' id='line_1_91' title="bbox 1011 2450 1818 2483; baseline -0.001 -1"><span class='ocrx_word' id='word_1_505' title='bbox 1011 2462 1078 2482; x_wconf 84' lang='lat' dir='ltr'>nus</span> <span class='ocrx_word' id='word_1_506' title='bbox 1121 2450 1335 2481; x_wconf 82' lang='lat' dir='ltr'>obambulat.</span> <span class='ocrx_word' id='word_1_507' title='bbox 1407 2454 1482 2481; x_wconf 91' lang='lat' dir='ltr'>Hor.</span> <span class='ocrx_word' id='word_1_508' title='bbox 1521 2453 1591 2481; x_wconf 81' lang='grc' dir='ltr'>ΑΡ.</span> <span class='ocrx_word' id='word_1_509' title='bbox 1633 2451 1699 2481; x_wconf 77' lang='grc'>268</span> <span class='ocrx_word' id='word_1_510' title='bbox 1749 2452 1818 2483; x_wconf 70' lang='grc' dir='ltr'>1ὀε</span> 
     </span>
     <span class='ocr_line' id='line_1_92' title="bbox 1013 2495 1819 2538; baseline 0 -10"><span class='ocrx_word' id='word_1_511' title='bbox 1013 2496 1232 2538; x_wconf 69' lang='lat' dir='ltr'>exemplaria</span> <span class='ocrx_word' id='word_1_512' title='bbox 1276 2495 1414 2527; x_wconf 79' lang='lat' dir='ltr'>Graeca</span> <span class='ocrx_word' id='word_1_513' title='bbox 1460 2501 1632 2527; x_wconf 77' lang='lat' dir='ltr'>nocturna</span> <span class='ocrx_word' id='word_1_514' title='bbox 1679 2502 1819 2528; x_wconf 71' lang='lat' dir='ltr'>versate</span> 
     </span>
     <span class='ocr_line' id='line_1_93' title="bbox 1012 2541 1820 2581; baseline 0.001 -8"><span class='ocrx_word' id='word_1_515' title='bbox 1012 2553 1132 2581; x_wconf 82' lang='lat' dir='ltr'>manu,</span> <span class='ocrx_word' id='word_1_516' title='bbox 1165 2545 1303 2573; x_wconf 84' lang='lat' dir='ltr'>versate</span> <span class='ocrx_word' id='word_1_517' title='bbox 1329 2541 1472 2572; x_wconf 80' lang='lat' dir='ltr'>diurna.</span> <span class='ocrx_word' id='word_1_518' title='bbox 1522 2544 1616 2573; x_wconf 82' lang='lat' dir='ltr'>Adde</span> <span class='ocrx_word' id='word_1_519' title='bbox 1639 2552 1671 2572; x_wconf 85' lang='lat' dir='ltr'>v.</span> <span class='ocrx_word' id='word_1_520' title='bbox 1698 2542 1764 2572; x_wconf 72' lang='lat'>543</span> <span class='ocrx_word' id='word_1_521' title='bbox 1788 2549 1820 2574; x_wconf 86' lang='lat' dir='ltr'>et</span> 
     </span>
     <span class='ocr_line' id='line_1_94' title="bbox 1012 2588 1817 2629; baseline 0.001 -10"><span class='ocrx_word' id='word_1_522' title='bbox 1012 2593 1065 2620; x_wconf 85' lang='lat' dir='ltr'>Gr.</span> <span class='ocrx_word' id='word_1_523' title='bbox 1093 2591 1114 2626; x_wconf 69' lang='lat' dir='ltr'>S</span> <span class='ocrx_word' id='word_1_524' title='bbox 1139 2588 1221 2625; x_wconf 80' lang='lat'>367,</span> <span class='ocrx_word' id='word_1_525' title='bbox 1249 2588 1279 2618; x_wconf 79' lang='lat'>2.</span> <span class='ocrx_word' id='word_1_526' title='bbox 1312 2604 1349 2609; x_wconf 85' lang='lat'>-—</span> <span class='ocrx_word' id='word_1_527' title='bbox 1381 2598 1416 2618; x_wconf 82' lang='lat' dir='ltr'>se</span> <span class='ocrx_word' id='word_1_528' title='bbox 1447 2588 1580 2629; x_wconf 75' lang='lat' dir='ltr'>agebat</span> <span class='ocrx_word' id='word_1_529' title='bbox 1609 2590 1648 2618; x_wconf 80' lang='lat' dir='ltr'>cf.</span> <span class='ocrx_word' id='word_1_530' title='bbox 1682 2588 1720 2627; x_wconf 78' lang='grc'>9,</span> <span class='ocrx_word' id='word_1_531' title='bbox 1740 2589 1817 2620; x_wconf 86' lang='grc'><strong>696.</strong></span> 
     </span>
    </p>

    <p class='ocr_par' dir='ltr' id='par_1_28' title="bbox 1012 2632 1819 2766">
     <span class='ocr_line' id='line_1_95' title="bbox 1058 2632 1819 2670; baseline 0 -5"><span class='ocrx_word' id='word_1_532' title='bbox 1058 2634 1136 2665; x_wconf 71' lang='grc'><strong>466.</strong></span> <span class='ocrx_word' id='word_1_533' title='bbox 1163 2633 1245 2664; x_wconf 83' lang='lat' dir='ltr'>huic</span> <span class='ocrx_word' id='word_1_534' title='bbox 1279 2651 1322 2654; x_wconf 97' lang='lat'><strong>—</strong></span> <span class='ocrx_word' id='word_1_535' title='bbox 1357 2633 1423 2663; x_wconf 80' lang='lat' dir='ltr'>itti.</span> <span class='ocrx_word' id='word_1_536' title='bbox 1482 2632 1574 2664; x_wconf 83' lang='lat' dir='ltr'>Huic</span> <span class='ocrx_word' id='word_1_537' title='bbox 1607 2636 1745 2670; x_wconf 84' lang='lat' dir='ltr'>pertinet</span> <span class='ocrx_word' id='word_1_538' title='bbox 1777 2638 1819 2665; x_wconf 86' lang='lat' dir='ltr'>ad</span> 
     </span>
     <span class='ocr_line' id='line_1_96' title="bbox 1012 2681 1818 2719; baseline 0.001 -8"><span class='ocrx_word' id='word_1_539' title='bbox 1012 2691 1101 2719; x_wconf 88' lang='lat' dir='ltr'>eum,</span> <span class='ocrx_word' id='word_1_540' title='bbox 1135 2682 1191 2717; x_wconf 84' lang='lat' dir='ltr'>qui</span> <span class='ocrx_word' id='word_1_541' title='bbox 1222 2681 1417 2718; x_wconf 82' lang='lat' dir='ltr'>cogitatione</span> <span class='ocrx_word' id='word_1_542' title='bbox 1448 2689 1513 2709; x_wconf 90' lang='lat' dir='ltr'>non</span> <span class='ocrx_word' id='word_1_543' title='bbox 1545 2682 1616 2710; x_wconf 86' lang='lat' dir='ltr'>loco</span> <span class='ocrx_word' id='word_1_544' title='bbox 1647 2683 1818 2717; x_wconf 87' lang='lat' dir='ltr'>proximus</span> 
     </span>
     <span class='ocr_line' id='line_1_97' title="bbox 1012 2724 1437 2766; baseline -0.007 -9"><span class='ocrx_word' id='word_1_545' title='bbox 1012 2733 1077 2766; x_wconf 82' lang='lat' dir='ltr'>est,</span> <span class='ocrx_word' id='word_1_546' title='bbox 1103 2728 1143 2757; x_wconf 85' lang='lat' dir='ltr'>cf.</span> <span class='ocrx_word' id='word_1_547' title='bbox 1170 2730 1222 2756; x_wconf 89' lang='lat' dir='ltr'>Gr.</span> <span class='ocrx_word' id='word_1_548' title='bbox 1248 2727 1270 2762; x_wconf 69' lang='lat' dir='ltr'>S</span> <span class='ocrx_word' id='word_1_549' title='bbox 1297 2724 1380 2764; x_wconf 80' lang='lat'>381,</span> <span class='ocrx_word' id='word_1_550' title='bbox 1408 2726 1437 2755; x_wconf 87' lang='lat'>3.</span> 
     </span>
    </p>

    <p class='ocr_par' dir='ltr' id='par_1_29' title="bbox 1011 2771 1818 2947">
     <span class='ocr_line' id='line_1_98' title="bbox 1061 2771 1818 2811; baseline 0.001 -9"><span class='ocrx_word' id='word_1_551' title='bbox 1061 2772 1138 2802; x_wconf 69' lang='lat'>468.</span> <span class='ocrx_word' id='word_1_552' title='bbox 1165 2771 1279 2810; x_wconf 84' lang='lat' dir='ltr'>licito,</span> <span class='ocrx_word' id='word_1_553' title='bbox 1311 2773 1395 2807; x_wconf 86' lang='lat' dir='ltr'>quod</span> <span class='ocrx_word' id='word_1_554' title='bbox 1428 2772 1493 2801; x_wconf 86' lang='lat' dir='ltr'>soli</span> <span class='ocrx_word' id='word_1_555' title='bbox 1511 2776 1615 2811; x_wconf 80' lang='lat' dir='ltr'>sunt,</span> <span class='ocrx_word' id='word_1_556' title='bbox 1652 2777 1707 2802; x_wconf 85' lang='lat' dir='ltr'>aut</span> <span class='ocrx_word' id='word_1_557' title='bbox 1735 2776 1818 2809; x_wconf 84' lang='lat' dir='ltr'>quod</span> 
     </span>
     <span class='ocr_line' id='line_1_99' title="bbox 1011 2819 1815 2849; baseline 0 0"><span class='ocrx_word' id='word_1_558' title='bbox 1011 2823 1161 2849; x_wconf 86' lang='lat' dir='ltr'>hesterno</span> <span class='ocrx_word' id='word_1_559' title='bbox 1193 2819 1245 2847; x_wconf 85' lang='lat' dir='ltr'>die</span> <span class='ocrx_word' id='word_1_560' title='bbox 1271 2820 1309 2847; x_wconf 83' lang='lat' dir='ltr'>ob</span> <span class='ocrx_word' id='word_1_561' title='bbox 1338 2826 1435 2848; x_wconf 84' lang='lat' dir='ltr'>sacra</span> <span class='ocrx_word' id='word_1_562' title='bbox 1459 2820 1497 2847; x_wconf 89' lang='lat' dir='ltr'>de</span> <span class='ocrx_word' id='word_1_563' title='bbox 1520 2819 1600 2848; x_wconf 83' lang='lat' dir='ltr'>belli</span> <span class='ocrx_word' id='word_1_564' title='bbox 1628 2822 1725 2848; x_wconf 81' lang='lat' dir='ltr'>rebus</span> <span class='ocrx_word' id='word_1_565' title='bbox 1750 2829 1815 2849; x_wconf 90' lang='lat' dir='ltr'>non</span> 
     </span>
     <span class='ocr_line' id='line_1_100' title="bbox 1011 2861 1817 2899; baseline 0 -4"><span class='ocrx_word' id='word_1_566' title='bbox 1011 2867 1137 2896; x_wconf 88' lang='lat' dir='ltr'>licitum</span> <span class='ocrx_word' id='word_1_567' title='bbox 1164 2868 1234 2894; x_wconf 89' lang='lat' dir='ltr'>erat</span> <span class='ocrx_word' id='word_1_568' title='bbox 1259 2864 1411 2899; x_wconf 86' lang='lat' dir='ltr'>colloqui.</span> <span class='ocrx_word' id='word_1_569' title='bbox 1435 2880 1472 2884; x_wconf 97' lang='lat'><strong>—</strong></span> <span class='ocrx_word' id='word_1_570' title='bbox 1502 2861 1550 2893; x_wconf 84' lang='grc' dir='ltr'><strong>ΡΙ.</strong></span> <span class='ocrx_word' id='word_1_571' title='bbox 1575 2866 1658 2894; x_wconf 85' lang='lat' dir='ltr'>coni.</span> <span class='ocrx_word' id='word_1_572' title='bbox 1685 2863 1817 2895; x_wconf 79' lang='lat' dir='ltr'>tacito!</span> 
     </span>
     <span class='ocr_line' id='line_1_101' title="bbox 1011 2907 1625 2947; baseline -0.005 -6"><span class='ocrx_word' id='word_1_573' title='bbox 1011 2913 1095 2947; x_wconf 87' lang='lat' dir='ltr'>quod</span> <span class='ocrx_word' id='word_1_574' title='bbox 1121 2912 1266 2946; x_wconf 85' lang='lat' dir='ltr'>explicat</span> <span class='ocrx_word' id='word_1_575' title='bbox 1295 2907 1435 2939; x_wconf 76' lang='lat' dir='ltr'>remotis</span> <span class='ocrx_word' id='word_1_576' title='bbox 1461 2907 1625 2939; x_wconf 78' lang='lat' dir='ltr'>arbitris!</span> 
     </span>
    </p>

    <p class='ocr_par' dir='ltr' id='par_1_30' title="bbox 1009 2953 1818 3042">
     <span class='ocr_line' id='line_1_102' title="bbox 1058 2953 1818 2986; baseline 0 0"><span class='ocrx_word' id='word_1_577' title='bbox 1058 2956 1135 2986; x_wconf 77' lang='lat'>470.</span> <span class='ocrx_word' id='word_1_578' title='bbox 1164 2956 1363 2986; x_wconf 85' lang='lat' dir='ltr'>Simillimus</span> <span class='ocrx_word' id='word_1_579' title='bbox 1389 2959 1438 2985; x_wconf 83' lang='lat' dir='ltr'>est</span> <span class='ocrx_word' id='word_1_580' title='bbox 1455 2958 1547 2986; x_wconf 87' lang='lat' dir='ltr'>locus</span> <span class='ocrx_word' id='word_1_581' title='bbox 1563 2956 1691 2985; x_wconf 89' lang='lat' dir='ltr'>Ovidii:</span> <span class='ocrx_word' id='word_1_582' title='bbox 1739 2953 1818 2986; x_wconf 87' lang='lat' dir='ltr'>Non</span> 
     </span>
     <span class='ocr_line' id='line_1_103' title="bbox 1009 2999 1813 3042; baseline -0.002 -8"><span class='ocrx_word' id='word_1_583' title='bbox 1009 3005 1085 3034; x_wconf 80' lang='lat' dir='ltr'>tota</span> <span class='ocrx_word' id='word_1_584' title='bbox 1110 3001 1213 3033; x_wconf 82' lang='lat' dir='ltr'>cadet</span> <span class='ocrx_word' id='word_1_585' title='bbox 1238 3004 1271 3032; x_wconf 85' lang='lat' dir='ltr'>te</span> <span class='ocrx_word' id='word_1_586' title='bbox 1299 2999 1430 3042; x_wconf 81' lang='lat' dir='ltr'>sospite</span> <span class='ocrx_word' id='word_1_587' title='bbox 1457 2999 1566 3031; x_wconf 80' lang='lat' dir='ltr'>Troia</span> <span class='ocrx_word' id='word_1_588' title='bbox 1591 3004 1636 3031; x_wconf 86' lang='lat' dir='ltr'>M.</span> <span class='ocrx_word' id='word_1_589' title='bbox 1668 3000 1719 3042; x_wconf 81' lang='lat'>15,</span> <span class='ocrx_word' id='word_1_590' title='bbox 1745 3000 1813 3032; x_wconf 73' lang='lat'>440</span> 
     </span>
    </p>
   </div>
  </div>
 </body>
</html>
