2023 3350
192 101 274 141 29ss

192 210 443 265 Deiphobus
483 213 655 252 contra:

761 98 797 129 P.
823 96 1022 130 VIRGILII
1046 96 1260 132 MARONIS

716 209 781 251 Ne
816 209 950 261 saevi,
991 224 1150 263 magna
1184 210 1409 264 sacerdos3

192 269 443 318 Discedam,
483 267 666 322 explebo
700 281 944 317 numerum,
984 267 1230 323 reddarque
1268 269 1472 311 tenebris.

1765 269 1848 309 545

194 328 213 369 Ι
249 325 399 377 decus,
438 325 470 373 i,
511 328 728 376 nostrum,
769 323 1022 365 melioribus
1058 329 1179 366 utere
1213 325 1328 368 fatis.

193 384 379 425 Tantum
416 381 571 424 effatus
610 386 653 424 et
690 383 734 423 in
770 381 903 423 verbo
940 381 1125 434 vestigia
1160 384 1332 436 pressit.

310 440 502 493 Respicit
533 440 701 482 Aeneas
736 439 903 490 subito,
945 442 988 480 et
1023 439 1102 480 sub
1139 453 1246 493 rupe
1281 441 1458 484 sinistra

194 498 366 540 Moenia
400 498 493 539 lata
531 498 670 549 videt,
711 497 874 551 triplici
910 496 1178 538 circumdata
1213 511 1347 550 muro,

195 556 314 606 Quae
352 555 532 609 rapidus
569 555 754 597 flammis
794 554 932 596 ambit
971 553 1240 595 torrentibus
1276 555 1414 597 amnis
1766 560 1849 600 550

194 613 428 654 Tartareus
467 613 757 667 Phlegethon,
797 615 1061 665 torquetque
1101 613 1300 654 sonantia
1338 627 1456 655 saxa.

194 671 328 712 Porta
364 671 565 723 adversa,
601 672 771 725 ingens,
807 669 1033 723 solidoque
1068 669 1300 711 adamante
1341 670 1576 726 columnae,

194 729 271 770 Vis
307 732 358 769 ut
394 728 515 770 nulla
548 729 707 780 virum,
747 741 835 769 non
870 728 954 781 ipsi
992 727 1241 769 exscindere
1281 727 1396 769 ferro

196 786 438 829 Caelicolae
473 786 657 829 valeant.

724 786 822 828 Stat
857 784 999 827 ferrea
1037 785 1174 827 turris
1211 784 1267 827 ad
1303 800 1456 839 auras,

195 844 515 898 Tisiphoneque
551 844 722 896 sedens,
762 843 883 898 palla
920 842 1141 885 succincta
1178 848 1368 895 cruenta,

1769 848 1850 887 555

195 901 467 943 Vestibulum
506 902 721 944 exsomnis
757 904 902 943 servat
939 904 1176 955 noctesque
1212 901 1400 956 diesque.

196 959 309 1001 Hinc
347 959 544 1002 exaudiri
580 960 784 1015 gemitus,
826 962 870 1001 et
906 972 1034 1001 saeva
1072 972 1227 1001 sonare

198 1102 239 1130 ad
274 1109 410 1136 poenam
442 1103 584 1139 deducit,
627 1102 733 1137 ipsam
768 1109 905 1137 poenam
936 1102 1002 1130 iam

199 1147 316 1177 dicitur
341 1156 504 1184 exercere,
538 1153 568 1177 et
593 1150 675 1183 quod
700 1149 848 1183 Tartara,
873 1148 906 1176 in
930 1148 1002 1182 qui-

198 1196 259 1222 bus
284 1194 375 1228 impii
399 1195 593 1230 puniuntur,
624 1194 726 1228 impia
751 1194 912 1223 dicuntur.
957 1194 1004 1222 At

198 1247 276 1268 vere
299 1243 479 1275 utrumque.
517 1255 556 1259 —
599 1237 770 1269 Erercere
793 1247 929 1278 poenas
956 1241 1003 1268 le-

197 1285 284 1322 gitur
307 1286 383 1315 Tac.
408 1286 452 1317 A.
482 1283 515 1323 l,
544 1282 598 1314 44.

247 1338 324 1370 544.
352 1338 450 1371 saevi
497 1350 560 1379 „ne
606 1342 757 1371 irascere.
831 1341 1003 1371 Terentius

201 1387 323 1422 (Andr.
347 1387 385 1425 5,
418 1386 456 1424 2,
490 1386 553 1424 27]
585 1395 627 1416 ne
656 1384 755 1416 saevi
778 1388 878 1416 tanto
903 1394 1005 1428 opere

200 1437 230 1462 et
268 1433 401 1468 antique
438 1434 557 1463 dictum
592 1437 652 1462 est.
715 1435 796 1461 Nam
836 1441 922 1462 nunc
961 1440 1004 1462 ne

201 1477 343 1507 saevias
368 1479 523 1517 dicimus,
558 1488 617 1508 nec
643 1479 874 1513 imperativum
897 1479 1005 1515 iungi-

201 1532 274 1554 mus
301 1525 457 1555 adverbio
484 1523 709 1561 imperantis.“
744 1527 775 1553 S.
825 1526 873 1553 De
898 1533 932 1554 re
964 1524 1003 1554 cf.

202 1572 254 1599 Gr.
281 1570 303 1606 g
329 1568 405 1600 422.

247 1624 325 1656 545.
351 1624 496 1668 explebo
519 1635 703 1656 numerum
731 1636 776 1657 sc.
804 1635 958 1665 meorum,
982 1627 1003 1656 i.

201 1682 228 1702 e.
251 1680 375 1710 earum,
401 1674 595 1709 quibuscum
619 1673 749 1702 iunctus
775 1682 847 1702 sum
870 1678 897 1702 et
920 1681 1004 1708 (nias

200 1719 330 1756 reliqui,
357 1723 556 1753 umbrarum,
581 1720 759 1754 reddarque
779 1719 839 1753 (cf.
860 1728 892 1747 v.
913 1718 1001 1755 520)

200 1766 272 1794 loco
311 1768 465 1801 obscuro;
513 1765 684 1799 statimque
722 1765 882 1794 subsistit.
941 1766 1003 1793 Sed

201 1808 343 1850 explebo
363 1819 543 1840 nanterum
566 1811 595 1839 id
615 1811 800 1846 significare
821 1820 884 1839 non
902 1815 1003 1846 potest

201 1857 427 1892 demonstrari,
453 1858 508 1886 sed
533 1858 625 1885 modo
652 1857 788 1893 coniici3
815 1861 844 1885 et
865 1857 1004 1885 Servius

201 1903 248 1931 ita
271 1904 416 1938 ambigit,
443 1907 477 1931 ut
502 1900 640 1942 erplcre
664 1903 762 1931 etiam
786 1903 925 1938 explicet
950 1911 1005 1938 per

201 1945 376 1977 minum-c.-
408 1949 553 1978 minuam
579 1956 749 1977 numerum
776 1956 821 1977 sc.
847 1954 1004 1985 vestrum,

201 2002 262 2023 vos
292 1995 486 2029 relinquam.
536 1996 573 2022 In
600 1995 713 2023 eadem
745 1998 821 2023 sunt
853 1995 1006 2029 opinione

203 2040 323 2077 Caper,
355 2041 496 2077 Nonius,
528 2041 677 2068 Donatus
709 2042 749 2069 ad
775 2041 846 2069 Ter.
872 2042 948 2069 Hec.
974 2040 1005 2077 5,

203 2082 234 2122 1,
259 2084 313 2114 29.
354 2083 559 2115 Lachmann
580 2087 674 2114 Lucr.
697 2085 726 2121 4,
753 2084 828 2115 532.
879 2087 1005 2115 'Versus

203 2133 279 2169 hos,
314 2139 395 2167 quos
425 2133 514 2160 alius
546 2140 609 2160 non
636 2132 726 2168 fecit,
759 2137 854 2166 poeta
877 2133 1005 2161 videtur

203 2178 366 2207 abiecisse
390 2179 497 2214 modo,
524 2181 636 2212 postea
660 2179 895 2212 emendandus,
922 2186 1005 2207 rem-

203 2232 264 2258 que
290 2225 381 2252 modo
407 2225 638 2260 adumbrasse,
669 2228 780 2258 postea
806 2224 1006 2253 luculentius

203 2270 458 2299 describendam.
516 2269 625 2298 Sensit
665 2270 799 2305 singula
831 2275 910 2305 apta
942 2278 1007 2298 non

204 2324 294 2351 esse;
320 2316 424 2344 noluit
451 2319 558 2344 tamen
580 2317 679 2344 verba
700 2317 825 2350 poetica
849 2317 1006 2352 omittere,

204 2362 323 2396 quibus
348 2362 414 2391 alio
438 2366 580 2396 tempore
605 2365 762 2397 uteretnr3
801 2366 829 2390 et
857 2363 1007 2390 videmus

205 2410 265 2437 hoc
285 2409 356 2437 loco
381 2407 510 2443 firmari,
540 2414 623 2441 quae
647 2408 685 2435 de
706 2407 848 2443 Virgilio
873 2402 1019 2436 narrant*

470 2452 517 2482 Cf.
544 2452 651 2481 Praef.

250 2508 328 2540 546.
355 2508 460 2540 decus
479 2511 647 2538 nostrum.
697 2509 750 2539 Sic
773 2516 824 2544 ap.
852 2509 890 2537 H.
918 2509 951 2538 C.
976 2507 1007 2545 3,

205 2553 265 2590 16,
291 2555 334 2584 20
369 2554 555 2585 Maecenas
580 2558 627 2583 est
656 2553 808 2593 equitnm
837 2552 952 2583 decus.

250 2611 327 2642 5⁴7.
353 2610 482 2653 pressit
502 2613 565 2640 MR
590 2613 632 2640 al.
662 2627 699 2630 —
725 2608 827 2640 torsit
853 2611 907 2645 qui
928 2614 1007 2639 Mss.

204 2660 362 2693 habeant,
394 2666 459 2687 non
492 2659 609 2694 liquet,
649 2661 813 2691 receptum
845 2657 879 2685 in
911 2658 1006 2685 editis

205 2707 243 2733 ob
270 2714 302 2734 v.
331 2702 394 2732 545
429 2708 459 2733 et
488 2707 618 2732 bonum.
668 2704 729 2731 Sed
754 2711 817 2731 non
844 2705 1006 2737 extemplo

204 2755 333 2785 propter
358 2759 389 2779 v.
422 2747 487 2777 545
512 2750 637 2785 cogitur
660 2749 774 2779 redire.
804 2751 832 2776 et
859 2749 889 2776 si
914 2750 1004 2777 modo

205 2797 415 2829 subsistebat,
441 2795 507 2823 iam
531 2795 691 2823 satisfecit
717 2795 876 2829 Sibyllae.
902 2803 1005 2828 neque

204 2842 291 2870 enim
314 2850 409 2870 snum
433 2843 538 2869 locum
566 2845 614 2869 est
642 2847 805 2877 egressus.
855 2841 891 2867 Et
917 2841 1006 2868 veri-

207 2887 315 2915 simile
330 2891 389 2919 est.
415 2895 487 2915 eum
507 2890 682 2915 restantem
701 2887 888 2914 decedentes
908 2894 1006 2919 qnam

207 2934 301 2965 lonae
326 2936 465 2967 poterat,
496 2932 601 2961 oculis
626 2940 699 2960 esse
724 2935 938 2966 prosecutum.
966 2947 1003 2951 -

212 2974 341 3006 Pressit
361 2975 515 3016 vestigia
541 2978 659 3012 legitur
682 2978 748 3006 iam
774 2973 845 3005 197.
866 2975 941 3005 3:31.
963 2993 1008 2996 —

208 3019 243 3049 ιἰι
277 3020 397 3060 verbo,
438 3024 511 3051 dum
543 3026 677 3052 verbnm
710 3023 868 3059 loquitur,
906 3031 1008 3052 enun-

204 2453 419 2490 grammatici.

1050 1102 1198 1131 tiationis
1221 1101 1438 1131 secundariae
1457 1100 1561 1130 instar
1579 1104 1637 1130 est.
1677 1100 1733 1131 Sic
1755 1108 1854 1137 saepe

1051 1149 1174 1178 cicero.
1225 1148 1272 1177 Cf.
1301 1145 1337 1185 4,
1365 1145 1442 1176 663.

1234 1224 1300 1257 548
1310 1242 1355 1246 -
1365 1224 1442 1256 627.
1492 1223 1671 1256 Tartarus.

1097 1281 1174 1312 548.
1201 1285 1287 1313 Dum
1320 1285 1361 1312 ad
1384 1284 1536 1319 Elysium
1562 1287 1716 1321 pergunt,
1746 1284 1781 1313 in
1807 1284 1855 1313 si-

1049 1330 1154 1358 nistra
1184 1334 1274 1365 parte
1306 1330 1435 1359 moenia
1468 1330 1596 1362 vident,
1631 1330 1750 1364 quibus
1770 1331 1852 1359 Tar—

1050 1380 1141 1405 tarus
1165 1376 1313 1405 inclusus
1336 1380 1400 1410 est,
1436 1376 1636 1409 audiuntque
1666 1376 1854 1413 strepitum

1051 1425 1117 1450 tum
1154 1422 1241 1451 docet
1276 1423 1422 1450 Aeneam
1456 1422 1604 1457 Sibylla,
1647 1422 1703 1455 qui
1741 1422 1853 1460 insint,

1052 1468 1117 1502 ipsi
1152 1468 1238 1496 enim
1272 1476 1335 1496 non
1370 1468 1443 1496 lieet
1478 1467 1578 1496 adire.
1616 1481 1653 1486 —
1699 1464 1856 1506 Respicit

1053 1512 1191 1543 Aeneas
1219 1511 1352 1549 subito,
1381 1516 1423 1542 M.
1468 1514 1530 1541 Sed
1556 1511 1716 1548 Aeneas,-
1740 1511 1855 1543 subito

1055 1556 1110 1587 ΡΙ.
1151 1556 1211 1588 Hb.
1268 1561 1305 1588 In
1344 1556 1458 1588 subito
1491 1565 1612 1588 caussa
1650 1559 1754 1596 inest,
1798 1567 1856 1590 cur

1051 1605 1223 1643 respiciat,
1251 1613 1296 1634 sc.
1321 1606 1405 1640 quod
1428 1605 1570 1634 sonitum
1595 1605 1695 1633 audit.

1097 1648 1174 1679 549.
1203 1648 1338 1679 moenia
1369 1648 1591 1679 circumdata
1619 1657 1718 1679 muro
1753 1650 1794 1680 cf.
1824 1649 1856 1689 2,

1051 1693 1128 1724 234.
1158 1712 1201 1716 —-
1226 1694 1316 1732 lata,
1344 1698 1428 1725 unde
1452 1696 1645 1733 intelligitur
1670 1698 1856 1727 nocendum

1050 1742 1233 1771 multitudo.

1096 1785 1173 1816 551.
1202 1788 1423 1827 torquetque
1448 1787 1487 1817 cf.
1515 1784 1654 1823 8325.

1098 1831 1175 1862 ⁵52.
1200 1836 1305 1872 porta
1347 1831 1515 1868 adversa,
1557 1833 1705 1868 opposita
1737 1833 1777 1864 cf.
1823 1830 1854 1870 l,

1052 1876 1129 1908 420.
1185 1880 1425 1911 ..Distinctione
1455 1880 1693 1908 excludendum
1722 1884 1771 1909 est
1801 1879 1855 1908 vi—

1052 1925 1132 1953 tium
1159 1926 1196 1954 de
1229 1928 1353 1954 duobus
1383 1923 1569 1960 epin1etis.“
1602 1927 1634 1953 S.
1667 1941 1706 1946 —-
1743 1922 1857 1954 solido

1054 1968 1248 2000 adamante
1275 1969 1481 2006 columnam
1513 1972 1551 1999 de
1581 1971 1728 2000 ablativo
1759 1971 1799 2001 cf.
1827 1969 1857 2006 3,

1054 2013 1130 2045 618.
1180 2019 1227 2046 Ea
1245 2025 1329 2052 quae
1341 2019 1498 2046 Tartarus
1517 2019 1621 2050 habet,
1646 2019 1702 2046 vel
1722 2017 1767 2046 dii
1793 2025 1858 2046 non

1053 2068 1188 2097 possunt
1215 2064 1357 2098 eripere3
1388 2070 1463 2091 nam
1487 2064 1624 2091 adamas
1641 2063 1728 2098 lapis
1749 2064 1858 2092 duris-

1052 2109 1157 2137 simus
1183 2111 1267 2144 apud
1290 2114 1401 2144 poetas
1424 2109 1554 2143 signum
1577 2113 1625 2137 est
1649 2109 1858 2138 necessitatis

1052 2154 1200 2184 invictae
1227 2156 1301 2184 Hor.
1330 2156 1364 2184 C.
1390 2153 1426 2191 3,
1454 2151 1514 2190 24,
1542 2154 1562 2181 5
1594 2151 1624 2183 si
1643 2152 1735 2194 figit
1769 2152 1859 2183 acia-

1052 2198 1232 2229 mantinos
1256 2197 1402 2230 summis
1420 2197 1608 2228 verticibus
1628 2197 1710 2228 dira
1736 2197 1861 2229 Neces-

1054 2243 1142 2275 sitas
1167 2244 1335 2276 clavos...
1366 2261 1404 2266 —-
1433 2246 1588 2274 Eiusdem
1611 2246 1859 2282 significationis

1053 2297 1100 2320 est
1125 2290 1286 2330 ferreus,
1320 2299 1451 2321 aeneus
1482 2291 1520 2321 cf.
1548 2289 1625 2320 630.
1659 2307 1697 2312 —-
1732 2289 1860 2333 ingens

1053 2338 1092 2367 cf.
1122 2336 1197 2366 ³283.

1102 2381 1178 2411 553.
1201 2382 1300 2421 ferro
1322 2385 1365 2411 M.
1393 2384 1436 2411 al.
1464 2384 1496 2411 S.
1526 2398 1565 2403 —
1586 2379 1677 2411 bello
1694 2384 1791 2412 FPR.
1814 2385 1860 2413 al.

1055 2437 1117 2458 rec.
1152 2426 1213 2457 LA.
1242 2426 1304 2457 ΙΝ).

1102 2472 1178 2503 554.
1207 2476 1277 2503 stat
1315 2471 1362 2503 ad
1399 2481 1529 2512 auras,
1575 2482 1706 2504 sursum
1745 2474 1785 2505 cf.
1826 2472 1857 2512 3,

1055 2517 1132 2549 422.

1101 2565 1178 2594 555.
1202 2563 1305 2605 palla
1329 2566 1368 2595 cf.
1397 2563 1432 2594 11
1449 2588 1457 2603 ,
1482 2563 1559 2595 576.

1101 2611 1178 2640 556.
1206 2614 1333 2640 servat.
1381 2614 1521 2640 Servare
1542 2613 1649 2641 locum
1672 2611 1784 2646 quivis
1807 2611 1857 2639 di-

1054 2657 1152 2692 citur,
1187 2658 1241 2692 qui
1271 2666 1326 2692 per
1356 2658 1489 2692 aliquod
1521 2661 1650 2693 tempus
1676 2661 1759 2686 tenet
1791 2665 1855 2685 non

1054 2704 1219 2734 abiturus.
1261 2701 1299 2739 7,
1339 2701 1401 2739 523
1447 2704 1522 2732 sive
1557 2705 1639 2738 quod
1675 2703 1856 2732 custodiam

1053 2754 1197 2781 exercet.
1228 2753 1262 2777 ut
1296 2752 1354 2778 boc
1379 2751 1448 2779 loco
1479 2754 1507 2778 et
1534 2747 1619 2784 5753
1651 2749 1742 2784 sive,
1772 2749 1855 2783 quod

1052 2803 1172 2823 munus
1205 2803 1277 2823 enm
1310 2795 1442 2829 retinet,
1475 2798 1508 2823 nt
1539 2792 1622 2828 2982
1667 2794 1742 2823 sive
1771 2795 1855 2829 qnod

1053 2849 1117 2869 non
1152 2842 1246 2870 audet
1280 2841 1477 2875 relinquere,
1516 2844 1551 2869 ut
1584 2837 1660 2868 402.
1706 2837 1744 2873 2,
1777 2838 1855 2868 568.

1053 2888 1128 2921 Ipse
1151 2888 1248 2915 etiam
1274 2888 1366 2915 loeus
1389 2887 1565 2920 nominem,
1599 2885 1654 2919 qni
1678 2885 1711 2913 in
1737 2894 1774 2914 eo
1795 2888 1856 2914 ha-

1054 2933 1143 2962 bitat.
1167 2939 1301 2961 servare
1325 2932 1441 2959 dicitur
1467 2930 1498 2963 5,
1525 2929 1577 2958 30.
1606 2945 1643 2950 --
1672 2928 1857 2960 exsomnis.

1054 2978 1136 3006 Mali
1167 2978 1251 3006 enim
1278 2977 1477 3006 conscientia
1507 2984 1610 3011 neque
1643 2976 1773 3011 vigiliis
1800 2986 1856 3006 ne-

1054 3032 1116 3058 que
1140 3024 1304 3059 quietibus
1323 3023 1431 3052 sedari
1450 3025 1561 3057 potest.
1604 3023 1701 3053 Lucr.
1719 3020 1749 3061 3,
1769 3019 1853 3052 1031
