2023 3350
668 143 905 178 AENEIDOS
934 146 1018 178 LIB.
1044 147 1103 178 XI.

77 263 187 304 Fata
223 263 391 302 vocant.

77 321 394 371 Aeternumque
430 316 535 357 vale.

1634 147 1714 185 537

450 257 575 300 Salve
610 260 830 301 aeternum
870 259 975 301 mihi
1010 260 1196 302 maxime
1228 260 1350 302 Palla

596 316 685 358 Nec
722 317 849 371 plura
885 317 1037 360 effatus
1073 317 1128 360 ad
1166 317 1280 359 altos

77 376 296 420 Tendebat
330 388 489 424 murOS,
532 387 809 429 gressumque
848 375 893 417 in
930 380 1075 418 castra
1108 375 1286 417 ferebat.

191 435 367 487 Iamque
402 436 595 474 oratores
631 433 815 475 aderant
849 448 900 475 ex
938 434 1045 476 urbe
1074 434 1240 486 Latina,

1642 436 1722 474 100

78 493 219 535 Velati
250 491 380 533 ramis
420 490 560 542 oleae,
600 491 854 545 veniamque
893 495 1116 546 rogantes:

79 552 289 604 Corpora,
327 562 405 603 per
445 562 621 602 campos
657 549 773 591 ferro
813 564 923 603 quae
959 550 1056 591 fusa
1093 548 1305 600 iacebant,

78 607 291 650 Redderet
327 620 378 648 ac
413 606 580 648 tumulo
621 607 780 649 sineret
816 608 1042 650 succedere
1074 611 1237 655 terrae;

75 665 250 708 Nullum
280 679 377 706 cum
411 665 535 706 victis
573 669 789 707 certamen
827 670 870 708 et
909 665 1083 707 aethere
1119 665 1265 710 cassis,

74 724 277 765 Parceret
314 722 558 777 hospitibus
598 723 816 777 quondam
855 724 1101 777 socerisque
1137 722 1313 764 vocatis.

1644 726 1724 764 105

76 782 191 832 Quos
229 781 368 823 bonus
398 782 587 833 Aeneas,
623 781 739 823 haud
773 781 1047 835 aspernanda
1084 784 1324 834 precantes,

75 840 359 893 Prosequitur
393 839 533 890 venia,
574 842 616 881 et
652 839 793 882 verbis
831 841 938 882 haec
971 840 1146 892 insuper
1182 838 1323 880 addit:

77 898 298 948 Quaenam
328 911 404 939 vos
444 900 569 938 tanto
605 897 781 939 fortuna
821 898 1017 952 indigna,
1057 896 1213 948 Latini,

75 955 295 1009 Implicuit
332 955 469 1006 bello,
504 955 577 1008 qui
615 970 692 997 nos
733 955 910 1010 fugiatis
946 955 1133 998 amicos?

75 1014 230 1055 Pacem
261 1027 329 1055 me
367 1013 575 1055 exanimis
614 1017 657 1055 et
686 1013 841 1056 Martis
881 1018 996 1056 sorte
1026 1012 1261 1067 peremptis

1648 1013 1728 1052 110

78 1071 242 1113 Oratis:
284 1070 483 1126 equidem
518 1074 560 1113 et
594 1071 699 1113 vivis
740 1072 974 1114 concedere
1015 1070 1176 1112 vellem.

76 1130 166 1171 Nec
198 1129 312 1181 veni,
348 1129 431 1171 nisi
467 1130 560 1171 fata
595 1130 739 1171 locum
775 1130 1008 1183 sedemque
1046 1128 1284 1179 dedissent3

75 1188 165 1229 Nec
200 1187 362 1229 bellum
402 1201 496 1229 cum
537 1191 662 1241 gente
699 1201 820 1242 gero:
860 1202 936 1229 rex
969 1190 1118 1228 nostra
1156 1185 1336 1239 reliquit

77 1245 280 1299 Hospitia
318 1249 360 1287 et
397 1245 528 1286 Turni
565 1245 709 1299 potius
752 1260 796 1287 se
833 1245 1018 1287 credidit
1049 1243 1192 1286 armis.

78 1303 270 1358 Aequius
307 1303 407 1345 huic
442 1303 633 1344 Turnum
664 1303 808 1345 fuerat
847 1307 892 1345 ‘se

934 1316 1151 1356 opponere
1184 1302 1328 1343 morti.
1650 1302 1729 1340 115

78 1361 122 1404 Si
160 1361 318 1403 bellum
354 1361 476 1402 finire
515 1376 663 1413 manu,
695 1361 730 1403 si
767 1361 926 1415 pellere
957 1361 1142 1402 Teucros

77 1420 294 1474 Apparat,
334 1419 401 1461 his
441 1433 608 1460 mecum
648 1419 793 1461 decuit
827 1432 1082 1461 concurrere
1122 1417 1241 1468 telis3

77 1478 225 1529 Vixet,
262 1477 330 1519 cui
366 1477 499 1518 vitam
536 1476 640 1518 deus
674 1480 750 1518 aut
785 1491 862 1519 sua
901 1476 1054 1518 dextra
1088 1475 1290 1516 dedisset.

77 1537 201 1578 Nunc
234 1536 294 1578 ite
332 1538 375 1577 et
409 1535 577 1576 miseris
608 1535 836 1590 supponite
875 1534 1037 1576 civibus
1072 1533 1227 1587 ignem.

78 1594 260 1636 Dixerat
298 1593 478 1636 Aeneas.

540 1592 626 1634 Olli
666 1593 916 1648 obstipuere
949 1593 1134 1643 silentes,

1653 1591 1733 1629 120

79 1651 367 1706 Conversique
404 1651 550 1693 oculos
591 1650 704 1693 inter
746 1666 791 1693 se
829 1655 959 1705 atque
995 1664 1071 1692 ora
1103 1647 1320 1691 tenebant.

78 1710 185 1752 Tum
222 1710 366 1752 senior
400 1723 654 1763 semperque
695 1709 806 1751 odiis
848 1712 891 1751 et

81 1886 271 1922 perfunctus
297 1886 482 1918 laboribus,
521 1886 615 1914 nohis
650 1885 675 1913 ii
708 1889 781 1915 sunt
806 1887 886 1914 tole-

83 1933 187 1961 randi.

130 1976 183 2007 97.
209 1975 326 2006 salve:
355 1978 481 2012 „Varro
503 1978 537 2006 in
560 1977 655 2006 libris
688 1977 886 2013 logistoricis

82 2024 158 2053 dicit
195 2025 266 2052 ideo
304 2025 438 2053 mortuis
476 2020 575 2052 salve
618 2027 648 2052 et
685 2020 765 2052 vale
812 2024 887 2059 dici,

83 2072 165 2105 quod
190 2073 230 2099 ab
254 2070 305 2099 his
330 2070 528 2106 recedimus,
565 2077 621 2098 eos
645 2077 810 2104 nunquam
836 2070 889 2099 vi-

83 2114 187 2145 suri.“
212 2118 245 2145 S.

88 2204 293 2237 too—138.
346 2205 472 2237 Pacem
518 2203 632 2236 Latini
683 2208 809 2246 petunt
857 2208 890 2236 et

182 2261 359 2303 accipiunt
381 2261 423 2294 ad
449 2271 535 2294 suos
561 2261 796 2303 sepeliendos.

134 2319 211 2350 100.
238 2322 327 2356 Quod
374 2326 487 2356 petunt
537 2322 648 2351 Latini
694 2326 891 2350 mortuorum

88 2369 300 2404 sepulturam,
328 2368 393 2402 ipsi
415 2376 450 2397 se
468 2368 574 2397 victos
600 2376 674 2397 esse
694 2368 890 2404 profitentur.

92 2428 131 2432 —
155 2415 313 2442 oratores
339 2414 378 2444 cf.
404 2412 435 2451 7,
460 2411 537 2443 153.

135 2466 211 2497 101.
238 2467 349 2499 velati
369 2468 478 2499 ramis
502 2467 600 2500 oleae
623 2471 663 2501 cf.
686 2468 716 2509 7,
746 2468 822 2500 154.
851 2486 889 2491 —

92 2511 228 2543 veniam
257 2515 295 2544 cf.
327 2513 353 2550 1,
379 2513 456 2545 519.

138 2568 214 2599 102.
241 2568 401 2602 iacebant
424 2573 644 2612 indicativus,
677 2581 753 2603 nam
778 2581 894 2602 narra-

95 2617 137 2646 tio
157 2620 214 2645 est.

139 2659 215 2691 104.
241 2664 374 2692 Nullum
403 2668 565 2694 certamen
599 2672 673 2694 esse
703 2672 777 2694 cum
808 2673 895 2694 mor-

91 2709 156 2737 tuis
178 2708 372 2742 timendum,
417 2717 516 2744 quare
546 2711 581 2739 in
613 2719 668 2739 eos
701 2711 800 2740 licere
823 2712 897 2746 pla·-

90 2755 230 2784 cabilem
261 2762 335 2783 esse
368 2756 466 2791 legati
497 2761 692 2791 memet-anu
740 2760 898 2786 revocant

91 2802 189 2830 etiam
215 2800 375 2835 pristinae
399 2802 563 2831 amicitiae
596 2806 625 2831 et
660 2802 798 2831 foederis
829 2811 896 2832 me-

90 2847 227 2876 moriam
251 2846 290 2876 cf.
319 2844 357 2884 7,
389 2844 456 2875 260
483 2855 531 2882 sq.
581 2863 619 2867 —
670 2848 724 2878 Sic
759 2856 895 2877 cassum

93 2890 226 2922 lumine
252 2890 282 2929 2,
309 2890 364 2922 85.

141 2945 217 2977 106.
243 2956 329 2989 quos
341 2950 524 2988 precantes
539 2946 760 2987 prosequitur
775 2947 876 2978 venia
887 2958 897 2977 .·

96 2995 254 3024 condonat
285 2994 329 3023 iis
368 2995 452 3029 quod
483 2998 607 3031 petunt,
646 2991 743 3023 haud
778 3003 899 3034 asper-

95 3037 233 3078 nanda,
259 3040 386 3080 „iusta,
414 3049 477 3070 non
499 3042 739 3078 contemnenda3
773 3042 884 3076 sepul-

933 1709 1111 1751 crimine
1146 1708 1340 1749 Drances

932 1889 1023 1914 turae
1050 1885 1135 1914 enim
1172 1882 1360 1912 beneficium
1391 1882 1523 1909 debetur
1553 1879 1734 1909 universis.

934 1929 1080 1970 Insuper
1116 1927 1218 1959 addit
1257 1929 1444 1958 accumulat
1479 1927 1589 1955 verbis
1637 1928 1735 1954 bene-

933 1977 1049 2012 ficium,
1076 1977 1197 2012 dicens,
1222 1983 1335 2011 pacem
1358 1982 1394 2003 se
1421 1973 1518 2002 etiam
1536 1973 1628 2001 vivis
1646 1973 1735 2000 velle

934 2028 1134 2059 praestares·
1160 2024 1191 2051 S.
1240 2023 1330 2050 Haec
1362 2024 1409 2049 est
1434 2019 1550 2056 venia,
1587 2025 1652 2053 qua
1678 2025 1735 2046 eos

934 2069 1150 2105 prosequitur.

981 2124 1057 2155 109.
1085 2122 1145 2165 qni
1171 2132 1234 2154 nos
1254 2119 1434 2162 fugiatis.-
1477 2123 1579 2156 Quam
1601 2121 1737 2157 indigua

935 2173 1065 2202 fortuna
1090 2172 1149 2206 sit.
1191 2177 1274 2206 quae
1299 2178 1361 2198 vos
1398 2168 1575 2203 implicuit,
1616 2176 1657 2196 ex
1697 2175 1734 2195 eo

936 2219 1148 2255 intelligitur,
1183 2217 1265 2252 quod
1285 2223 1345 2244 nos
1370 2214 1524 2249 fugiatis.
1559 2214 1614 2248 qui
1637 2212 1737 2242 amici

935 2273 1061 2294 sumus.
1116 2261 1269 2292 Amicum
1290 2270 1326 2291 se
1358 2261 1450 2294 dicit,
1485 2268 1561 2289 nam
1595 2260 1737 2292 amicum

936 2320 972 2340 se
995 2311 1113 2340 Latino
1143 2310 1316 2339 obtulerat:
1362 2307 1501 2336 Latinus
1525 2314 1599 2334 eum
1625 2305 1736 2339 hospi-

935 2362 998 2386 tem
1025 2361 1055 2386 et
1079 2363 1227 2385 socerum
1249 2354 1383 2386 fecerat:
1420 2353 1503 2387 quod
1527 2351 1641 2380 omittit
1667 2358 1734 2380 mo-

936 2412 1023 2440 nere,
1054 2411 1094 2431 ne
1115 2400 1271 2432 cavillari
1295 2400 1455 2429 videatur.

984 2457 1060 2488 112.
1087 2467 1149 2488 nec
1184 2454 1284 2495 veui,
1326 2453 1397 2485 nisi
1429 2451 1605 2484 dedissent
1640 2454 1678 2484 cf.
1706 2452 1739 2492 2,

940 2506 993 2534 55.

985 2547 1062 2579 115.
1090 2546 1169 2578 huic
1194 2546 1317 2578 morti:
1339 2547 1435 2577 morti
1453 2555 1508 2582 per
1528 2554 1579 2575 me
1595 2547 1738 2581 oblatae;

939 2605 1015 2626 nam
1042 2597 1113 2631 ipse
1137 2596 1270 2624 Aeneas
1291 2595 1434 2623 Turnum
1460 2601 1500 2621 ex
1534 2592 1656 2627 proelio
1687 2591 1740 2620 fu-

940 2644 1029 2680 gisse
1054 2645 1156 2678 putat,
1179 2649 1275 2676 quum
1293 2647 1454 2675 nusquam
1472 2639 1625 2667 inventus
1642 2642 1738 2667 esset.

1269 2693 1421 2731 ciuibus:
1472 2695 1590 2728 Ἡ(ιιιειεί
1631 2695 1742 2723 aliena

941 2747 1038 2780 culpa
1065 2739 1295 2778 pereuntibus“
1320 2744 1352 2771 S.
1378 2745 1406 2771 et
1439 2749 1574 2776 quorum
1610 2741 1742 2770 miseret

942 2795 1078 2820 hostem.

989 2833 1066 2864 120.
1092 2831 1176 2863 obst.
1203 2829 1354 2862 silentes.
1402 2832 1575 2862 Silentium
1600 2836 1649 2862 est
1672 2836 1743 2862 stu-

943 2882 1031 2918 poris
1055 2881 1196 2916 signum.

991 2936 1068 2966 121.
1099 2931 1264 2965 Conversi
1298 2931 1414 2964 oculos
1451 2932 1615 2965 tenebant
1649 2936 1688 2966 cf.
1710 2936 1743 2973 5,

946 2981 1023 3013 137.
1052 2998 1090 3003 —-
1116 2983 1164 3011 De
1188 2980 1372 3016 imperfecto
1397 2981 1438 3010 cf.
1465 2980 1495 3015 2,
1523 2979 1554 3010 3.

979 3037 1053 3068 122.
1080 3035 1240 3076 crimine,
1264 3038 1498 3076 criminatione,
1521 3038 1562 3068 cf.
1587 3036 1618 3077 2,
1642 3036 1697 3069 98.

988 2695 1064 2727 119.
1091 2694 1229 2726 miseris
