2023 3350
501 73 538 104 P.
565 71 762 105 VIRGILII
787 71 998 106 MAROMS
1024 72 1260 108 AENEIDOS
1285 75 1370 108 LIB.
1397 76 1458 108 IX.

1722 80 1805 119 433

155 185 367 239 Auderet,
409 185 618 228 volvenda
654 184 766 237 dies,
805 199 873 238 en,
913 187 1062 229 attulit
1098 187 1226 230 ultro.

154 244 321 286 Aeneas
346 243 452 285 urbe
481 246 524 285 et
562 242 689 285 sociis
725 246 766 284 et
804 243 942 286 classe
981 245 1134 287 relicta

155 301 337 355 Sceptra
373 300 562 342 Palatini
599 299 826 354 sedemque
863 302 974 355 petit
1008 302 1212 344 Euandri.

154 358 242 400 Nec
280 358 405 400 satis:
444 361 658 400 extremas
696 357 873 411 Corythi
913 361 1157 413 penetravit
1194 359 1250 402 ad
1286 360 1428 413 urbes,

1749 364 1803 403 10

153 415 455 469 Lydorumque
492 428 687 466 manum,
725 415 927 457 collectos
957 420 1100 458 armat
1133 420 1337 471 agrestes.

156 472 268 522 Quid
306 472 510 513 dubitas?

580 485 693 513 nunc
730 475 899 526 tenipus
935 488 1084 527 equos,
1119 488 1230 516 nunc
1264 487 1441 528 poscere
1476 487 1639 516 currus.

152 530 315 583 Rumpe
347 542 490 570 moris
527 543 672 570 omnes
711 533 752 570 et
788 530 965 572 turbata
1007 532 1152 586 arripe
1190 535 1345 573 castra.

149 587 292 638 Dixit,
334 590 376 627 et
415 587 459 627 in
495 587 660 627 caeluni
699 587 878 640 paribus
915 602 959 629 se
997 589 1171 630 sustulit
1209 589 1303 640 alis,

151 643 462 697 Ingentemque
496 643 601 698 fuga
637 644 774 685 secuit
809 644 887 686 sub
926 645 1112 687 nubibus
1149 660 1310 688 arcum.

152 700 369 754 Adgnovit
399 701 580 753 iuvenis,
615 701 891 755 duplicesque
931 702 987 743 ad
1022 702 1164 744 sidera
1200 703 1366 756 palmas

153 758 355 810 Sustulit,
391 761 434 799 et
473 758 551 799 tali
588 757 823 811 fugientem
864 763 930 800 est
965 773 1068 801 voce
1106 764 1296 802 secutus:

148 815 231 866 Iri,
269 815 398 857 decus
439 815 564 866 caeli,
607 815 703 869 quis
734 819 777 858 te
812 816 917 858 mihi
953 816 1138 859 nubibus
1178 820 1320 859 actam

149 873 318 914 Detulit
353 872 398 914 in
435 873 603 914 terras?
638 872 751 914 unde
786 873 893 915 haec
930 877 1021 915 tam
1059 875 1177 916 clara
1214 877 1391 928 repente

150 930 429 983 Tempestas?
467 930 654 971 medium
692 930 815 972 video
855 931 1075 973 discedere
1109 931 1286 983 caelum,

845 989 1010 1042 Sequor
1050 989 1194 1030 omina
1230 992 1366 1040 tanta,

831 1046 888 1087 Et
927 1046 987 1087 sic
1025 1045 1179 1087 effatus
1216 1045 1272 1087 ad
1305 1045 1467 1087 undam

146 987 437 1041 Palantesqne
475 987 577 1042 polo
615 987 775 1029 stellas.

149 1045 353 1098 Quisquis
388 1045 432 1085 in
471 1059 592 1086 arma
630 1058 771 1086 vocas.

1745 936 1798 974 20

148 1102 384 1153 Processit,
420 1115 671 1155 summoque
708 1101 854 1143 hausit
888 1102 940 1143 de
977 1103 1146 1156 gurgite
1179 1102 1390 1156 lymphas,

147 1159 286 1201 Multa
313 1158 418 1201 deos
456 1173 600 1211 orans3
636 1159 914 1213 oneravitque
947 1159 1124 1200 aethera
1155 1159 1279 1200 votis.

260 1217 437 1270 Iamque
476 1217 613 1257 omnis
649 1216 813 1270 campis
850 1216 1063 1257 exercitus
1100 1215 1195 1257 ibat
1230 1215 1407 1270 apertis,

1741 1218 1794 1257 25

146 1273 274 1316 Dives
314 1288 486 1327 equum,
525 1273 641 1315 dives
688 1273 821 1327 pictai
858 1273 989 1315 vestis
1028 1276 1071 1315 et
1108 1273 1224 1326 auri3

147 1414 216 1450 prie
240 1423 341 1444 nemo
365 1416 405 1444 sit
421 1423 483 1444 nec
497 1411 637 1444 homo.“
664 1417 697 1443 S.
746 1415 848 1443 Recte
864 1416 948 1443 haec

145 1461 270 1489 monuit
295 1464 345 1497 S.;
379 1469 445 1490 non
479 1464 588 1489 tamen
623 1464 700 1495 puto
725 1461 948 1488 Romanorum

146 1505 320 1540 quisquam
347 1506 380 1535 in
405 1514 444 1534 eo
474 1507 638 1534 vocabulo
670 1505 843 1543 haesisse,
883 1505 949 1534 nisi

146 1551 199 1586 qui
224 1555 292 1580 erat
319 1551 552 1586 grammaticus
583 1550 623 1579 cf.
648 1551 721 1579 Liv.
746 1550 784 1587 9,
814 1549 842 1579 1.

190 1596 220 1626 7.
248 1593 412 1633 auderet,
443 1596 478 1625 cf
503 1594 545 1634 3,
589 1595 664 1624 187.
697 1611 741 1615 —
773 1593 948 1625 volvenda

147 1638 233 1671 dies.
286 1643 389 1671 Recte
432 1642 664 1679 gerundivum:
713 1642 802 1678 dies,
849 1642 947 1670 cuius

145 1691 194 1716 est
223 1690 254 1716 ut
279 1689 451 1725 volvatur,
481 1691 686 1723 praeterea13
719 1694 820 1722 quare
843 1694 947 1715 cunc-

144 1733 278 1761 tandum
296 1741 363 1762 non
386 1737 449 1769 est,
475 1739 549 1761 nam
573 1741 638 1761 non
658 1732 774 1761 redibit
799 1732 947 1769 occasio,

146 1785 232 1812 quae
254 1785 342 1807 nunc
367 1778 512 1807 offertur.
559 1780 665 1806 male:
697 1775 756 1816 qui
780 1774 946 1813 volvitur,

144 1827 237 1852 esset
264 1823 350 1852 enim
376 1823 529 1852 otiosum.
578 1822 627 1852 Cf.
659 1821 694 1859 1,
720 1821 796 1851 269.

192 1867 224 1896 8.
248 1866 332 1897 urbe
354 1868 375 1896 i.
402 1876 430 1897 e.
459 1869 558 1897 Troia
586 1874 676 1896 nova
699 1872 732 1896 ut
759 1865 813 1895 48.
842 1867 881 1896 cf.
913 1867 945 1904 7,

146 1912 222 1942 158.
271 1915 387 1950 „Hanc
428 1912 591 1943 Castrum
622 1910 778 1942 Laurens
811 1913 854 1941 ait
884 1913 946 1942 dici

145 1956 285 1988 Varro.“
312 1962 344 1988 S.

191 2003 221 2032 9.
249 2006 397 2044 sceptra,
419 2012 572 2039 regnu1n3
606 2003 646 2032 cf.
681 2002 713 2037 1,
743 2001 822 2032 253.

144 2046 252 2079 latini
270 2064 315 2069 —
340 2057 406 2089 que
433 2046 598 2078 Euandri
623 2048 663 2077 cf.
688 2048 728 2085 8,
757 2048 829 2077 168.

193 2094 244 2123 10.
277 2092 420 2134 Corythi
439 2092 486 2123 ad
511 2092 611 2123 urbes
630 2095 650 2122 i.
677 2102 705 2122 e.
729 2095 877 2123 Etruriae
903 2095 944 2123 cf.

143 2139 181 2178 3,
223 2139 297 2169 170.
322 2156 367 2159 —
395 2137 486 2170 Petit
520 2147 684 2175 praesens
717 2144 822 2176 recle,
866 2148 939 2169 nam

142 2187 250 2215 adhuc
280 2185 311 2214 in
345 2186 487 2221 petendo
517 2190 702 2220 occupatus
730 2189 800 2220 est3
839 2193 945 2225 penc-

141 2228 252 2260 travit
279 2231 458 2266 perfectum
487 2239 552 2260 non
585 2231 694 2259 miuus
721 2235 829 2266 recte3
860 2231 944 2259 indi-

143 2280 196 2305 cat
230 2276 332 2313 enim,
377 2284 440 2311 quo
479 2284 584 2311 usque
625 2276 689 2304 iam
730 2277 942 2311 processerit.

143 2321 184 2351 cf.
210 2320 232 2355 S
262 2320 312 2350 10.

191 2365 242 2395 11.
272 2363 468 2406 Lydorum,
504 2369 688 2396 Tuscorum
716 2366 757 2395 cf.
783 2366 822 2403 Β,
863 2366 940 2396 479.

140 2428 185 2431 -
211 2413 371 2452 agrestes
388 2412 433 2440 ita
462 2411 520 2448 10,
545 2412 613 2441 310
630 2414 766 2442 turmae
784 2415 944 2453 agrestes

876 2000 945 2033 Pa-

139 2454 592 2487 memorantur.—collectos
607 2459 727 2486 MPRb.
748 2459 792 2486 al.
818 2455 941 2487 collec-
984 2458 1061 2486 facit
1095 2458 1176 2495 diis,
1214 2457 1243 2486 si
1282 2458 1462 2486 secundem
1497 2457 1674 2491 inceptum.

140 2504 262 2542 rosque
286 2510 363 2531 num
388 2503 420 2531 in
448 2504 514 2531 ullo
540 2503 614 2532 Ms?
640 2511 706 2532 rec.
738 2500 800 2532 Ld.
833 2500 883 2532 Pl.

188 2547 239 2576 12.
267 2549 402 2588 tempus
427 2555 454 2576 c.
480 2547 538 2576 inf.
563 2548 604 2577 cf.
633 2548 669 2584 5,
699 2548 777 2577 638.

187 2592 239 2622 13.
267 2593 321 2622 Sic
357 2590 514 2631 arripere
545 2590 669 2630 locum,
701 2595 829 2623 terram
863 2602 941 2623 sae-

140 2639 215 2674 pius
242 2638 282 2667 cf.
310 2636 346 2675 3,
372 2636 449 2666 477.
502 2637 558 2675 10,
583 2637 661 2667 298.
714 2638 765 2675 11,
793 2638 869 2667 531.
897 2657 940 2659 -

143 2681 301 2713 Turbata
326 2681 444 2723 arripe
471 2687 673 2712 contractum
711 2692 768 2719 pro
792 2687 884 2714 turha
909 2690 938 2713 et

138 2729 255 2764 arripe.
310 2726 365 2758 Gt.
383 2729 464 2757 coni.
484 2729 590 2767 atque
607 2726 741 2759 orbata.
760 2745 803 2751 —
817 2738 940 2771 rampe

140 2782 257 2804 moras
280 2774 326 2802 ita
351 2772 390 2811 4,
417 2773 494 2803 569.

187 2818 239 2848 14.
262 2816 410 2860 paribus
437 2816 506 2848 alis
531 2818 572 2848 cf.
596 2817 628 2852 4,
656 2817 733 2848 252.

187 2863 239 2894 15.
264 2866 365 2894 Iidem
390 2864 459 2893 fere
485 2872 607 2893 versus
633 2863 672 2899 5,
694 2864 771 2894 657.
821 2865 875 2895 58.

184 2908 236 2939 16.
262 2907 418 2950 duplices
431 2907 574 2950 palmas·
596 2909 636 2937 cf.
662 2909 688 2944 1.,
716 2909 770 2940 93.
794 2928 834 2931 ψ
860 2909 940 2951 pal·

141 2962 215 2984 mas
238 2955 276 2994 5,
301 2954 379 2984 233.

1044 1413 1096 1443 17.
1123 1416 1153 1445 et
1179 1416 1256 1453 MR,
1283 1422 1324 1443 ac
1349 1416 1402 1443 dat
1436 1411 1501 1444 Rb.

1044 1459 1095 1489 18.
1124 1458 1219 1500 quis.-
1263 1460 1361 1498 „Irim
1386 1464 1508 1490 tantum
1536 1460 1688 1498 agnovit,
1729 1469 1795 1490 non

996 1510 1027 1534 et
1055 1513 1074 1534 a
1099 1513 1162 1540 quo
1187 1506 1293 1534 missa
1324 1510 1416 1534 esset
1440 1528 1447 1534 .
1467 1528 1474 1535 .
1495 1529 1502 1535 .
1528 1507 1606 1535 hinc
1640 1510 1689 1535 es!
1718 1505 1795 1546 quis

996 1551 1028 1581 te
1046 1550 1131 1580 etc.“
1158 1554 1191 1581 S.
1215 1555 1245 1579 et
1263 1551 1338 1580 inde
1361 1559 1394 1580 v.
1418 1549 1464 1580 22
1481 1549 1651 1592 quisquis.
1693 1551 1735 1580 cf.
1762 1552 1793 1589 4,

993 1596 1071 1626 577.
1096 1612 1139 1616 -
1164 1593 1269 1626 decus
1299 1594 1408 1633 caeli5
1445 1597 1490 1626 ila
1516 1599 1611 1626 Luna
1635 1604 1689 1632 ap.
1716 1599 1793 1626 Hor.

994 1643 1055 1672 CS.
1069 1639 1260 1671 mucidum
1280 1639 1370 1672 caeli
1394 1639 1498 1672 decus
1521 1643 1649 1672 dicitur.
1666 1658 1711 1662 —
1728 1652 1794 1671 nu—

993 1685 1090 1716 bibus
1115 1689 1231 1717 actam
1256 1691 1290 1716 ut
1318 1686 1378 1730 10,
1403 1687 1448 1716 38
1474 1688 1576 1725 „quia
1600 1688 1672 1717 sine
1695 1688 1793 1717 nubis

994 1732 1150 1761 beneficio
1178 1740 1277 1761 arcus
1310 1741 1374 1761 non
1401 1732 1561 1763 videturf‘
1588 1736 1621 1762 S.

1042 1777 1093 1806 19.
1121 1775 1219 1806 clara
1252 1780 1392 1817 repente
1425 1781 1630 1819 tempestas:
1680 1779 1791 1807 Ortum

995 1827 1044 1851 est
1071 1825 1201 1852 caelum
1229 1831 1380 1852 serenum
1412 1824 1521 1853 statim
1553 1824 1792 1853 interveniente

994 1870 1066 1897 dea.
1116 1868 1157 1896 cf.
1186 1867 1222 1904 1,
1250 1867 1328 1897 255.

1037 1913 1093 1942 20.
1120 1910 1297 1942 discedere
1314 1910 1463 1951 caelum,
1492 1914 1536 1943 ila
1562 1917 1594 1943 ut
1620 1922 1678 1949 per
1702 1913 1791 1943 fora-

993 1967 1066 1988 men
1096 1959 1269 1994 adspicere
1299 1959 1397 1987 licea1
1428 1961 1545 1989 stellas
1579 1967 1681 1994 supra
1714 1967 1792 1988 cae—

991 2006 1057 2033 lum
1089 2004 1236 2040 positas3
1273 2006 1402 2033 caelum
1435 2005 1520 2033 enim
1546 2006 1641 2040 quasi
1680 2007 1791 2034 velum

991 2054 1041 2079 est
1069 2050 1178 2078 stellis
1205 2051 1391 2079 obductum.

1036 2094 1092 2123 21.
1115 2099 1145 2123 et
1171 2103 1294 2134 sequor
1320 2099 1349 2123 et
1380 2103 1508 2135 sequar
1532 2096 1563 2124 in
1593 2098 1676 2125 Mss.
1729 2093 1791 2124 Sc·-

990 2147 1078 2179 quor
1102 2137 1219 2169 omina
1241 2147 1292 2170 est.
1311 2141 1439 2176 accipio
1466 2149 1573 2177 omen,
1599 2141 1640 2169 cf.
1666 2139 1699 2177 4,
1724 2140 1792 2169 576

988 2182 1165 2225 sequimur
1197 2187 1252 2220 tc,
1287 2188 1406 2216 sancte
1437 2183 1591 2215 deorum.
1617 2200 1660 2205 —
1685 2187 1790 2222 Quae,

990 2231 1019 2260 si
1051 2232 1092 2259 ad
1118 2232 1321 2266 probandum
1353 2239 1417 2259 non
1447 2231 1612 2260 sufficiunt
1639 2231 1789 2259 indicati-

990 2284 1087 2313 vum,
1113 2277 1197 2305 adde
1231 2275 1288 2312 12,
1318 2275 1369 2304 13.

1033 2321 1088 2350 23.
1115 2321 1228 2350 Statim
1246 2325 1322 2357 post
1341 2328 1435 2350 omen
1459 2323 1631 2356 acceptum
1651 2320 1727 2349 libat
1746 2320 1787 2349 cf.

988 2365 1024 2400 3,
1054 2366 1128 2396 177,

1031 2411 1085 2441 24.
1113 2408 1343 2451 oneravitque
1368 2407 1513 2441 aethera
1548 2408 1658 2440 votis.-
1705 2412 1788 2440 Vota

1725 2458 1787 2484 Pro

987 2504 1050 2532 diis
1076 2500 1219 2533 aethera
1247 2503 1325 2531 dixit
1353 2504 1443 2538 Vgl.‚
1477 2503 1508 2530 in
1535 2510 1599 2537 quo
1630 2501 1786 2530 habitant.

987 2549 1041 2578 Sic
1064 2556 1165 2578 aurae
1179 2548 1374 2577 invocantur
1399 2548 1429 2584 7,
1453 2546 1531 2584 593,
1556 2551 1585 2575 et
1613 2547 1698 2576 caeli
1717 2547 1788 2582 spi-

986 2595 1089 2623 rabile
1120 2601 1240 2623 numen
1273 2594 1306 2622 in
1334 2593 1552 2622 testimonium
1592 2597 1732 2622 vocatur
1755 2591 1786 2629 3,

986 2717 1093 2749 25—
1117 2717 1169 2748 76.
1225 2716 1366 2747 Turnus
1405 2714 1636 2746 Troianorum
1676 2717 1787 2745 castra

985 2762 1117 2794 frustra
1143 2769 1330 2803 aggressus
1377 2769 1480 2791 naves
1516 2759 1701 2792 incendere
1727 2768 1784 2802 pa-

1357 2809 1418 2837 rat.

1032 2865 1086 2895 25.
1114 2863 1247 2906 campis
1272 2862 1405 2904 apertis
1431 2864 1471 2893 cf.
1498 2863 1534 2902 5,
1561 2863 1639 2893 212.

1030 2911 1085 2940 26.
1110 2908 1224 2951 pictai
1243 2911 1285 2939 cs.
1310 2910 1345 2945 3,
1376 2909 1451 2938 354.
1473 2925 1517 2929 —-
1548 2907 1652 2938 Dives
1675 2906 1789 2949 pictai

987 2954 1093 2988 vestis
1123 2958 1154 2987 et
1183 2954 1283 2986 auri.-
1318 2957 1490 2985 Armorum
1523 2960 1672 2984 ornatum
1700 2955 1786 2992 Itali,

1445 2999 1510 3044 28
