2044 3329
708 95 942 129 AENEIDOS
972 95 1058 129 LIB.
1083 97 1109 128 1.

1677 98 1727 135 17

61 237 66 241 -
90 210 140 252 111
172 210 336 251 caelum
365 209 547 263 scopuli,
578 222 761 263 quorum
787 208 865 250 sub
891 209 1048 250 vertice
1077 208 1164 250 late

90 269 292 320 Aequora
319 270 416 308 tuta
442 267 584 308 silent:
619 270 709 308 tum
739 266 854 308 silvis
885 280 1010 307 scena
1042 266 1230 308 coruscis

88 325 301 378 Desuper,
331 324 608 378 horrentique
639 328 781 365 atrum
811 337 957 365 nemus
981 324 1174 365 imminet
1202 322 1366 364 umbra.

1646 325 1727 363 165

88 382 249 423 Fronte
274 381 351 423 sub
376 381 555 423 adversa
580 382 767 435 scopulis
796 381 1080 435 pendentibus
1107 384 1298 427 antrum:

88 439 209 480 Intus
236 453 375 492 aquae
405 439 549 480 dulces
575 440 752 493 vivoque
778 438 928 480 sedih‘a
958 452 1076 490 saxo,

88 497 383 550 Nympharum
407 497 569 538 domus.

630 496 710 538 Hic
740 496 874 538 fessas
898 509 984 537 non
1012 495 1180 538 vincula
1209 507 1335 538 naves

89 554 189 595 Ulla
211 558 373 605 tenent,
397 568 507 595 unco
535 568 620 595 non
647 554 799 607 alligat
826 568 984 595 ancora
1007 567 1163 595 morsu.

88 611 184 653 Huc
209 615 372 666 septem
398 612 564 653 Aeneas
593 612 784 653 collectis
812 611 990 653 navibus
1021 611 1134 652 omni

1650 608 1730 646 170

64 669 154 710 ·Ex
178 683 353 711 numero
382 669 515 711 subit:
545 683 595 710 ae
621 683 776 723 magno
802 669 968 710 telluris
992 683 1137 710 amoie

87 727 261 780 Egressi
285 730 436 780 optata
459 727 685 792 potiuntur
710 727 742 768 Γ
745 741 839 768 roes
863 740 992 767 alena

87 784 144 825 Et
173 784 261 825 sale
289 785 486 826 tabentes
520 789 638 826 artus
667 785 711 825 111
741 785 867 826 litoie
895 787 1071 837 ponunt.

86 841 149 882 Ac
171 842 356 895 primum
385 843 492 884 silici
523 842 751 883 scintillam
782 841 952 883 excudit
980 839 1168 881 Achates

88 899 401 953 Suscepitque'
391 914 531 954 ignem
556 899 670 941 foliis
697 904 827 963 atque
854 897 977 939 aiida
1003 898 1160 938 01100111

87 957 360 998 Nutiimenta
385 957 504 999 dedit
527 958 756 1010 rapuitque
782 957 825 997 111
851 955 1001 996 fomite
1024 953 1250 995 flammam.

88 1014 194 1055 Tum
226 1014 422 1057 Cererem
446 1018 693 1068 coriuptam
723 1013 848 1054 undis
879 1011 1156 1065 Ceiealiaque
1179 1021 1300 1050 arma

88 1151 123 1189 4,
154 1151 196 1182 88
239 1162 413 1183 murorum
440 1149 564 1182 minas.
598 1169 636 1173 —
665 1153 717 1182 Ad
746 1161 812 1182 rem
843 1153 881 1182 cf.

88 1198 126 1233 3,
149 1198 328 1228 533—36.

136 1242 209 1273 163.
235 1247 323 1274 Intra
362 1245 438 1273 illos
482 1246 632 1279 scopulos
681 1249 789 1279 portus
836 1247 883 1272 est

87 1295 183 1320 lutus.
207 1296 235 1319 et
259 1298 346 1320 mare
367 1291 450 1319 silet.
477 1296 571 1319 vento
596 1299 658 1319 nou
683 1294 881 1319 coluuiotum.

136 1335 208 1364 164.
241 1334 337 1367 Tum.
361 1335 483 1374 ferner
507 1336 545 1365 cf.
571 1334 602 1373 8,
628 1334 701 1364 22⁴5.
757 1334 882 1372 Scena5

86 1384 308 1411 umbraculum
326 1384 378 1411 vel
403 1389 531 1411 camera
548 1391 588 1411 ex
612 1385 760 1411 arborum
779 1382 881 1410 ramis

86 1432 115 1457 et
141 1428 305 1457 frondibus
330 1433 460 1465 structa,
485 1428 523 1457 cf.
549 1430 607 1457 Ov.
628 1429 669 1456 A.
694 1429 734 1456 A.
765 1425 790 1463 1,
820 1425 882 1455 106

93 1471 170 1502 111ἱο
206 1482 292 1513 quas
331 1472 484 1503 tulerant
522 1482 702 1502 nemorosa
739 1469 885 1502 Palatia

78 1516 246 1558 frondes,
282 1517 485 1560 simpliciter
515 1517 650 1558 positae
681 1527 783 1547 scena
813 1516 885 1547 sine

87 1567 162 1593 aree
185 1563 270 1602 fuit.
294 1581 331 1585 -
351 1562 449 1593 silvis
466 1562 634 1593 coruscis:
659 1566 795 1594 tremula
813 1566 885 1594 luce

86 1611 296 1649 micantibus,
344 1612 417 1640 dum
462 1611 528 1639 leni
569 1617 664 1639 vento
705 1615 884 1646 moventur.

86 1657 275 1692 praesertim
318 1661 388 1692 post
428 1657 583 1691 pluviam.
645 1658 756 1691 Itaque
795 1657 885 1684 silva

86 1704 158 1732 luce
184 1704 362 1738 resplendet
387 1710 501 1737 supra,
534 1705 590 1731 sed
616 1704 688 1738 ipsa
713 1703 758 1731 ita
785 1703 885 1731 densa

86 1753 151 1783 est,
177 1753 209 1777 ut
234 1750 314 1777 solis
338 1750 398 1777 lux
423 1755 588 1784 penetrare
607 1753 757 1784 nequeat.
786 1756 884 1783 quare

86 1796 256 1823 obscurum
283 1791 445 1833 (aarum)
474 1800 521 1823 est
549 1803 689 1829 nemns3
721 1795 752 1822 id
779 1800 884 1823 autem

86 1847 142 1874 pro
167 1837 257 1868 silva
282 1841 419 1877 dictum⁷
444 1844 477 1868 ut
495 1841 653 1877 varietur,
680 1841 725 1869 ita
748 1841 822 1869 Hor.
847 1841 882 1869 C.

91 1882 124 1921 1,
153 1883 211 1920 21,
240 1885 270 1914 5.

138 1928 209 1958 165.
236 1927 407 1959 horrenti:
440 1933 602 1959 horrorem
635 1931 794 1963 moventi:
839 1931 883 1959 ita

89 1973 163 2004 319.
219 1977 272 2005 Sic
302 1977 393 2004 Pind.
433 1977 527 2011 Pytli.
562 1974 597 2011 4.
634 1974 671 2004 81
713 1972 884 2015 φρίσσον-

87 2029 153 2055 τας
185 2013 347 2060 ὄμβρους
384 2021 465 2050 dixit
501 2026 529 2049 et
562 2022 635 2057 Vgl.
674 2024 708 2049 G.
743 2020 778 2050 4.
817 2019 882 2049 468

87 2065 304 2105 caligantem
327 2063 435 2105 nigra
455 2064 649 2103 formidine
676 2064 802 2095 lucum.
845 2068 882 2096 cf.

89 2111 124 2142 3.
156 2110 226 2141 195.
276 2114 321 2140 De
346 2121 425 2141 voce
448 2109 626 2140 imminere
649 2117 677 2140 et
704 2110 884 2147 adversus,

87 2159 126 2188 cf.
160 2156 235 2186 420.
277 2173 314 2177 —
355 2159 395 2186 Hi
433 2166 550 2186 versus
588 2158 790 2192 explicantur
832 2158 885 2192 iis,

87 2211 170 2239 quae
192 2209 266 2232 sunt
289 2212 321 2232 v.
352 2201 426 2232 310.
463 2200 514 2231 11.
552 2219 589 2222 —
621 2205 778 2238 Scopulos
799 2211 885 2243 pen-

89 2247 207 2278 dentes
230 2250 328 2278 etiam
352 2249 475 2278 Statius
497 2249 579 2278 dixit
604 2250 685 2277 Silv.
713 2247 741 2277 2.
775 2246 805 2278 2.
833 2247 884 2277 16.

87 2301 116 2324 et
135 2292 289 2334 pendula
312 2303 415 2335 rupes
435 2295 546 2324 Claud.
574 2295 606 2322 in
625 2295 727 2323 Rufin.
752 2292 782 2331 2,
808 2292 884 2323 507.

87 2346 121 2369 ut
145 2346 312 2370 nostrates.

136 2384 210 2414 166.
241 2383 402 2425 Scapulis
418 2383 649 2426 pendentibus
669 2384 810 2415 antrum'
835 2386 883 2414 fa-

89 2432 151 2461 cile
172 2433 350 2466 explicabis
374 2437 444 2467 post
467 2434 573 2461 locum
595 2432 737 2461 Lucretii
756 2429 785 2463 6.
808 2429 882 2460 195.

89 2475 340 2517 speluncasque
380 2475 473 2507 velut
515 2475 610 2506 saxis
653 2474 884 2517 pendentibus

89 2525 250 2552 structas.
293 2524 350 2550 Est
374 2528 480 2552 autem
504 2528 537 2552 ut
558 2520 636 2552 vivo
654 2520 781 2552 sedilia
799 2531 884 2552 saro

88 2569 254 2598 ablativus
278 2569 430 2597 materiae
453 2569 491 2598 cf.
518 2567 552 2604 3,
581 2567 656 2598 618.

139 2611 211 2642 167.
246 2612 363 2652 Aquae
384 2618 457 2643 suut
483 2614 604 2649 fontes3
635 2615 680 2642 ita
705 2614 806 2642 rivuli
831 2621 881 2649 ap.

90 2661 164 2689 Hor.
214 2660 248 2688 C.
295 2657 331 2693 3,
380 2657 418 2695 4,
464 2657 503 2687 8;
563 2657 676 2695 lucos,
723 2668 806 2699 quos
853 2661 884 2688 et

90 2713 205 2745 aquae
231 2701 374 2734 subeunt
400 2707 431 2734 et
459 2713 577 2733 aurae.
606 2720 643 2724 —
683 2702 768 2733 Γίυο
799 2713 884 2734 saxo

89 2756 136 2780 est
177 2759 238 2779 non
268 2755 335 2779 arte
363 2752 525 2784 laborato;
568 2751 612 2779 ita
648 2749 683 2780 3.
716 2748 791 2779 688.
848 2752 883 2779 G.

90 2795 121 2834 2,
147 2794 211 2825 469
252 2794 325 2825 viai
352 2793 458 2824 lacus.
522 2797 579 2824 Ov.
604 2797 637 2824 F.
669 2794 698 2824 2.
725 2793 787 2824 315
822 2804 886 2824 an—

90 2845 146 2872 tra
189 2839 279 2871 subit
328 2838 440 2881 tophis
479 2839 712 2881 laqueataque
750 2839 886 2881 pumice

91 2886 181 2917 vivo.
228 2890 269 2916 M.
301 2886 338 2924 3,
369 2885 440 2915 159.
484 2887 521 2920 5,
547 2884 622 2915 317.

139 2930 212 2961 168.
247 2930 483 2972 Nympharum
522 2929 653 2960 domus:
710 2933 769 2961 His
808 2934 886 2961 duo-

91 2981 151 3008 bus
184 2979 292 3007 verbis
330 2980 438 3008 omnia
475 2978 687 3014 continentur,
728 2986 810 3013 quae
846 2979 887 3007 ad

91 3025 153 3054 loci
189 3025 315 3053 laudem
348 3025 411 3054 dici
446 3028 607 3060 poterant,
651 3029 680 3052 et
719 3025 888 3059 prudenter

929 1151 1084 1180 abstinuit
1128 1152 1168 1179 ab
1209 1151 1299 1177 antro
1335 1145 1445 1175 multis
1483 1144 1592 1173 verbis
1634 1150 1727 1171 exor-

929 1199 1052 1230 nando,
1103 1196 1185 1230 quod
1224 1195 1288 1222 iam
1327 1192 1455 1228 egregie
1498 1190 1571 1219 fecit
1610 1189 1727 1216 Home-

928 1251 984 1272 rus
1009 1244 1063 1271 Od.
1099 1240 1155 1275 13.
1202 1237 1265 1268 103
1305 1246 1352 1273 sq.
1392 1252 1430 1256 —
1479 1233 1571 1264 L‘nco
1611 1241 1727 1262 morsu

929 1297 991 1317 nou
1029 1292 1077 1317 est
1115 1287 1307 1323 hypallage,
1355 1290 1437 1318 quae
1479 1282 1508 1309 si
1544 1280 1658 1309 dicitur
1689 1286 1727 1308 ea

928 1343 1001 1363 esse
1035 1334 1137 1363 forma
1173 1330 1339 1367 loquendi,
1380 1336 1444 1364 qua
1478 1326 1673 1356 adiectivum
1708 1333 1726 1353 a

928 1381 1056 1409 notione
1096 1381 1136 1408 ad
1173 1385 1269 1412 quam
1308 1376 1455 1411 pertinet.
1507 1374 1546 1402 ad
1582 1379 1653 1400 eam
1687 1372 1726 1399 ad

931 1433 1027 1461 quam
1060 1434 1123 1454 non
1155 1424 1304 1459 pertinet.
1343 1421 1514 1452 referatur.
1555 1420 1650 1453 plane
1680 1422 1727 1445 est

930 1473 1080 1501 absurda.
1131 1471 1166 1498 Si
1192 1478 1260 1498 res.
1287 1475 1351 1502 qua
1378 1467 1537 1495 mordetur
1563 1471 1646 1492 unca
1669 1468 1727 1496 est,

930 1519 1000 1552 ipse
1026 1525 1152 1546 morsus
1178 1523 1281 1545 uncus
1307 1514 1370 1542 dici
1394 1516 1504 1547 potest.
1531 1510 1568 1540 cf.
1594 1508 1625 1545 8,
1651 1506 1725 1537 526.

930 1564 1079 1593 Ancoras
1104 1567 1210 1591 autem
1236 1568 1298 1589 suo
1323 1568 1363 1588 ex
1391 1563 1528 1592 tempore
1555 1560 1648 1591 poeta
1678 1555 1727 1583 in-

930 1609 988 1638 fert
1032 1614 1067 1638 ut
1104 1607 1140 1645 6,
1179 1605 1218 1643 2,
1259 1613 1356 1641 quum
1399 1603 1522 1638 antiqui
1566 1605 1728 1630 uterentur

930 1655 1094 1690 lapidibus
1128 1653 1298 1689 perforatis
1333 1651 1386 1680 Od.
1430 1647 1465 1685 9,
1505 1645 1580 1676 136.
1646 1649 1728 1675 Nam

931 1702 964 1729 in
989 1703 1082 1729 rebus
1107 1699 1246 1735 publicis
1273 1702 1303 1726 et
1332 1695 1514 1725 domesticis
1537 1694 1610 1729 Vgl.
1636 1693 1728 1727 sequi

931 1748 1010 1775 solet
1050 1754 1170 1775 morem
1202 1745 1398 1773 Romanum:
1438 1748 1536 1775 quare
1572 1739 1728 1767 Romanis

930 1795 1029 1821 multo
1072 1791 1236 1826 acceptius
1271 1793 1338 1818 erat
1375 1795 1520 1822 carmen,
1567 1793 1663 1820 quam
1697 1786 1727 1813 si

931 1838 1135 1873 antiquorum
1175 1838 1366 1865 Graecorum
1410 1834 1533 1869 ignotos
1570 1831 1637 1860 iam
1673 1835 1727 1859 aut

932 1889 1128 1919 contemptos
1152 1890 1256 1911 mores
1281 1884 1365 1909 esset
1392 1880 1544 1908 imitatus.

979 1927 1054 1958 171.
1082 1930 1262 1958 ..Tellurem
1289 1935 1343 1962 pro
1367 1930 1449 1954 terra
1476 1923 1598 1959 posuit,
1631 1931 1727 1957 quum

933 1977 1091 2004 Tellurem
1120 1976 1211 2003 deam
1243 1974 1402 2002 dicamus.
1440 1976 1555 1998 terram
1587 1969 1727 1997 elemen-

931 2026 1014 2054 tum,
1060 2026 1092 2049 ut
1136 2022 1320 2055 plerumque
1359 2017 1506 2052 ponimus
1543 2016 1727 2043 Vulcanum

931 2075 986 2102 pro
1012 2067 1085 2103 igne
1113 2064 1165 2101 [2.
1192 2062 1288 2100 311],
1321 2064 1467 2092 Cererem
1493 2070 1547 2097 pro
1571 2060 1726 2090 frumento

932 2111 977 2147 [1.
1004 2110 1100 2147 177],
1132 2112 1282 2139 Liberum
1304 2118 1360 2144 pro
1387 2109 1463 2137 vino
1487 2105 1531 2142 [1,
1558 2104 1661 2142 215]·“
1694 2108 1725 2134 S.

932 2160 1066 2185 Martem
1096 2165 1152 2191 pro
1184 2157 1266 2184 bello
1295 2163 1325 2183 v.
1357 2151 1386 2182 4.
1436 2155 1547 2181 Iovem
1573 2161 1628 2187 pro
1654 2159 1727 2181 aere

933 2204 1006 2230 Hor.
1032 2203 1066 2231 C.
1094 2200 1130 2232 t.
1157 2200 1188 2237 1,
1219 2199 1271 2228 25.
1321 2201 1422 2228 Lares
1450 2204 1479 2227 et
1505 2200 1641 2227 Penates
1670 2205 1725 2232 pro

932 2248 1012 2277 focis
1039 2245 1074 2276 1.
1102 2244 1178 2275 527.
1226 2247 1384 2274 Venerem
1413 2253 1468 2279 pro
1498 2251 1623 2279 amore,
1656 2244 1726 2278 Hy-

932 2300 1099 2322 menaeum
1125 2301 1179 2327 pro
1205 2291 1326 2326 nuptiis
1353 2286 1381 2325 1.
1408 2286 1482 2317 651.
1532 2290 1645 2318 Orcum
1670 2296 1725 2322 pro

931 2340 1013 2369 locis
1039 2339 1151 2367 inferis
1176 2335 1211 2373 2,
1242 2334 1303 2365 186
1329 2340 1386 2365 etc.

979 2383 1052 2413 172.
1077 2380 1185 2424 poliri
1223 2389 1349 2417 arena,
1394 2381 1414 2408 i.
1449 2389 1475 2408 e.
1515 2380 1615 2407 litore.
1677 2380 1725 2407 Ita

931 2432 1052 2459 Ov.)1.
1082 2426 1131 2465 11,
1155 2428 1209 2457 55.
1242 2425 1292 2456 12.
1312 2424 1362 2455 38.
1394 2424 1443 2461 13,
1474 2422 1550 2456 729,
1581 2424 1620 2453 cf.
1647 2422 1723 2452 540.

934 2492 971 2496 —-
1000 2477 1141 2514 optata:
1179 2476 1255 2503 Post
1278 2480 1317 2501 ea
1339 2472 1439 2501 maris
1464 2471 1608 2506 pericula
1628 2477 1724 2505 quae-

930 2523 985 2551 vis
1008 2526 1093 2550 terra
1116 2525 1224 2556 optata
1247 2523 1305 2548 est.

979 2564 1051 2595 173.
1084 2564 1213 2595 Tabere
1237 2572 1346 2593 rarum
1371 2572 1428 2592 nec
1453 2562 1519 2591 nisi
1544 2563 1629 2597 apud
1651 2570 1724 2597 poe-

931 2617 981 2642 tas
1007 2618 1071 2649 est⁷
1095 2613 1249 2641 usitatum
1275 2607 1454 2638 tabeccere.

977 2656 1052 2687 174.
1079 2659 1159 2686 Alia
1198 2657 1340 2685 eiusdem
1380 2654 1426 2683 rei
1467 2653 1635 2688 descriptio
1677 2658 1725 2681 est

932 2702 961 2732 6.
986 2703 1014 2732 6.
1053 2706 1087 2732 G.
1117 2702 1142 2739 1,
1167 2701 1240 2730 135.
1291 2701 1471 2730 Scintillam
1495 2699 1613 2733 excipit
1637 2698 1725 2727 foliis

931 2750 1049 2779 aridiS.
1083 2749 1168 2778 addit
1199 2748 1265 2777 alia
1298 2747 1390 2775 arida
1421 2750 1450 2774 et
1481 2745 1724 2781 circumagendo

932 2796 1042 2828 efficit.
1075 2800 1106 2824 ut
1140 2795 1347 2823 incendantur
1379 2795 1407 2820 et
1442 2788 1530 2824 folia
1563 2795 1591 2819 et
1619 2787 1725 2818 arida

932 2839 994 2870 illa
1020 2838 1241 2869 nutrimenta.
1271 2854 1308 2858 —
1344 2834 1478 2876 Rapuit
1509 2836 1667 2865 flammam
1691 2836 1726 2864 iu

932 2887 1038 2915 fomite
1069 2888 1228 2914 latentem.
1278 2880 1452 2921 „Fomites
1477 2887 1551 2910 sunt
1580 2883 1724 2915 assulae,

932 2940 1016 2967 quae
1043 2934 1083 2960 ab
1118 2931 1286 2959 arboribus
1317 2930 1450 2965 cadunt,
1484 2928 1612 2962 quando
1642 2927 1725 2956 inci-

932 2977 1068 3007 duntur*
1093 2979 1125 3005 S.

980 3020 1054 3052 177.
1087 3018 1247 3051 Cerealia
1293 3028 1404 3050 arma.
1472 3019 1598 3055 ..Arma
1641 3018 1724 3047 enim

1423 3064 1452 3107 2
