<?xml version="1.0" encoding="UTF-8"?>
<!DOCTYPE html PUBLIC "-//W3C//DTD XHTML 1.0 Transitional//EN"
    "http://www.w3.org/TR/xhtml1/DTD/xhtml1-transitional.dtd">
<html xmlns="http://www.w3.org/1999/xhtml" xml:lang="en" lang="en">
 <head>
  <title>
</title>
<meta http-equiv="Content-Type" content="text/html;charset=utf-8" />
  <meta name='ocr-system' content='tesseract 3.04.00' />
  <meta name='ocr-capabilities' content='ocr_page ocr_carea ocr_par ocr_line ocrx_word'/>
</head>
<body>
  <div class='ocr_page' id='page_1' title='image "aeneisvi00virguoft_0062.png"; bbox 0 0 2023 3350; ppageno 0'>
   <div class='ocr_carea' id='block_1_1' title="bbox 273 117 1320 161">
    <p class='ocr_par' dir='ltr' id='par_1_1' title="bbox 273 117 1320 161">
     <span class='ocr_line' id='line_1_1' title="bbox 273 117 1320 161; baseline 0.004 -15"><span class='ocrx_word' id='word_1_1' title='bbox 273 124 324 161; x_wconf 61' lang='lat'>343</span> <span class='ocrx_word' id='word_1_2' title='bbox 833 120 868 151; x_wconf 79' lang='grc'>1).</span> <span class='ocrx_word' id='word_1_3' title='bbox 894 118 1087 151; x_wconf 79' lang='lat' dir='ltr'>VIRGILH</span> <span class='ocrx_word' id='word_1_4' title='bbox 1111 117 1320 152; x_wconf 73' lang='lat' dir='ltr'>MAROle</span> 
     </span>
    </p>
   </div>
   <div class='ocr_carea' id='block_1_2' title="bbox 272 229 1558 399">
    <p class='ocr_par' dir='ltr' id='par_1_2' title="bbox 272 229 1558 399">
     <span class='ocr_line' id='line_1_2' title="bbox 272 229 1390 282; baseline -0.001 -9"><span class='ocrx_word' id='word_1_5' title='bbox 272 233 380 274; x_wconf 75' lang='lat' dir='ltr'>&#39;l‘ure</span> <span class='ocrx_word' id='word_1_6' title='bbox 410 232 549 273; x_wconf 86' lang='lat' dir='ltr'>calent</span> <span class='ocrx_word' id='word_1_7' title='bbox 580 244 680 272; x_wconf 88' lang='lat' dir='ltr'>arae</span> <span class='ocrx_word' id='word_1_8' title='bbox 712 230 920 282; x_wconf 85' lang='lat' dir='ltr'>sortisque</span> <span class='ocrx_word' id='word_1_9' title='bbox 955 229 1193 271; x_wconf 79' lang='lat' dir='ltr'>recentibus</span> <span class='ocrx_word' id='word_1_10' title='bbox 1231 229 1390 272; x_wconf 90' lang='lat' dir='ltr'>halant.</span> 
     </span>
     <span class='ocr_line' id='line_1_3' title="bbox 387 287 1558 342; baseline -0.001 -12"><span class='ocrx_word' id='word_1_11' title='bbox 387 289 636 342; x_wconf 73' lang='lat' dir='ltr'>Corripuere</span> <span class='ocrx_word' id='word_1_12' title='bbox 670 288 780 328; x_wconf 81' lang='lat' dir='ltr'>viam</span> <span class='ocrx_word' id='word_1_13' title='bbox 814 287 992 337; x_wconf 86' lang='lat' dir='ltr'>interea,</span> <span class='ocrx_word' id='word_1_14' title='bbox 1031 300 1116 339; x_wconf 89' lang='lat' dir='ltr'>qua</span> <span class='ocrx_word' id='word_1_15' title='bbox 1149 287 1299 328; x_wconf 89' lang='lat' dir='ltr'>semita</span> <span class='ocrx_word' id='word_1_16' title='bbox 1336 290 1558 330; x_wconf 86' lang='lat' dir='ltr'>monstrat.</span> 
     </span>
     <span class='ocr_line' id='line_1_4' title="bbox 272 343 1488 399; baseline 0 -12"><span class='ocrx_word' id='word_1_17' title='bbox 272 347 446 399; x_wconf 82' lang='lat' dir='ltr'>lamque</span> <span class='ocrx_word' id='word_1_18' title='bbox 482 344 796 386; x_wconf 73' lang='lat' dir='ltr'>adscendebant</span> <span class='ocrx_word' id='word_1_19' title='bbox 830 343 998 393; x_wconf 83' lang='lat' dir='ltr'>collem,</span> <span class='ocrx_word' id='word_1_20' title='bbox 1042 343 1116 396; x_wconf 84' lang='lat' dir='ltr'>qui</span> <span class='ocrx_word' id='word_1_21' title='bbox 1149 343 1356 397; x_wconf 86' lang='lat' dir='ltr'>plurimus</span> <span class='ocrx_word' id='word_1_22' title='bbox 1392 345 1488 387; x_wconf 91' lang='lat' dir='ltr'>urbi</span> 
     </span>
    </p>
   </div>
   <div class='ocr_carea' id='block_1_3' title="bbox 274 399 1426 453">
    <p class='ocr_par' dir='ltr' id='par_1_3' title="bbox 274 399 1426 453">
     <span class='ocr_line' id='line_1_5' title="bbox 274 399 1426 453; baseline 0 -9"><span class='ocrx_word' id='word_1_23' title='bbox 274 403 467 444; x_wconf 84' lang='lat' dir='ltr'>Imminet</span> <span class='ocrx_word' id='word_1_24' title='bbox 504 402 786 453; x_wconf 73' lang='lat' dir='ltr'>adversasque</span> <span class='ocrx_word' id='word_1_25' title='bbox 823 399 1047 453; x_wconf 76' lang='lat' dir='ltr'>adspectat</span> <span class='ocrx_word' id='word_1_26' title='bbox 1081 399 1261 453; x_wconf 82' lang='lat' dir='ltr'>desuper</span> <span class='ocrx_word' id='word_1_27' title='bbox 1296 416 1426 444; x_wconf 87' lang='lat' dir='ltr'>arces.</span> 
     </span>
    </p>
   </div>
   <div class='ocr_carea' id='block_1_4' title="bbox 1812 404 1896 443">
    <p class='ocr_par' dir='ltr' id='par_1_4' title="bbox 1812 404 1896 443">
     <span class='ocr_line' id='line_1_6' title="bbox 1812 404 1896 443; baseline -0.012 0"><span class='ocrx_word' id='word_1_28' title='bbox 1812 404 1896 443; x_wconf 87' lang='grc'>420</span> 
     </span>
    </p>
   </div>
   <div class='ocr_carea' id='block_1_5' title="bbox 274 457 1435 682">
    <p class='ocr_par' dir='ltr' id='par_1_5' title="bbox 274 457 1435 682">
     <span class='ocr_line' id='line_1_7' title="bbox 274 457 1341 510; baseline -0.002 -9"><span class='ocrx_word' id='word_1_29' title='bbox 274 461 455 501; x_wconf 82' lang='lat' dir='ltr'>Miratur</span> <span class='ocrx_word' id='word_1_30' title='bbox 493 459 643 499; x_wconf 70' lang='lat' dir='ltr'>molem</span> <span class='ocrx_word' id='word_1_31' title='bbox 678 458 856 508; x_wconf 80' lang='lat' dir='ltr'>Aeneas,</span> <span class='ocrx_word' id='word_1_32' title='bbox 895 457 1083 509; x_wconf 80' lang='lat' dir='ltr'>magalia</span> <span class='ocrx_word' id='word_1_33' title='bbox 1118 457 1341 510; x_wconf 86' lang='lat' dir='ltr'>quondam,</span> 
     </span>
     <span class='ocr_line' id='line_1_8' title="bbox 274 514 1435 569; baseline -0.002 -11"><span class='ocrx_word' id='word_1_34' title='bbox 274 517 455 558; x_wconf 83' lang='lat' dir='ltr'>Miratur</span> <span class='ocrx_word' id='word_1_35' title='bbox 485 519 633 569; x_wconf 83' lang='lat' dir='ltr'>portas</span> <span class='ocrx_word' id='word_1_36' title='bbox 664 514 971 567; x_wconf 82' lang='lat' dir='ltr'>strepitumque</span> <span class='ocrx_word' id='word_1_37' title='bbox 1011 517 1052 554; x_wconf 89' lang='lat' dir='ltr'>et</span> <span class='ocrx_word' id='word_1_38' title='bbox 1087 517 1225 555; x_wconf 84' lang='lat' dir='ltr'>strata</span> <span class='ocrx_word' id='word_1_39' title='bbox 1261 517 1435 557; x_wconf 84' lang='lat' dir='ltr'>viarum.</span> 
     </span>
     <span class='ocr_line' id='line_1_9' title="bbox 275 570 1354 625; baseline 0 -11"><span class='ocrx_word' id='word_1_40' title='bbox 275 574 443 614; x_wconf 84' lang='lat' dir='ltr'>Instant</span> <span class='ocrx_word' id='word_1_41' title='bbox 476 571 671 613; x_wconf 85' lang='lat' dir='ltr'>ardentes</span> <span class='ocrx_word' id='word_1_42' title='bbox 703 571 834 624; x_wconf 69' lang='lat' dir='ltr'>Tyrii,</span> <span class='ocrx_word' id='word_1_43' title='bbox 874 585 974 625; x_wconf 86' lang='lat' dir='ltr'>pars</span> <span class='ocrx_word' id='word_1_44' title='bbox 1010 570 1164 612; x_wconf 86' lang='lat' dir='ltr'>ducere</span> <span class='ocrx_word' id='word_1_45' title='bbox 1198 586 1354 623; x_wconf 85' lang='lat' dir='ltr'>muros,</span> 
     </span>
     <span class='ocr_line' id='line_1_10' title="bbox 275 628 1418 682; baseline -0.002 -10"><span class='ocrx_word' id='word_1_46' title='bbox 275 630 498 682; x_wconf 78' lang='lat' dir='ltr'>Molirique</span> <span class='ocrx_word' id='word_1_47' title='bbox 535 642 675 669; x_wconf 85' lang='lat' dir='ltr'>arcem</span> <span class='ocrx_word' id='word_1_48' title='bbox 713 632 755 669; x_wconf 89' lang='lat' dir='ltr'>et</span> <span class='ocrx_word' id='word_1_49' title='bbox 789 628 983 670; x_wconf 87' lang='lat' dir='ltr'>manibus</span> <span class='ocrx_word' id='word_1_50' title='bbox 1023 628 1268 670; x_wconf 78' lang='lat' dir='ltr'>subvolvere</span> <span class='ocrx_word' id='word_1_51' title='bbox 1304 643 1418 680; x_wconf 84' lang='lat' dir='ltr'>saxa,</span> 
     </span>
    </p>
   </div>
   <div class='ocr_carea' id='block_1_6' title="bbox 275 685 1428 739">
    <p class='ocr_par' dir='ltr' id='par_1_6' title="bbox 275 685 1428 739">
     <span class='ocr_line' id='line_1_11' title="bbox 275 685 1428 739; baseline -0.002 -11"><span class='ocrx_word' id='word_1_52' title='bbox 275 687 378 728; x_wconf 83' lang='lat' dir='ltr'>Pars</span> <span class='ocrx_word' id='word_1_53' title='bbox 415 691 563 739; x_wconf 87' lang='lat' dir='ltr'>optare</span> <span class='ocrx_word' id='word_1_54' title='bbox 604 686 744 726; x_wconf 80' lang='lat' dir='ltr'>locuni</span> <span class='ocrx_word' id='word_1_55' title='bbox 779 688 892 726; x_wconf 88' lang='lat' dir='ltr'>tecto</span> <span class='ocrx_word' id='word_1_56' title='bbox 932 689 972 726; x_wconf 87' lang='lat' dir='ltr'>et</span> <span class='ocrx_word' id='word_1_57' title='bbox 1011 685 1261 727; x_wconf 79' lang='lat' dir='ltr'>concludere</span> <span class='ocrx_word' id='word_1_58' title='bbox 1301 687 1428 728; x_wconf 90' lang='lat' dir='ltr'>sulco.</span> 
     </span>
    </p>
   </div>
   <div class='ocr_carea' id='block_1_7' title="bbox 1814 687 1897 726">
    <p class='ocr_par' dir='ltr' id='par_1_7' title="bbox 1814 687 1897 726">
     <span class='ocr_line' id='line_1_12' title="bbox 1814 687 1897 726; baseline 0 0"><span class='ocrx_word' id='word_1_59' title='bbox 1814 687 1897 726; x_wconf 86' lang='lat'>425</span> 
     </span>
    </p>
   </div>
   <div class='ocr_carea' id='block_1_8' title="bbox 277 743 1532 798">
    <p class='ocr_par' dir='ltr' id='par_1_8' title="bbox 277 743 1532 798">
     <span class='ocr_line' id='line_1_13' title="bbox 277 743 1532 798; baseline -0.001 -14"><span class='ocrx_word' id='word_1_60' title='bbox 277 745 394 798; x_wconf 86' lang='lat' dir='ltr'>[Iura</span> <span class='ocrx_word' id='word_1_61' title='bbox 427 743 789 797; x_wconf 79' lang='lat' dir='ltr'>magistratusque</span> <span class='ocrx_word' id='word_1_62' title='bbox 826 743 972 796; x_wconf 82' lang='lat' dir='ltr'>legunt</span> <span class='ocrx_word' id='word_1_63' title='bbox 1007 746 1285 797; x_wconf 83' lang='lat' dir='ltr'>sanctumque</span> <span class='ocrx_word' id='word_1_64' title='bbox 1321 743 1532 797; x_wconf 86' lang='lat' dir='ltr'>senatum]</span> 
     </span>
    </p>
   </div>
   <div class='ocr_carea' id='block_1_9' title="bbox 276 895 1068 1523">
    <p class='ocr_par' dir='ltr' id='par_1_9' title="bbox 276 895 1066 1201">
     <span class='ocr_line' id='line_1_14' title="bbox 276 895 1065 930; baseline -0.001 -7"><span class='ocrx_word' id='word_1_65' title='bbox 276 899 413 929; x_wconf 80' lang='lat' dir='ltr'>tempore</span> <span class='ocrx_word' id='word_1_66' title='bbox 435 895 581 930; x_wconf 60' lang='lat' dir='ltr'>(naveis,</span> <span class='ocrx_word' id='word_1_67' title='bbox 616 903 671 923; x_wconf 77' lang='lat' dir='ltr'>nec</span> <span class='ocrx_word' id='word_1_68' title='bbox 695 896 799 923; x_wconf 80' lang='lat' dir='ltr'>Numa</span> <span class='ocrx_word' id='word_1_69' title='bbox 825 898 976 929; x_wconf 72' lang='lat' dir='ltr'>regnante</span> <span class='ocrx_word' id='word_1_70' title='bbox 1000 896 1065 922; x_wconf 83' lang='lat' dir='ltr'>Ro-</span> 
     </span>
     <span class='ocr_line' id='line_1_15' title="bbox 276 937 1065 975; baseline -0.003 -6"><span class='ocrx_word' id='word_1_71' title='bbox 276 941 382 969; x_wconf 80' lang='lat' dir='ltr'>manis</span> <span class='ocrx_word' id='word_1_72' title='bbox 406 940 437 968; x_wconf 91' lang='lat' dir='ltr'>in</span> <span class='ocrx_word' id='word_1_73' title='bbox 461 948 520 968; x_wconf 78' lang='lat' dir='ltr'>usu</span> <span class='ocrx_word' id='word_1_74' title='bbox 540 944 617 975; x_wconf 83' lang='lat' dir='ltr'>erat,</span> <span class='ocrx_word' id='word_1_75' title='bbox 643 941 680 969; x_wconf 84' lang='lat' dir='ltr'>cf.</span> <span class='ocrx_word' id='word_1_76' title='bbox 700 942 783 968; x_wconf 60' lang='lat'>(11⁴¹.</span> <span class='ocrx_word' id='word_1_77' title='bbox 805 937 832 975; x_wconf 92' lang='grc'>1,</span> <span class='ocrx_word' id='word_1_78' title='bbox 855 937 935 970; x_wconf 79' lang='grc'>341;</span> <span class='ocrx_word' id='word_1_79' title='bbox 958 944 1065 968; x_wconf 75' lang='lat' dir='ltr'>tamen</span> 
     </span>
     <span class='ocr_line' id='line_1_16' title="bbox 277 986 1066 1020; baseline -0.001 -6"><span class='ocrx_word' id='word_1_80' title='bbox 277 993 295 1014; x_wconf 87' lang='lat' dir='ltr'>a</span> <span class='ocrx_word' id='word_1_81' title='bbox 335 990 423 1020; x_wconf 83' lang='lat' dir='ltr'>poeta</span> <span class='ocrx_word' id='word_1_82' title='bbox 456 986 586 1020; x_wconf 83' lang='lat' dir='ltr'>tempori</span> <span class='ocrx_word' id='word_1_83' title='bbox 628 986 772 1014; x_wconf 81' lang='lat' dir='ltr'>tribuitur</span> <span class='ocrx_word' id='word_1_84' title='bbox 806 987 952 1014; x_wconf 85' lang='lat' dir='ltr'>Troiano.</span> <span class='ocrx_word' id='word_1_85' title='bbox 1014 986 1066 1013; x_wconf 76' lang='lat' dir='ltr'>Sic</span> 
     </span>
     <span class='ocr_line' id='line_1_17' title="bbox 278 1028 1065 1065; baseline 0 -7"><span class='ocrx_word' id='word_1_86' title='bbox 278 1033 307 1062; x_wconf 73' lang='lat'>⁴,</span> <span class='ocrx_word' id='word_1_87' title='bbox 333 1029 406 1059; x_wconf 83' lang='grc'>453,</span> <span class='ocrx_word' id='word_1_88' title='bbox 434 1028 464 1063; x_wconf 74' lang='lat' dir='ltr'>S,</span> <span class='ocrx_word' id='word_1_89' title='bbox 494 1029 564 1058; x_wconf 78' lang='lat'>106.</span> <span class='ocrx_word' id='word_1_90' title='bbox 600 1029 648 1065; x_wconf 91' lang='grc'>11,</span> <span class='ocrx_word' id='word_1_91' title='bbox 666 1029 741 1059; x_wconf 64' lang='lat' dir='ltr'>«ll-ll.</span> <span class='ocrx_word' id='word_1_92' title='bbox 762 1047 798 1050; x_wconf 84' lang='lat'><em>-</em></span> <span class='ocrx_word' id='word_1_93' title='bbox 820 1031 937 1059; x_wconf 69' lang='lat' dir='ltr'>Veneri</span> <span class='ocrx_word' id='word_1_94' title='bbox 961 1036 1065 1060; x_wconf 80' lang='lat' dir='ltr'>autem</span> 
     </span>
     <span class='ocr_line' id='line_1_18' title="bbox 278 1076 1065 1111; baseline -0.001 -7"><span class='ocrx_word' id='word_1_95' title='bbox 278 1077 420 1111; x_wconf 72' lang='lat' dir='ltr'>Paphiae</span> <span class='ocrx_word' id='word_1_96' title='bbox 454 1077 663 1111; x_wconf 66' lang='lat' dir='ltr'>..sanguinem</span> <span class='ocrx_word' id='word_1_97' title='bbox 694 1084 769 1104; x_wconf 84' lang='lat' dir='ltr'>arae</span> <span class='ocrx_word' id='word_1_98' title='bbox 798 1076 958 1105; x_wconf 69' lang='lat' dir='ltr'>offundere</span> <span class='ocrx_word' id='word_1_99' title='bbox 983 1076 1065 1104; x_wconf 71' lang='lat' dir='ltr'>veti-</span> 
     </span>
     <span class='ocr_line' id='line_1_19' title="bbox 279 1122 1065 1156; baseline 0 -7"><span class='ocrx_word' id='word_1_100' title='bbox 279 1127 359 1150; x_wconf 82' lang='lat' dir='ltr'>tum.</span> <span class='ocrx_word' id='word_1_101' title='bbox 398 1123 541 1155; x_wconf 71' lang='lat' dir='ltr'>precibus</span> <span class='ocrx_word' id='word_1_102' title='bbox 573 1127 600 1150; x_wconf 84' lang='grc'>61</span> <span class='ocrx_word' id='word_1_103' title='bbox 631 1123 703 1156; x_wconf 65' lang='lat' dir='ltr'>igne</span> <span class='ocrx_word' id='word_1_104' title='bbox 736 1130 811 1156; x_wconf 89' lang='lat' dir='ltr'>puro</span> <span class='ocrx_word' id='word_1_105' title='bbox 841 1122 958 1150; x_wconf 84' lang='lat' dir='ltr'>altaria</span> <span class='ocrx_word' id='word_1_106' title='bbox 988 1123 1065 1150; x_wconf 81' lang='lat' dir='ltr'>ado-</span> 
     </span>
     <span class='ocr_line' id='line_1_20' title="bbox 279 1165 683 1201; baseline -0.002 -6"><span class='ocrx_word' id='word_1_107' title='bbox 279 1169 402 1195; x_wconf 61' lang='lat' dir='ltr'>lentur·</span> <span class='ocrx_word' id='word_1_108' title='bbox 430 1168 503 1195; x_wconf 75' lang='lat' dir='ltr'>Tac.</span> <span class='ocrx_word' id='word_1_109' title='bbox 530 1168 566 1194; x_wconf 83' lang='grc'>11.</span> <span class='ocrx_word' id='word_1_110' title='bbox 592 1165 626 1201; x_wconf 88' lang='grc'>2,</span> <span class='ocrx_word' id='word_1_111' title='bbox 655 1166 683 1195; x_wconf 83' lang='grc'>3.</span> 
     </span>
    </p>

    <p class='ocr_par' dir='ltr' id='par_1_10' title="bbox 279 1207 1068 1523">
     <span class='ocr_line' id='line_1_21' title="bbox 324 1207 1063 1251; baseline -0.001 -12"><span class='ocrx_word' id='word_1_112' title='bbox 324 1210 397 1240; x_wconf 65' lang='grc'>418.</span> <span class='ocrx_word' id='word_1_113' title='bbox 425 1210 593 1251; x_wconf 81' lang='lat' dir='ltr'>corripere</span> <span class='ocrx_word' id='word_1_114' title='bbox 615 1209 717 1247; x_wconf 78' lang='lat' dir='ltr'>viam,</span> <span class='ocrx_word' id='word_1_115' title='bbox 740 1212 784 1240; x_wconf 87' lang='lat' dir='ltr'>ita</span> <span class='ocrx_word' id='word_1_116' title='bbox 802 1214 859 1241; x_wconf 85' lang='lat' dir='ltr'>0v.</span> <span class='ocrx_word' id='word_1_117' title='bbox 878 1214 920 1240; x_wconf 82' lang='lat' dir='ltr'>M.</span> <span class='ocrx_word' id='word_1_118' title='bbox 939 1209 968 1246; x_wconf 91' lang='grc'>2,</span> <span class='ocrx_word' id='word_1_119' title='bbox 989 1207 1063 1239; x_wconf 79' lang='grc'>158.</span> 
     </span>
     <span class='ocr_line' id='line_1_22' title="bbox 279 1253 1064 1296; baseline -0.001 -11"><span class='ocrx_word' id='word_1_120' title='bbox 279 1258 361 1286; x_wconf 84' lang='grc' dir='ltr'>Ρ1111.</span> <span class='ocrx_word' id='word_1_121' title='bbox 397 1259 451 1292; x_wconf 81' lang='lat' dir='ltr'>Ep.</span> <span class='ocrx_word' id='word_1_122' title='bbox 487 1255 521 1291; x_wconf 92' lang='grc'>4,</span> <span class='ocrx_word' id='word_1_123' title='bbox 556 1254 567 1284; x_wconf 93' lang='grc'>1</span> <span class='ocrx_word' id='word_1_124' title='bbox 605 1255 663 1286; x_wconf 82' lang='lat' dir='ltr'>sed</span> <span class='ocrx_word' id='word_1_125' title='bbox 693 1259 790 1286; x_wconf 87' lang='lat' dir='ltr'>tanto</span> <span class='ocrx_word' id='word_1_126' title='bbox 823 1255 940 1296; x_wconf 76' lang='lat' dir='ltr'>magis</span> <span class='ocrx_word' id='word_1_127' title='bbox 975 1253 1064 1285; x_wconf 79' lang='lat' dir='ltr'>viam</span> 
     </span>
     <span class='ocr_line' id='line_1_23' title="bbox 280 1299 1067 1343; baseline -0.001 -13"><span class='ocrx_word' id='word_1_128' title='bbox 280 1301 388 1343; x_wconf 76' lang='lat' dir='ltr'>ipsam</span> <span class='ocrx_word' id='word_1_129' title='bbox 416 1299 656 1342; x_wconf 77' lang='lat' dir='ltr'>corripiemns;</span> <span class='ocrx_word' id='word_1_130' title='bbox 689 1310 733 1330; x_wconf 83' lang='lat' dir='ltr'>sc.</span> <span class='ocrx_word' id='word_1_131' title='bbox 760 1303 936 1339; x_wconf 69' lang='lat' dir='ltr'>celeritate,</span> <span class='ocrx_word' id='word_1_132' title='bbox 969 1303 1013 1330; x_wconf 89' lang='lat' dir='ltr'>ita</span> <span class='ocrx_word' id='word_1_133' title='bbox 1034 1305 1067 1329; x_wconf 85' lang='lat' dir='ltr'>ut</span> 
     </span>
     <span class='ocr_line' id='line_1_24' title="bbox 280 1348 1067 1382; baseline -0.003 -5"><span class='ocrx_word' id='word_1_134' title='bbox 280 1351 371 1377; x_wconf 83' lang='lat' dir='ltr'>ambo</span> <span class='ocrx_word' id='word_1_135' title='bbox 402 1349 476 1376; x_wconf 68' lang='lat' dir='ltr'>viae</span> <span class='ocrx_word' id='word_1_136' title='bbox 507 1348 631 1376; x_wconf 81' lang='lat' dir='ltr'>termini</span> <span class='ocrx_word' id='word_1_137' title='bbox 663 1348 751 1376; x_wconf 76' lang='lat' dir='ltr'>brevi</span> <span class='ocrx_word' id='word_1_138' title='bbox 790 1348 940 1382; x_wconf 80' lang='lat' dir='ltr'>temporis</span> <span class='ocrx_word' id='word_1_139' title='bbox 970 1348 1067 1375; x_wconf 88' lang='grc'>111161·-</span> 
     </span>
     <span class='ocr_line' id='line_1_25' title="bbox 280 1394 1067 1429; baseline -0.003 -7"><span class='ocrx_word' id='word_1_140' title='bbox 280 1395 369 1422; x_wconf 78' lang='lat' dir='ltr'>vallo</span> <span class='ocrx_word' id='word_1_141' title='bbox 394 1394 574 1427; x_wconf 74' lang='lat' dir='ltr'>interposito</span> <span class='ocrx_word' id='word_1_142' title='bbox 601 1396 640 1421; x_wconf 87' lang='lat' dir='ltr'>al)</span> <span class='ocrx_word' id='word_1_143' title='bbox 665 1402 710 1427; x_wconf 87' lang='lat' dir='ltr'>eo,</span> <span class='ocrx_word' id='word_1_144' title='bbox 736 1394 788 1427; x_wconf 80' lang='lat' dir='ltr'>qui</span> <span class='ocrx_word' id='word_1_145' title='bbox 815 1394 847 1429; x_wconf 84' lang='lat' dir='ltr'>it,</span> <span class='ocrx_word' id='word_1_146' title='bbox 873 1394 1067 1427; x_wconf 72' lang='lat' dir='ltr'>attingantur</span> 
     </span>
     <span class='ocr_line' id='line_1_26' title="bbox 281 1438 1068 1473; baseline -0.001 -7"><span class='ocrx_word' id='word_1_147' title='bbox 281 1444 373 1473; x_wconf 80' lang='lat' dir='ltr'>atque</span> <span class='ocrx_word' id='word_1_148' title='bbox 414 1439 444 1466; x_wconf 90' lang='grc'>111</span> <span class='ocrx_word' id='word_1_149' title='bbox 485 1447 580 1467; x_wconf 82' lang='grc'>(11111111</span> <span class='ocrx_word' id='word_1_150' title='bbox 615 1439 708 1472; x_wconf 76' lang='lat' dir='ltr'>quasi</span> <span class='ocrx_word' id='word_1_151' title='bbox 749 1439 978 1473; x_wconf 68' lang='lat' dir='ltr'>corripiantur3</span> <span class='ocrx_word' id='word_1_152' title='bbox 1023 1438 1068 1465; x_wconf 85' lang='lat' dir='ltr'>ita</span> 
     </span>
     <span class='ocr_line' id='line_1_27' title="bbox 281 1481 1066 1523; baseline -0.004 -10"><span class='ocrx_word' id='word_1_153' title='bbox 281 1481 451 1523; x_wconf 76' lang='lat' dir='ltr'>corripere</span> <span class='ocrx_word' id='word_1_154' title='bbox 474 1482 589 1523; x_wconf 85' lang='lat' dir='ltr'>spatia</span> <span class='ocrx_word' id='word_1_155' title='bbox 612 1483 642 1517; x_wconf 89' lang='grc'>5,</span> <span class='ocrx_word' id='word_1_156' title='bbox 666 1483 739 1515; x_wconf 78' lang='grc'>316,</span> <span class='ocrx_word' id='word_1_157' title='bbox 763 1492 919 1522; x_wconf 81' lang='lat' dir='ltr'>campum</span> <span class='ocrx_word' id='word_1_158' title='bbox 943 1484 972 1517; x_wconf 83' lang='lat'>5,</span> <span class='ocrx_word' id='word_1_159' title='bbox 996 1481 1066 1510; x_wconf 89' lang='grc'>144.</span> 
     </span>
    </p>
   </div>
   <div class='ocr_carea' id='block_1_10' title="bbox 282 1527 1068 1701">
    <p class='ocr_par' dir='ltr' id='par_1_11' title="bbox 282 1527 1068 1614">
     <span class='ocr_line' id='line_1_28' title="bbox 282 1527 1068 1562; baseline -0.003 -5"><span class='ocrx_word' id='word_1_160' title='bbox 282 1532 316 1557; x_wconf 85' lang='lat' dir='ltr'>G.</span> <span class='ocrx_word' id='word_1_161' title='bbox 352 1528 388 1562; x_wconf 78' lang='lat'>3,</span> <span class='ocrx_word' id='word_1_162' title='bbox 428 1527 498 1557; x_wconf 79' lang='lat'>104.</span> <span class='ocrx_word' id='word_1_163' title='bbox 552 1531 620 1557; x_wconf 84' lang='lat' dir='ltr'>lam</span> <span class='ocrx_word' id='word_1_164' title='bbox 658 1530 761 1557; x_wconf 78' lang='lat' dir='ltr'>socios</span> <span class='ocrx_word' id='word_1_165' title='bbox 800 1530 925 1557; x_wconf 74' lang='lat' dir='ltr'>visendi</span> <span class='ocrx_word' id='word_1_166' title='bbox 962 1529 1068 1562; x_wconf 80' lang='lat' dir='ltr'>cupidi</span> 
     </span>
     <span class='ocr_line' id='line_1_29' title="bbox 282 1572 1038 1614; baseline -0.001 -12"><span class='ocrx_word' id='word_1_167' title='bbox 282 1578 449 1609; x_wconf 80' lang='lat' dir='ltr'>properant</span> <span class='ocrx_word' id='word_1_168' title='bbox 474 1576 512 1602; x_wconf 77' lang='lat' dir='ltr'>ad</span> <span class='ocrx_word' id='word_1_169' title='bbox 538 1577 655 1603; x_wconf 81' lang='lat' dir='ltr'>urbem.</span> <span class='ocrx_word' id='word_1_170' title='bbox 686 1590 721 1593; x_wconf 94' lang='lat'>—</span> <span class='ocrx_word' id='word_1_171' title='bbox 749 1583 817 1614; x_wconf 81' lang='lat' dir='ltr'>qua</span> <span class='ocrx_word' id='word_1_172' title='bbox 841 1575 878 1603; x_wconf 86' lang='lat' dir='ltr'>cf.</span> <span class='ocrx_word' id='word_1_173' title='bbox 905 1572 940 1608; x_wconf 89' lang='lat'>2,</span> <span class='ocrx_word' id='word_1_174' title='bbox 965 1573 1038 1601; x_wconf 86' lang='grc'>505.</span> 
     </span>
    </p>

    <p class='ocr_par' dir='ltr' id='par_1_12' title="bbox 284 1617 1067 1701">
     <span class='ocr_line' id='line_1_30' title="bbox 327 1617 1067 1659; baseline -0.001 -11"><span class='ocrx_word' id='word_1_175' title='bbox 327 1618 401 1647; x_wconf 79' lang='grc'>419.</span> <span class='ocrx_word' id='word_1_176' title='bbox 428 1617 544 1648; x_wconf 84' lang='lat' dir='ltr'>collem</span> <span class='ocrx_word' id='word_1_177' title='bbox 579 1620 616 1648; x_wconf 81' lang='lat' dir='ltr'>ef.</span> <span class='ocrx_word' id='word_1_178' title='bbox 654 1617 724 1648; x_wconf 70' lang='lat'>1⁵9.</span> <span class='ocrx_word' id='word_1_179' title='bbox 761 1635 797 1639; x_wconf 84' lang='grc'>-</span> <span class='ocrx_word' id='word_1_180' title='bbox 827 1617 998 1659; x_wconf 80' lang='lat' dir='ltr'>plurimus</span> <span class='ocrx_word' id='word_1_181' title='bbox 1029 1619 1067 1647; x_wconf 85' lang='lat' dir='ltr'>cf.</span> 
     </span>
     <span class='ocr_line' id='line_1_31' title="bbox 284 1663 420 1701; baseline 0 -9"><span class='ocrx_word' id='word_1_182' title='bbox 284 1663 320 1701; x_wconf 75' lang='grc'>6,</span> <span class='ocrx_word' id='word_1_183' title='bbox 346 1664 420 1692; x_wconf 71' lang='grc'>659.</span> 
     </span>
    </p>
   </div>
   <div class='ocr_carea' id='block_1_11' title="bbox 283 1707 1080 3056">
    <p class='ocr_par' dir='ltr' id='par_1_13' title="bbox 283 1707 1074 2326">
     <span class='ocr_line' id='line_1_32' title="bbox 328 1707 1070 1738; baseline -0.001 -1"><span class='ocrx_word' id='word_1_184' title='bbox 328 1708 402 1738; x_wconf 82' lang='grc'>420.</span> <span class='ocrx_word' id='word_1_185' title='bbox 434 1707 611 1738; x_wconf 77' lang='lat' dir='ltr'>Imminere</span> <span class='ocrx_word' id='word_1_186' title='bbox 637 1714 756 1738; x_wconf 76' lang='lat' dir='ltr'>montes</span> <span class='ocrx_word' id='word_1_187' title='bbox 783 1710 868 1737; x_wconf 86' lang='lat' dir='ltr'>infra</span> <span class='ocrx_word' id='word_1_188' title='bbox 892 1709 1070 1738; x_wconf 78' lang='lat' dir='ltr'>iacentibus</span> 
     </span>
     <span class='ocr_line' id='line_1_33' title="bbox 285 1752 1068 1790; baseline -0.004 -6"><span class='ocrx_word' id='word_1_189' title='bbox 285 1757 374 1784; x_wconf 82' lang='lat' dir='ltr'>terris</span> <span class='ocrx_word' id='word_1_190' title='bbox 414 1763 510 1790; x_wconf 79' lang='lat' dir='ltr'>saepe</span> <span class='ocrx_word' id='word_1_191' title='bbox 549 1756 694 1783; x_wconf 81' lang='lat' dir='ltr'>dicuntur</span> <span class='ocrx_word' id='word_1_192' title='bbox 733 1760 763 1783; x_wconf 87' lang='grc'>111</span> <span class='ocrx_word' id='word_1_193' title='bbox 798 1752 870 1783; x_wconf 85' lang='grc'>165.</span> <span class='ocrx_word' id='word_1_194' title='bbox 935 1757 992 1783; x_wconf 82' lang='lat' dir='ltr'>Ov.</span> <span class='ocrx_word' id='word_1_195' title='bbox 1027 1756 1068 1782; x_wconf 88' lang='lat' dir='ltr'>M.</span> 
     </span>
     <span class='ocr_line' id='line_1_34' title="bbox 284 1797 1069 1840; baseline -0.001 -12"><span class='ocrx_word' id='word_1_196' title='bbox 284 1801 322 1834; x_wconf 77' lang='grc'>4,</span> <span class='ocrx_word' id='word_1_197' title='bbox 360 1799 423 1828; x_wconf 77' lang='grc'>524</span> <span class='ocrx_word' id='word_1_198' title='bbox 469 1799 623 1829; x_wconf 78' lang='lat' dir='ltr'>Imminet</span> <span class='ocrx_word' id='word_1_199' title='bbox 660 1798 864 1840; x_wconf 74' lang='lat' dir='ltr'>aequoribus</span> <span class='ocrx_word' id='word_1_200' title='bbox 901 1797 1069 1838; x_wconf 78' lang='lat' dir='ltr'>scopulus.</span> 
     </span>
     <span class='ocr_line' id='line_1_35' title="bbox 284 1842 1071 1880; baseline -0.001 -6"><span class='ocrx_word' id='word_1_201' title='bbox 284 1847 355 1874; x_wconf 82' lang='lat' dir='ltr'>Liv.</span> <span class='ocrx_word' id='word_1_202' title='bbox 396 1845 454 1880; x_wconf 65' lang='lat'>21-3.</span> <span class='ocrx_word' id='word_1_203' title='bbox 493 1845 510 1873; x_wconf 87' lang='grc'>6</span> <span class='ocrx_word' id='word_1_204' title='bbox 566 1844 661 1874; x_wconf 69' lang='lat' dir='ltr'>num</span> <span class='ocrx_word' id='word_1_205' title='bbox 701 1854 796 1874; x_wconf 86' lang='lat' dir='ltr'>arces</span> <span class='ocrx_word' id='word_1_206' title='bbox 836 1844 917 1874; x_wconf 83' lang='lat' dir='ltr'>urbs</span> <span class='ocrx_word' id='word_1_207' title='bbox 958 1842 1071 1879; x_wconf 78' lang='lat' dir='ltr'>habet,</span> 
     </span>
     <span class='ocr_line' id='line_1_36' title="bbox 283 1888 1072 1926; baseline -0.003 -7"><span class='ocrx_word' id='word_1_208' title='bbox 283 1900 387 1919; x_wconf 79' lang='lat' dir='ltr'>unam</span> <span class='ocrx_word' id='word_1_209' title='bbox 415 1888 641 1919; x_wconf 77' lang='lat' dir='ltr'>imminentem</span> <span class='ocrx_word' id='word_1_210' title='bbox 668 1889 766 1919; x_wconf 84' lang='lat' dir='ltr'>mari.</span> <span class='ocrx_word' id='word_1_211' title='bbox 813 1889 865 1926; x_wconf 85' lang='grc'>29,</span> <span class='ocrx_word' id='word_1_212' title='bbox 892 1889 932 1919; x_wconf 89' lang='grc'>35</span> <span class='ocrx_word' id='word_1_213' title='bbox 963 1888 1072 1919; x_wconf 68' lang='lat' dir='ltr'>Exer-</span> 
     </span>
     <span class='ocr_line' id='line_1_37' title="bbox 285 1933 1073 1975; baseline -0.003 -10"><span class='ocrx_word' id='word_1_214' title='bbox 285 1935 372 1965; x_wconf 70' lang='lat' dir='ltr'>ciens</span> <span class='ocrx_word' id='word_1_215' title='bbox 403 1934 445 1964; x_wconf 86' lang='lat' dir='ltr'>ab</span> <span class='ocrx_word' id='word_1_216' title='bbox 475 1933 671 1964; x_wconf 73' lang='lat' dir='ltr'>imminente</span> <span class='ocrx_word' id='word_1_217' title='bbox 700 1943 808 1975; x_wconf 83' lang='lat' dir='ltr'>prope</span> <span class='ocrx_word' id='word_1_218' title='bbox 837 1934 921 1973; x_wconf 75' lang='lat' dir='ltr'>ipsis</span> <span class='ocrx_word' id='word_1_219' title='bbox 945 1933 1073 1964; x_wconf 84' lang='lat' dir='ltr'>moeni-</span> 
     </span>
     <span class='ocr_line' id='line_1_38' title="bbox 286 1978 1074 2010; baseline -0.001 -1"><span class='ocrx_word' id='word_1_220' title='bbox 286 1980 348 2010; x_wconf 67' lang='lat' dir='ltr'>bus</span> <span class='ocrx_word' id='word_1_221' title='bbox 374 1979 505 2009; x_wconf 76' lang='lat' dir='ltr'>rumulo</span> <span class='ocrx_word' id='word_1_222' title='bbox 539 1983 587 2009; x_wconf 84' lang='lat' dir='ltr'>est</span> <span class='ocrx_word' id='word_1_223' title='bbox 617 1978 787 2010; x_wconf 72' lang='lat' dir='ltr'>admotus.</span> <span class='ocrx_word' id='word_1_224' title='bbox 825 1996 862 2000; x_wconf 87' lang='lat'>——</span> <span class='ocrx_word' id='word_1_225' title='bbox 897 1978 1074 2010; x_wconf 77' lang='lat' dir='ltr'>Adversus</span> 
     </span>
     <span class='ocr_line' id='line_1_39' title="bbox 287 2027 1071 2061; baseline -0.003 -6"><span class='ocrx_word' id='word_1_226' title='bbox 287 2028 306 2055; x_wconf 83' lang='lat' dir='ltr'>i.</span> <span class='ocrx_word' id='word_1_227' title='bbox 338 2036 364 2055; x_wconf 91' lang='grc'>6.</span> <span class='ocrx_word' id='word_1_228' title='bbox 394 2028 433 2054; x_wconf 80' lang='lat' dir='ltr'>atl</span> <span class='ocrx_word' id='word_1_229' title='bbox 464 2034 521 2054; x_wconf 76' lang='lat' dir='ltr'>nos</span> <span class='ocrx_word' id='word_1_230' title='bbox 554 2034 684 2060; x_wconf 75' lang='lat' dir='ltr'>versus,</span> <span class='ocrx_word' id='word_1_231' title='bbox 728 2027 854 2060; x_wconf 62' lang='lat' dir='ltr'>regione</span> <span class='ocrx_word' id='word_1_232' title='bbox 890 2027 1071 2061; x_wconf 51' lang='lat' dir='ltr'>oppositum</span> 
     </span>
     <span class='ocr_line' id='line_1_40' title="bbox 287 2068 1070 2105; baseline -0.003 -5"><span class='ocrx_word' id='word_1_233' title='bbox 287 2073 333 2100; x_wconf 85' lang='lat' dir='ltr'>ita</span> <span class='ocrx_word' id='word_1_234' title='bbox 369 2072 557 2105; x_wconf 72' lang='lat' dir='ltr'>saepissime</span> <span class='ocrx_word' id='word_1_235' title='bbox 593 2069 628 2101; x_wconf 84' lang='grc'>4,</span> <span class='ocrx_word' id='word_1_236' title='bbox 658 2069 731 2099; x_wconf 86' lang='grc'>701.</span> <span class='ocrx_word' id='word_1_237' title='bbox 767 2072 803 2103; x_wconf 90' lang='grc'>5,</span> <span class='ocrx_word' id='word_1_238' title='bbox 834 2069 886 2099; x_wconf 69' lang='grc'>59.</span> <span class='ocrx_word' id='word_1_239' title='bbox 928 2071 964 2103; x_wconf 89' lang='grc'>6,</span> <span class='ocrx_word' id='word_1_240' title='bbox 996 2068 1070 2099; x_wconf 69' lang='grc'>418.</span> 
     </span>
     <span class='ocr_line' id='line_1_41' title="bbox 287 2114 1069 2151; baseline 0 -7"><span class='ocrx_word' id='word_1_241' title='bbox 287 2115 363 2145; x_wconf 79' lang='grc'>552.</span> <span class='ocrx_word' id='word_1_242' title='bbox 402 2116 476 2144; x_wconf 78' lang='grc'>684.</span> <span class='ocrx_word' id='word_1_243' title='bbox 524 2114 588 2143; x_wconf 76' lang='grc'>755</span> <span class='ocrx_word' id='word_1_244' title='bbox 629 2120 655 2143; x_wconf 83' lang='grc'>61</span> <span class='ocrx_word' id='word_1_245' title='bbox 704 2124 754 2151; x_wconf 85' lang='lat' dir='ltr'>ap.</span> <span class='ocrx_word' id='word_1_246' title='bbox 793 2117 984 2145; x_wconf 73' lang='lat' dir='ltr'>Ciceronem.</span> <span class='ocrx_word' id='word_1_247' title='bbox 1032 2132 1069 2135; x_wconf 89' lang='lat'><strong>—</strong></span> 
     </span>
     <span class='ocr_line' id='line_1_42' title="bbox 289 2161 1072 2200; baseline -0.003 -9"><span class='ocrx_word' id='word_1_248' title='bbox 289 2161 478 2200; x_wconf 81' lang='lat' dir='ltr'>Aspectare</span> <span class='ocrx_word' id='word_1_249' title='bbox 501 2162 619 2196; x_wconf 71' lang='lat' dir='ltr'>primus</span> <span class='ocrx_word' id='word_1_250' title='bbox 644 2162 721 2190; x_wconf 79' lang='lat' dir='ltr'>dixit</span> <span class='ocrx_word' id='word_1_251' title='bbox 748 2163 821 2195; x_wconf 62' lang='lat' dir='ltr'>Vgl.</span> <span class='ocrx_word' id='word_1_252' title='bbox 848 2171 901 2196; x_wconf 88' lang='lat' dir='ltr'>pro</span> <span class='ocrx_word' id='word_1_253' title='bbox 927 2162 1072 2196; x_wconf 77' lang='lat' dir='ltr'>prosaico</span> 
     </span>
     <span class='ocr_line' id='line_1_43' title="bbox 288 2205 1072 2246; baseline 0 -11"><span class='ocrx_word' id='word_1_254' title='bbox 288 2209 442 2246; x_wconf 74' lang='lat' dir='ltr'>spectare</span> <span class='ocrx_word' id='word_1_255' title='bbox 472 2205 517 2234; x_wconf 82' lang='lat' dir='ltr'>ad</span> <span class='ocrx_word' id='word_1_256' title='bbox 548 2207 567 2234; x_wconf 92' lang='lat' dir='ltr'>i.</span> <span class='ocrx_word' id='word_1_257' title='bbox 594 2217 619 2234; x_wconf 86' lang='grc'>6.</span> <span class='ocrx_word' id='word_1_258' title='bbox 646 2215 778 2240; x_wconf 63' lang='lat' dir='ltr'>vergere</span> <span class='ocrx_word' id='word_1_259' title='bbox 802 2209 850 2235; x_wconf 79' lang='lat' dir='ltr'>ad.</span> <span class='ocrx_word' id='word_1_260' title='bbox 900 2209 974 2235; x_wconf 79' lang='lat' dir='ltr'>Post</span> <span class='ocrx_word' id='word_1_261' title='bbox 998 2208 1072 2235; x_wconf 75' lang='lat' dir='ltr'>Tac.</span> 
     </span>
     <span class='ocr_line' id='line_1_44' title="bbox 289 2249 1073 2290; baseline -0.001 -9"><span class='ocrx_word' id='word_1_262' title='bbox 289 2254 365 2288; x_wconf 77' lang='lat' dir='ltr'>Agr.</span> <span class='ocrx_word' id='word_1_263' title='bbox 400 2250 440 2280; x_wconf 78' lang='grc'>24</span> <span class='ocrx_word' id='word_1_264' title='bbox 469 2249 656 2280; x_wconf 75' lang='lat' dir='ltr'>Britannia</span> <span class='ocrx_word' id='word_1_265' title='bbox 684 2249 886 2281; x_wconf 77' lang='lat' dir='ltr'>Hiberniam</span> <span class='ocrx_word' id='word_1_266' title='bbox 913 2250 1073 2290; x_wconf 78' lang='lat' dir='ltr'>adspicit.</span> 
     </span>
     <span class='ocr_line' id='line_1_45' title="bbox 291 2294 803 2326; baseline 0.002 -1"><span class='ocrx_word' id='word_1_267' title='bbox 291 2313 329 2317; x_wconf 90' lang='lat'>—</span> <span class='ocrx_word' id='word_1_268' title='bbox 358 2305 472 2325; x_wconf 82' lang='lat' dir='ltr'>arces.-</span> <span class='ocrx_word' id='word_1_269' title='bbox 506 2294 557 2325; x_wconf 80' lang='lat' dir='ltr'>Pl.</span> <span class='ocrx_word' id='word_1_270' title='bbox 583 2297 662 2326; x_wconf 85' lang='lat' dir='ltr'>coni.</span> <span class='ocrx_word' id='word_1_271' title='bbox 691 2296 803 2326; x_wconf 84' lang='lat' dir='ltr'>aedes.</span> 
     </span>
    </p>

    <p class='ocr_par' dir='ltr' id='par_1_14' title="bbox 289 2340 1080 3002">
     <span class='ocr_line' id='line_1_46' title="bbox 334 2340 1072 2371; baseline 0.001 -1"><span class='ocrx_word' id='word_1_272' title='bbox 334 2341 408 2370; x_wconf 84' lang='grc'>421.</span> <span class='ocrx_word' id='word_1_273' title='bbox 439 2340 564 2371; x_wconf 76' lang='lat' dir='ltr'>Molem</span> <span class='ocrx_word' id='word_1_274' title='bbox 601 2351 645 2370; x_wconf 77' lang='lat' dir='ltr'>se.</span> <span class='ocrx_word' id='word_1_275' title='bbox 684 2343 895 2371; x_wconf 72' lang='lat' dir='ltr'>aedificiorum</span> <span class='ocrx_word' id='word_1_276' title='bbox 937 2343 974 2371; x_wconf 81' lang='lat' dir='ltr'>ef.</span> <span class='ocrx_word' id='word_1_277' title='bbox 1008 2343 1072 2371; x_wconf 80' lang='lat' dir='ltr'>Cic.</span> 
     </span>
     <span class='ocr_line' id='line_1_47' title="bbox 289 2385 1074 2419; baseline 0 -3"><span class='ocrx_word' id='word_1_278' title='bbox 289 2389 356 2416; x_wconf 83' lang='lat' dir='ltr'>Mil.</span> <span class='ocrx_word' id='word_1_279' title='bbox 387 2386 439 2416; x_wconf 81' lang='grc'>31.</span> <span class='ocrx_word' id='word_1_280' title='bbox 489 2389 561 2416; x_wconf 87' lang='lat' dir='ltr'>Hor.</span> <span class='ocrx_word' id='word_1_281' title='bbox 588 2389 621 2416; x_wconf 86' lang='lat' dir='ltr'>C.</span> <span class='ocrx_word' id='word_1_282' title='bbox 649 2386 677 2419; x_wconf 87' lang='grc'>3,</span> <span class='ocrx_word' id='word_1_283' title='bbox 703 2386 755 2416; x_wconf 66' lang='grc'>251.</span> <span class='ocrx_word' id='word_1_284' title='bbox 781 2387 816 2415; x_wconf 86' lang='grc'>10</span> <span class='ocrx_word' id='word_1_285' title='bbox 843 2385 1074 2416; x_wconf 50' lang='lat' dir='ltr'>Fastidio-*am</span> 
     </span>
     <span class='ocr_line' id='line_1_48' title="bbox 291 2431 1075 2472; baseline 0 -11"><span class='ocrx_word' id='word_1_286' title='bbox 291 2431 405 2461; x_wconf 76' lang='lat' dir='ltr'>desere</span> <span class='ocrx_word' id='word_1_287' title='bbox 442 2431 573 2471; x_wconf 84' lang='lat' dir='ltr'>copiam</span> <span class='ocrx_word' id='word_1_288' title='bbox 614 2435 644 2461; x_wconf 87' lang='lat' dir='ltr'>et</span> <span class='ocrx_word' id='word_1_289' title='bbox 687 2431 806 2461; x_wconf 81' lang='lat' dir='ltr'>molem</span> <span class='ocrx_word' id='word_1_290' title='bbox 844 2431 1075 2472; x_wconf 77' lang='lat' dir='ltr'>propinquam</span> 
     </span>
     <span class='ocr_line' id='line_1_49' title="bbox 291 2475 1078 2517; baseline 0 -11"><span class='ocrx_word' id='word_1_291' title='bbox 291 2476 437 2506; x_wconf 75' lang='lat' dir='ltr'>nubibus</span> <span class='ocrx_word' id='word_1_292' title='bbox 463 2475 594 2506; x_wconf 71' lang='lat' dir='ltr'>arduis.</span> <span class='ocrx_word' id='word_1_293' title='bbox 630 2493 667 2496; x_wconf 98' lang='lat'><strong>—</strong></span> <span class='ocrx_word' id='word_1_294' title='bbox 702 2475 872 2517; x_wconf 79' lang='lat' dir='ltr'>magalia.</span> <span class='ocrx_word' id='word_1_295' title='bbox 920 2479 1078 2507; x_wconf 73' lang='lat' dir='ltr'>suburbia</span> 
     </span>
     <span class='ocr_line' id='line_1_50' title="bbox 293 2523 1078 2557; baseline 0 -6"><span class='ocrx_word' id='word_1_296' title='bbox 293 2523 497 2556; x_wconf 62' lang='lat' dir='ltr'>Carthaginis</span> <span class='ocrx_word' id='word_1_297' title='bbox 513 2524 543 2550; x_wconf 88' lang='grc'>111</span> <span class='ocrx_word' id='word_1_298' title='bbox 559 2531 672 2551; x_wconf 83' lang='lat' dir='ltr'>nomen</span> <span class='ocrx_word' id='word_1_299' title='bbox 692 2524 897 2551; x_wconf 83' lang='lat' dir='ltr'>retinuerunt.</span> <span class='ocrx_word' id='word_1_300' title='bbox 936 2524 1078 2557; x_wconf 67' lang='lat' dir='ltr'>magalia</span> 
     </span>
     <span class='ocr_line' id='line_1_51' title="bbox 292 2569 1077 2605; baseline 0 -9"><span class='ocrx_word' id='word_1_301' title='bbox 292 2573 396 2596; x_wconf 75' lang='lat' dir='ltr'>autem</span> <span class='ocrx_word' id='word_1_302' title='bbox 420 2569 492 2596; x_wconf 82' lang='lat' dir='ltr'>sive</span> <span class='ocrx_word' id='word_1_303' title='bbox 514 2569 658 2602; x_wconf 75' lang='lat' dir='ltr'>mapalia</span> <span class='ocrx_word' id='word_1_304' title='bbox 682 2569 847 2605; x_wconf 62' lang='lat' dir='ltr'>„aedilicia</span> <span class='ocrx_word' id='word_1_305' title='bbox 872 2569 1077 2597; x_wconf 73' lang='lat' dir='ltr'>Numidarum</span> 
     </span>
     <span class='ocr_line' id='line_1_52' title="bbox 293 2614 1078 2649; baseline 0 -8"><span class='ocrx_word' id='word_1_306' title='bbox 293 2614 480 2649; x_wconf 66' lang='lat' dir='ltr'>agrestium,</span> <span class='ocrx_word' id='word_1_307' title='bbox 533 2615 682 2647; x_wconf 73' lang='lat' dir='ltr'>oblonga,</span> <span class='ocrx_word' id='word_1_308' title='bbox 734 2614 878 2642; x_wconf 78' lang='lat' dir='ltr'>ineurvis</span> <span class='ocrx_word' id='word_1_309' title='bbox 926 2615 1078 2642; x_wconf 83' lang='lat' dir='ltr'>lateribus</span> 
     </span>
     <span class='ocr_line' id='line_1_53' title="bbox 294 2659 1078 2693; baseline -0.001 -7"><span class='ocrx_word' id='word_1_310' title='bbox 294 2663 390 2693; x_wconf 81' lang='lat' dir='ltr'>tecta,</span> <span class='ocrx_word' id='word_1_311' title='bbox 424 2659 517 2692; x_wconf 82' lang='lat' dir='ltr'>quasi</span> <span class='ocrx_word' id='word_1_312' title='bbox 550 2659 683 2687; x_wconf 78' lang='lat' dir='ltr'>navium</span> <span class='ocrx_word' id='word_1_313' title='bbox 712 2659 841 2687; x_wconf 85' lang='lat' dir='ltr'>carinae</span> <span class='ocrx_word' id='word_1_314' title='bbox 873 2664 967 2687; x_wconf 66' lang='lat' dir='ltr'>sunr·</span> <span class='ocrx_word' id='word_1_315' title='bbox 999 2661 1078 2687; x_wconf 70' lang='lat' dir='ltr'>Sall.</span> 
     </span>
     <span class='ocr_line' id='line_1_54' title="bbox 293 2702 1078 2740; baseline 0 -9"><span class='ocrx_word' id='word_1_316' title='bbox 293 2705 361 2739; x_wconf 75' lang='lat' dir='ltr'>lug.</span> <span class='ocrx_word' id='word_1_317' title='bbox 396 2702 444 2731; x_wconf 75' lang='lat' dir='ltr'>ts.</span> <span class='ocrx_word' id='word_1_318' title='bbox 494 2705 674 2738; x_wconf 73' lang='lat' dir='ltr'>..Magali-a.</span> <span class='ocrx_word' id='word_1_319' title='bbox 711 2704 863 2733; x_wconf 84' lang='lat' dir='ltr'>Afrorum</span> <span class='ocrx_word' id='word_1_320' title='bbox 900 2712 1010 2740; x_wconf 76' lang='lat' dir='ltr'>casas,</span> <span class='ocrx_word' id='word_1_321' title='bbox 1051 2708 1078 2731; x_wconf 77' lang='lat' dir='ltr'>et</span> 
     </span>
     <span class='ocr_line' id='line_1_55' title="bbox 294 2748 1080 2785; baseline 0 -8"><span class='ocrx_word' id='word_1_322' title='bbox 294 2748 435 2782; x_wconf 75' lang='lat' dir='ltr'>mapalia</span> <span class='ocrx_word' id='word_1_323' title='bbox 458 2749 539 2777; x_wconf 82' lang='lat' dir='ltr'>idem</span> <span class='ocrx_word' id='word_1_324' title='bbox 562 2750 758 2784; x_wconf 67' lang='lat' dir='ltr'>significant,</span> <span class='ocrx_word' id='word_1_325' title='bbox 785 2751 838 2777; x_wconf 77' lang='lat' dir='ltr'>sed</span> <span class='ocrx_word' id='word_1_326' title='bbox 863 2750 1003 2785; x_wconf 78' lang='lat' dir='ltr'>magalia</span> <span class='ocrx_word' id='word_1_327' title='bbox 1027 2757 1080 2777; x_wconf 81' lang='lat' dir='ltr'>ma</span> 
     </span>
     <span class='ocr_line' id='line_1_56' title="bbox 296 2793 1078 2830; baseline 0 -8"><span class='ocrx_word' id='word_1_328' title='bbox 296 2794 454 2829; x_wconf 83' lang='lat' dir='ltr'>producit,</span> <span class='ocrx_word' id='word_1_329' title='bbox 487 2794 627 2827; x_wconf 82' lang='lat' dir='ltr'>mapalia</span> <span class='ocrx_word' id='word_1_330' title='bbox 657 2803 732 2822; x_wconf 78' lang='lat' dir='ltr'>vero</span> <span class='ocrx_word' id='word_1_331' title='bbox 766 2795 892 2828; x_wconf 76' lang='lat' dir='ltr'>corripit</span> <span class='ocrx_word' id='word_1_332' title='bbox 923 2800 953 2822; x_wconf 88' lang='lat' dir='ltr'>ut</span> <span class='ocrx_word' id='word_1_333' title='bbox 980 2796 1014 2822; x_wconf 86' lang='lat' dir='ltr'>G.</span> <span class='ocrx_word' id='word_1_334' title='bbox 1048 2793 1078 2830; x_wconf 88' lang='lat'>3,</span> 
     </span>
     <span class='ocr_line' id='line_1_57' title="bbox 297 2836 1077 2878; baseline 0.003 -13"><span class='ocrx_word' id='word_1_335' title='bbox 297 2836 382 2866; x_wconf 50' lang='lat'>340*</span> <span class='ocrx_word' id='word_1_336' title='bbox 407 2840 436 2866; x_wconf 85' lang='lat' dir='ltr'>S.</span> <span class='ocrx_word' id='word_1_337' title='bbox 456 2839 495 2865; x_wconf 85' lang='lat' dir='ltr'>ad</span> <span class='ocrx_word' id='word_1_338' title='bbox 518 2836 547 2866; x_wconf 88' lang='grc'>4.</span> <span class='ocrx_word' id='word_1_339' title='bbox 565 2837 638 2867; x_wconf 87' lang='grc'>259.</span> <span class='ocrx_word' id='word_1_340' title='bbox 658 2854 695 2858; x_wconf 87' lang='grc'>-</span> <span class='ocrx_word' id='word_1_341' title='bbox 722 2837 885 2878; x_wconf 71' lang='lat' dir='ltr'>magalia</span> <span class='ocrx_word' id='word_1_342' title='bbox 905 2836 1077 2878; x_wconf 74' lang='lat' dir='ltr'>qnondam</span> 
     </span>
     <span class='ocr_line' id='line_1_58' title="bbox 295 2881 1079 2913; baseline -0.001 0"><span class='ocrx_word' id='word_1_343' title='bbox 295 2884 397 2913; x_wconf 83' lang='lat' dir='ltr'>fuisse</span> <span class='ocrx_word' id='word_1_344' title='bbox 416 2888 496 2911; x_wconf 85' lang='lat' dir='ltr'>reete</span> <span class='ocrx_word' id='word_1_345' title='bbox 514 2889 615 2911; x_wconf 82' lang='lat' dir='ltr'>monet</span> <span class='ocrx_word' id='word_1_346' title='bbox 637 2881 698 2912; x_wconf 75' lang='lat' dir='ltr'>Lat.</span> <span class='ocrx_word' id='word_1_347' title='bbox 721 2885 920 2913; x_wconf 76' lang='lat' dir='ltr'>intellexisse</span> <span class='ocrx_word' id='word_1_348' title='bbox 934 2885 1079 2912; x_wconf 76' lang='lat' dir='ltr'>Aeneam</span> 
     </span>
     <span class='ocr_line' id='line_1_59' title="bbox 294 2927 1078 2966; baseline 0 -9"><span class='ocrx_word' id='word_1_349' title='bbox 294 2938 335 2958; x_wconf 86' lang='lat' dir='ltr'>ex</span> <span class='ocrx_word' id='word_1_350' title='bbox 359 2929 538 2963; x_wconf 76' lang='lat' dir='ltr'>magalibus</span> <span class='ocrx_word' id='word_1_351' title='bbox 563 2929 860 2958; x_wconf 77' lang='lat' dir='ltr'>circumiacentibus</span> <span class='ocrx_word' id='word_1_352' title='bbox 884 2930 922 2958; x_wconf 80' lang='lat' dir='ltr'>ef.</span> <span class='ocrx_word' id='word_1_353' title='bbox 949 2927 978 2966; x_wconf 88' lang='grc'>4,</span> <span class='ocrx_word' id='word_1_354' title='bbox 1004 2928 1078 2958; x_wconf 85' lang='grc'>259.</span> 
     </span>
     <span class='ocr_line' id='line_1_60' title="bbox 296 2970 612 3002; baseline -0.003 0"><span class='ocrx_word' id='word_1_355' title='bbox 296 2975 431 3002; x_wconf 71' lang='lat' dir='ltr'>Versum</span> <span class='ocrx_word' id='word_1_356' title='bbox 457 2975 536 3002; x_wconf 80' lang='lat' dir='ltr'>delet</span> <span class='ocrx_word' id='word_1_357' title='bbox 561 2970 612 3001; x_wconf 88' lang='lat' dir='ltr'>Pl.</span> 
     </span>
    </p>

    <p class='ocr_par' dir='ltr' id='par_1_15' title="bbox 346 3015 1078 3056">
     <span class='ocr_line' id='line_1_61' title="bbox 346 3015 1078 3056; baseline 0.001 -9"><span class='ocrx_word' id='word_1_358' title='bbox 346 3017 415 3047; x_wconf 75' lang='grc'>122.</span> <span class='ocrx_word' id='word_1_359' title='bbox 445 3016 567 3048; x_wconf 81' lang='lat' dir='ltr'>Strata</span> <span class='ocrx_word' id='word_1_360' title='bbox 595 3015 731 3047; x_wconf 80' lang='lat' dir='ltr'>viarum</span> <span class='ocrx_word' id='word_1_361' title='bbox 764 3020 807 3048; x_wconf 85' lang='lat' dir='ltr'>ita</span> <span class='ocrx_word' id='word_1_362' title='bbox 827 3021 920 3048; x_wconf 84' lang='lat' dir='ltr'>Lucr.</span> <span class='ocrx_word' id='word_1_363' title='bbox 948 3017 983 3056; x_wconf 82' lang='lat'>1,</span> <span class='ocrx_word' id='word_1_364' title='bbox 1014 3017 1078 3048; x_wconf 86' lang='grc'>316</span> 
     </span>
    </p>
   </div>
   <div class='ocr_carea' id='block_1_12' title="bbox 1111 890 1906 1426">
    <p class='ocr_par' dir='ltr' id='par_1_16' title="bbox 1111 890 1906 1426">
     <span class='ocr_line' id='line_1_62' title="bbox 1113 890 1902 933; baseline -0.001 -11"><span class='ocrx_word' id='word_1_365' title='bbox 1113 895 1293 933; x_wconf 81' lang='lat' dir='ltr'>strataque</span> <span class='ocrx_word' id='word_1_366' title='bbox 1333 891 1402 923; x_wconf 84' lang='lat' dir='ltr'>iam</span> <span class='ocrx_word' id='word_1_367' title='bbox 1443 890 1544 933; x_wconf 76' lang='lat' dir='ltr'>vulgi</span> <span class='ocrx_word' id='word_1_368' title='bbox 1584 891 1729 932; x_wconf 73' lang='lat' dir='ltr'>pcdae&#39;bus</span> <span class='ocrx_word' id='word_1_369' title='bbox 1773 890 1902 922; x_wconf 83' lang='lat' dir='ltr'>detrita</span> 
     </span>
     <span class='ocr_line' id='line_1_63' title="bbox 1112 935 1904 978; baseline -0.003 -10"><span class='ocrx_word' id='word_1_370' title='bbox 1112 936 1260 968; x_wconf 73' lang='lat' dir='ltr'>viarum.</span> <span class='ocrx_word' id='word_1_371' title='bbox 1320 938 1355 971; x_wconf 87' lang='grc'>4,</span> <span class='ocrx_word' id='word_1_372' title='bbox 1391 936 1454 966; x_wconf 85' lang='grc'>417</span> <span class='ocrx_word' id='word_1_373' title='bbox 1487 936 1646 968; x_wconf 70' lang='lat' dir='ltr'>collectus</span> <span class='ocrx_word' id='word_1_374' title='bbox 1674 946 1804 978; x_wconf 82' lang='lat' dir='ltr'>aquae,</span> <span class='ocrx_word' id='word_1_375' title='bbox 1845 935 1904 978; x_wconf 83' lang='lat' dir='ltr'>qui</span> 
     </span>
     <span class='ocr_line' id='line_1_64' title="bbox 1114 981 1903 1023; baseline -0.001 -11"><span class='ocrx_word' id='word_1_376' title='bbox 1114 982 1249 1022; x_wconf 83' lang='lat' dir='ltr'>lapides</span> <span class='ocrx_word' id='word_1_377' title='bbox 1286 981 1373 1014; x_wconf 84' lang='lat' dir='ltr'>inter</span> <span class='ocrx_word' id='word_1_378' title='bbox 1403 982 1491 1013; x_wconf 76' lang='lat' dir='ltr'>sistit</span> <span class='ocrx_word' id='word_1_379' title='bbox 1528 991 1589 1023; x_wconf 84' lang='lat' dir='ltr'>per</span> <span class='ocrx_word' id='word_1_380' title='bbox 1625 985 1736 1012; x_wconf 74' lang='lat' dir='ltr'>strata</span> <span class='ocrx_word' id='word_1_381' title='bbox 1770 981 1903 1012; x_wconf 78' lang='lat' dir='ltr'>viarum</span> 
     </span>
     <span class='ocr_line' id='line_1_65' title="bbox 1113 1026 1904 1069; baseline -0.003 -11"><span class='ocrx_word' id='word_1_382' title='bbox 1113 1026 1359 1069; x_wconf 64' lang='lat' dir='ltr'>(gepflasterte</span> <span class='ocrx_word' id='word_1_383' title='bbox 1380 1026 1549 1068; x_wconf 80' lang='lat' dir='ltr'>Strassc).</span> <span class='ocrx_word' id='word_1_384' title='bbox 1587 1030 1704 1058; x_wconf 82' lang='lat' dir='ltr'>Poetae</span> <span class='ocrx_word' id='word_1_385' title='bbox 1723 1029 1806 1058; x_wconf 87' lang='lat' dir='ltr'>enim</span> <span class='ocrx_word' id='word_1_386' title='bbox 1827 1030 1904 1057; x_wconf 80' lang='lat' dir='ltr'>suh-</span> 
     </span>
     <span class='ocr_line' id='line_1_66' title="bbox 1112 1074 1903 1108; baseline -0.001 -5"><span class='ocrx_word' id='word_1_387' title='bbox 1112 1075 1325 1103; x_wconf 76' lang='lat' dir='ltr'>stantivoruni</span> <span class='ocrx_word' id='word_1_388' title='bbox 1356 1076 1496 1104; x_wconf 81' lang='lat' dir='ltr'>maxime</span> <span class='ocrx_word' id='word_1_389' title='bbox 1530 1077 1760 1103; x_wconf 81' lang='lat' dir='ltr'>abstractorum</span> <span class='ocrx_word' id='word_1_390' title='bbox 1792 1074 1903 1108; x_wconf 86' lang='lat' dir='ltr'>pauci-</span> 
     </span>
     <span class='ocr_line' id='line_1_67' title="bbox 1112 1119 1904 1156; baseline -0.003 -7"><span class='ocrx_word' id='word_1_391' title='bbox 1112 1124 1175 1149; x_wconf 79' lang='lat' dir='ltr'>tate</span> <span class='ocrx_word' id='word_1_392' title='bbox 1206 1121 1322 1156; x_wconf 79' lang='lat' dir='ltr'>coacti,</span> <span class='ocrx_word' id='word_1_393' title='bbox 1360 1125 1472 1149; x_wconf 80' lang='lat' dir='ltr'>neutra</span> <span class='ocrx_word' id='word_1_394' title='bbox 1501 1120 1729 1149; x_wconf 84' lang='lat' dir='ltr'>adiectivorum</span> <span class='ocrx_word' id='word_1_395' title='bbox 1762 1119 1904 1148; x_wconf 81' lang='lat' dir='ltr'>fecerunt</span> 
     </span>
     <span class='ocr_line' id='line_1_68' title="bbox 1112 1166 1903 1201; baseline -0.001 -7"><span class='ocrx_word' id='word_1_396' title='bbox 1112 1167 1332 1199; x_wconf 72' lang='lat' dir='ltr'>substantiva,</span> <span class='ocrx_word' id='word_1_397' title='bbox 1358 1174 1458 1200; x_wconf 76' lang='lat' dir='ltr'>neque</span> <span class='ocrx_word' id='word_1_398' title='bbox 1482 1168 1585 1194; x_wconf 79' lang='lat' dir='ltr'>solum</span> <span class='ocrx_word' id='word_1_399' title='bbox 1609 1166 1747 1201; x_wconf 86' lang='lat' dir='ltr'>pluralis</span> <span class='ocrx_word' id='word_1_400' title='bbox 1772 1172 1903 1193; x_wconf 89' lang='lat' dir='ltr'>numero</span> 
     </span>
     <span class='ocr_line' id='line_1_69' title="bbox 1111 1211 1905 1247; baseline -0.001 -8"><span class='ocrx_word' id='word_1_401' title='bbox 1111 1213 1166 1240; x_wconf 81' lang='lat' dir='ltr'>sed</span> <span class='ocrx_word' id='word_1_402' title='bbox 1200 1212 1295 1239; x_wconf 84' lang='lat' dir='ltr'>etiam</span> <span class='ocrx_word' id='word_1_403' title='bbox 1334 1211 1492 1247; x_wconf 70' lang='lat' dir='ltr'>singulari</span> <span class='ocrx_word' id='word_1_404' title='bbox 1524 1218 1605 1245; x_wconf 83' lang='lat' dir='ltr'>quae</span> <span class='ocrx_word' id='word_1_405' title='bbox 1636 1211 1812 1247; x_wconf 73' lang='lat' dir='ltr'>genitivum</span> <span class='ocrx_word' id='word_1_406' title='bbox 1849 1217 1905 1238; x_wconf 86' lang='lat' dir='ltr'>as-</span> 
     </span>
     <span class='ocr_line' id='line_1_70' title="bbox 1113 1256 1906 1292; baseline -0.004 -6"><span class='ocrx_word' id='word_1_407' title='bbox 1113 1261 1287 1292; x_wconf 74' lang='lat' dir='ltr'>sumerent,</span> <span class='ocrx_word' id='word_1_408' title='bbox 1327 1257 1426 1285; x_wconf 75' lang='lat' dir='ltr'>secuti</span> <span class='ocrx_word' id='word_1_409' title='bbox 1459 1257 1507 1285; x_wconf 91' lang='lat' dir='ltr'>illi</span> <span class='ocrx_word' id='word_1_410' title='bbox 1541 1264 1619 1285; x_wconf 84' lang='lat' dir='ltr'>suae</span> <span class='ocrx_word' id='word_1_411' title='bbox 1654 1257 1782 1292; x_wconf 83' lang='lat' dir='ltr'>linguae</span> <span class='ocrx_word' id='word_1_412' title='bbox 1814 1256 1906 1291; x_wconf 81' lang='lat' dir='ltr'>inge-</span> 
     </span>
     <span class='ocr_line' id='line_1_71' title="bbox 1113 1300 1903 1336; baseline -0.001 -7"><span class='ocrx_word' id='word_1_413' title='bbox 1113 1302 1216 1335; x_wconf 84' lang='lat' dir='ltr'>nium,</span> <span class='ocrx_word' id='word_1_414' title='bbox 1253 1310 1313 1336; x_wconf 79' lang='lat' dir='ltr'>quo</span> <span class='ocrx_word' id='word_1_415' title='bbox 1343 1303 1371 1330; x_wconf 81' lang='lat' dir='ltr'>si</span> <span class='ocrx_word' id='word_1_416' title='bbox 1404 1310 1467 1336; x_wconf 76' lang='lat' dir='ltr'>qua</span> <span class='ocrx_word' id='word_1_417' title='bbox 1499 1302 1553 1331; x_wconf 75' lang='lat' dir='ltr'>vis</span> <span class='ocrx_word' id='word_1_418' title='bbox 1578 1302 1660 1330; x_wconf 81' lang='lat' dir='ltr'>inest</span> <span class='ocrx_word' id='word_1_419' title='bbox 1687 1302 1720 1329; x_wconf 86' lang='lat' dir='ltr'>in</span> <span class='ocrx_word' id='word_1_420' title='bbox 1751 1300 1903 1330; x_wconf 83' lang='lat' dir='ltr'>adiectivi</span> 
     </span>
     <span class='ocr_line' id='line_1_72' title="bbox 1113 1345 1900 1382; baseline -0.001 -7"><span class='ocrx_word' id='word_1_421' title='bbox 1113 1348 1252 1381; x_wconf 74' lang='lat' dir='ltr'>notione,</span> <span class='ocrx_word' id='word_1_422' title='bbox 1289 1348 1489 1376; x_wconf 78' lang='lat' dir='ltr'>substantivo</span> <span class='ocrx_word' id='word_1_423' title='bbox 1516 1354 1552 1376; x_wconf 86' lang='lat' dir='ltr'>ea</span> <span class='ocrx_word' id='word_1_424' title='bbox 1586 1346 1719 1382; x_wconf 84' lang='lat' dir='ltr'>proferri</span> <span class='ocrx_word' id='word_1_425' title='bbox 1750 1348 1830 1376; x_wconf 80' lang='lat' dir='ltr'>solet</span> <span class='ocrx_word' id='word_1_426' title='bbox 1860 1345 1900 1375; x_wconf 87' lang='lat' dir='ltr'>cf.</span> 
     </span>
     <span class='ocr_line' id='line_1_73' title="bbox 1114 1390 1309 1426; baseline 0 -6"><span class='ocrx_word' id='word_1_427' title='bbox 1114 1394 1164 1420; x_wconf 85' lang='lat' dir='ltr'>Gr.</span> <span class='ocrx_word' id='word_1_428' title='bbox 1189 1393 1209 1426; x_wconf 56' lang='lat' dir='ltr'>g</span> <span class='ocrx_word' id='word_1_429' title='bbox 1235 1390 1309 1420; x_wconf 78' lang='lat'>363.</span> 
     </span>
    </p>
   </div>
   <div class='ocr_carea' id='block_1_13' title="bbox 1114 1446 1908 1667">
    <p class='ocr_par' dir='ltr' id='par_1_17' title="bbox 1114 1446 1908 1667">
     <span class='ocr_line' id='line_1_74' title="bbox 1160 1446 1906 1485; baseline 0.001 -9"><span class='ocrx_word' id='word_1_430' title='bbox 1160 1447 1235 1477; x_wconf 80' lang='lat'>423.</span> <span class='ocrx_word' id='word_1_431' title='bbox 1267 1446 1401 1478; x_wconf 79' lang='lat' dir='ltr'>Instant</span> <span class='ocrx_word' id='word_1_432' title='bbox 1435 1450 1580 1477; x_wconf 84' lang='lat' dir='ltr'>absolute</span> <span class='ocrx_word' id='word_1_433' title='bbox 1613 1449 1728 1478; x_wconf 84' lang='lat' dir='ltr'>(licitur</span> <span class='ocrx_word' id='word_1_434' title='bbox 1754 1447 1794 1485; x_wconf 84' lang='grc'>2,</span> <span class='ocrx_word' id='word_1_435' title='bbox 1829 1446 1906 1477; x_wconf 87' lang='grc'>491.</span> 
     </span>
     <span class='ocr_line' id='line_1_75' title="bbox 1114 1492 1908 1529; baseline 0 -6"><span class='ocrx_word' id='word_1_436' title='bbox 1114 1496 1183 1523; x_wconf 85' lang='lat' dir='ltr'>Iam</span> <span class='ocrx_word' id='word_1_437' title='bbox 1210 1503 1287 1523; x_wconf 77' lang='lat' dir='ltr'>vero</span> <span class='ocrx_word' id='word_1_438' title='bbox 1309 1503 1405 1529; x_wconf 85' lang='lat' dir='ltr'>quum</span> <span class='ocrx_word' id='word_1_439' title='bbox 1426 1497 1455 1522; x_wconf 93' lang='grc'>11.</span> <span class='ocrx_word' id='word_1_440' title='bbox 1481 1496 1502 1522; x_wconf 92' lang='lat' dir='ltr'>l.</span> <span class='ocrx_word' id='word_1_441' title='bbox 1529 1492 1689 1523; x_wconf 77' lang='lat' dir='ltr'>ardentes</span> <span class='ocrx_word' id='word_1_442' title='bbox 1713 1503 1775 1523; x_wconf 89' lang='lat' dir='ltr'>non</span> <span class='ocrx_word' id='word_1_443' title='bbox 1798 1495 1908 1523; x_wconf 83' lang='lat' dir='ltr'>minus</span> 
     </span>
     <span class='ocr_line' id='line_1_76' title="bbox 1114 1536 1904 1577; baseline 0 -10"><span class='ocrx_word' id='word_1_444' title='bbox 1114 1542 1260 1568; x_wconf 75' lang='lat' dir='ltr'>absolute</span> <span class='ocrx_word' id='word_1_445' title='bbox 1284 1541 1400 1569; x_wconf 84' lang='lat' dir='ltr'>dictum</span> <span class='ocrx_word' id='word_1_446' title='bbox 1425 1540 1482 1573; x_wconf 76' lang='lat' dir='ltr'>sit.</span> <span class='ocrx_word' id='word_1_447' title='bbox 1511 1544 1540 1568; x_wconf 88' lang='grc'>111</span> <span class='ocrx_word' id='word_1_448' title='bbox 1567 1540 1662 1568; x_wconf 81' lang='lat' dir='ltr'>etiam</span> <span class='ocrx_word' id='word_1_449' title='bbox 1686 1537 1762 1568; x_wconf 78' lang='lat'>472.</span> <span class='ocrx_word' id='word_1_450' title='bbox 1789 1538 1825 1577; x_wconf 90' lang='lat'>2,</span> <span class='ocrx_word' id='word_1_451' title='bbox 1851 1536 1904 1568; x_wconf 81' lang='lat'>41.</span> 
     </span>
     <span class='ocr_line' id='line_1_77' title="bbox 1116 1583 1907 1621; baseline 0.003 -9"><span class='ocrx_word' id='word_1_452' title='bbox 1116 1584 1193 1619; x_wconf 78' lang='grc'>529,</span> <span class='ocrx_word' id='word_1_453' title='bbox 1220 1586 1324 1619; x_wconf 72' lang='lat' dir='ltr'>magis</span> <span class='ocrx_word' id='word_1_454' title='bbox 1347 1586 1496 1614; x_wconf 51' lang='lat' dir='ltr'>convenit¹</span> <span class='ocrx_word' id='word_1_455' title='bbox 1522 1585 1652 1621; x_wconf 79' lang='lat' dir='ltr'>iungere</span> <span class='ocrx_word' id='word_1_456' title='bbox 1677 1583 1808 1615; x_wconf 79' lang='lat' dir='ltr'>instant</span> <span class='ocrx_word' id='word_1_457' title='bbox 1835 1593 1907 1614; x_wconf 89' lang='lat' dir='ltr'>cum</span> 
     </span>
     <span class='ocr_line' id='line_1_78' title="bbox 1116 1627 1906 1667; baseline 0.001 -9"><span class='ocrx_word' id='word_1_458' title='bbox 1116 1631 1270 1659; x_wconf 83' lang='lat' dir='ltr'>infinitivo</span> <span class='ocrx_word' id='word_1_459' title='bbox 1297 1629 1430 1666; x_wconf 80' lang='lat' dir='ltr'>(lucere,</span> <span class='ocrx_word' id='word_1_460' title='bbox 1459 1635 1491 1658; x_wconf 82' lang='lat' dir='ltr'>ut</span> <span class='ocrx_word' id='word_1_461' title='bbox 1514 1634 1558 1658; x_wconf 80' lang='lat' dir='ltr'>est</span> <span class='ocrx_word' id='word_1_462' title='bbox 1586 1628 1621 1667; x_wconf 85' lang='grc'>2,</span> <span class='ocrx_word' id='word_1_463' title='bbox 1647 1628 1721 1658; x_wconf 86' lang='grc'>627.</span> <span class='ocrx_word' id='word_1_464' title='bbox 1747 1627 1807 1665; x_wconf 84' lang='grc'>10,</span> <span class='ocrx_word' id='word_1_465' title='bbox 1832 1629 1906 1659; x_wconf 53' lang='lat' dir='ltr'>lle.</span> 
     </span>
    </p>
   </div>
   <div class='ocr_carea' id='block_1_14' title="bbox 1116 1673 1910 1800">
    <p class='ocr_par' dir='ltr' id='par_1_18' title="bbox 1116 1673 1910 1800">
     <span class='ocr_line' id='line_1_79' title="bbox 1116 1673 1910 1714; baseline 0.001 -11"><span class='ocrx_word' id='word_1_466' title='bbox 1116 1677 1208 1704; x_wconf 84' lang='lat' dir='ltr'>Lucr.</span> <span class='ocrx_word' id='word_1_467' title='bbox 1242 1674 1279 1711; x_wconf 92' lang='grc'>4,</span> <span class='ocrx_word' id='word_1_468' title='bbox 1315 1674 1380 1703; x_wconf 68' lang='lat'>993</span> <span class='ocrx_word' id='word_1_469' title='bbox 1413 1673 1583 1714; x_wconf 76' lang='lat' dir='ltr'>corripere</span> <span class='ocrx_word' id='word_1_470' title='bbox 1609 1674 1752 1704; x_wconf 82' lang='lat' dir='ltr'>instant.</span> <span class='ocrx_word' id='word_1_471' title='bbox 1800 1677 1910 1710; x_wconf 72' lang='lat' dir='ltr'>Neque</span> 
     </span>
     <span class='ocr_line' id='line_1_80' title="bbox 1117 1721 1908 1760; baseline 0 -11"><span class='ocrx_word' id='word_1_472' title='bbox 1117 1721 1291 1752; x_wconf 73' lang='lat' dir='ltr'>offenderis,</span> <span class='ocrx_word' id='word_1_473' title='bbox 1319 1722 1400 1755; x_wconf 82' lang='lat' dir='ltr'>quotl</span> <span class='ocrx_word' id='word_1_474' title='bbox 1422 1729 1506 1760; x_wconf 80' lang='lat' dir='ltr'>pars</span> <span class='ocrx_word' id='word_1_475' title='bbox 1530 1736 1566 1739; x_wconf 97' lang='lat'><strong>—</strong></span> <span class='ocrx_word' id='word_1_476' title='bbox 1592 1728 1676 1760; x_wconf 76' lang='lat' dir='ltr'>pars</span> <span class='ocrx_word' id='word_1_477' title='bbox 1700 1721 1852 1757; x_wconf 75' lang='lat' dir='ltr'>sequitur,</span> <span class='ocrx_word' id='word_1_478' title='bbox 1877 1721 1908 1750; x_wconf 85' lang='lat' dir='ltr'>si</span> 
     </span>
     <span class='ocr_line' id='line_1_81' title="bbox 1117 1762 1907 1800; baseline 0 -6"><span class='ocrx_word' id='word_1_479' title='bbox 1117 1767 1355 1800; x_wconf 77' lang='lat' dir='ltr'>comparaveris</span> <span class='ocrx_word' id='word_1_480' title='bbox 1383 1762 1432 1799; x_wconf 91' lang='grc'>11,</span> <span class='ocrx_word' id='word_1_481' title='bbox 1460 1763 1536 1794; x_wconf 65' lang='lat'>887.</span> <span class='ocrx_word' id='word_1_482' title='bbox 1561 1781 1598 1785; x_wconf 84' lang='lat'>—</span> <span class='ocrx_word' id='word_1_483' title='bbox 1626 1763 1756 1794; x_wconf 80' lang='lat' dir='ltr'>Ducere</span> <span class='ocrx_word' id='word_1_484' title='bbox 1780 1775 1907 1799; x_wconf 72' lang='lat' dir='ltr'>muros..</span> 
     </span>
    </p>
   </div>
   <div class='ocr_carea' id='block_1_15' title="bbox 1118 1808 1910 2131">
    <p class='ocr_par' dir='ltr' id='par_1_19' title="bbox 1118 1808 1909 1938">
     <span class='ocr_line' id='line_1_82' title="bbox 1122 1808 1909 1848; baseline 0.001 -9"><span class='ocrx_word' id='word_1_485' title='bbox 1122 1809 1266 1840; x_wconf 74' lang='grc' dir='ltr'><em>Μαιιενη</em></span> <span class='ocrx_word' id='word_1_486' title='bbox 1293 1808 1421 1848; x_wconf 71' lang='lat' dir='ltr'>stilzrcn</span> <span class='ocrx_word' id='word_1_487' title='bbox 1459 1816 1488 1839; x_wconf 85' lang='grc'>61</span> <span class='ocrx_word' id='word_1_488' title='bbox 1517 1811 1694 1839; x_wconf 73' lang='lat' dir='ltr'>Sallustius</span> <span class='ocrx_word' id='word_1_489' title='bbox 1726 1815 1755 1840; x_wconf 84' lang='grc'>61</span> <span class='ocrx_word' id='word_1_490' title='bbox 1788 1812 1909 1840; x_wconf 78' lang='lat' dir='ltr'>Livius</span> 
     </span>
     <span class='ocr_line' id='line_1_83' title="bbox 1118 1857 1909 1891; baseline 0.001 -7"><span class='ocrx_word' id='word_1_491' title='bbox 1118 1857 1240 1891; x_wconf 72' lang='lat' dir='ltr'>aliique</span> <span class='ocrx_word' id='word_1_492' title='bbox 1270 1857 1433 1890; x_wconf 66' lang='lat' dir='ltr'>dixerunt.</span> <span class='ocrx_word' id='word_1_493' title='bbox 1473 1865 1553 1890; x_wconf 65' lang='lat' dir='ltr'>riuos</span> <span class='ocrx_word' id='word_1_494' title='bbox 1591 1858 1701 1885; x_wconf 78' lang='lat' dir='ltr'>laudat</span> <span class='ocrx_word' id='word_1_495' title='bbox 1730 1858 1832 1885; x_wconf 79' lang='lat' dir='ltr'>Bentl.</span> <span class='ocrx_word' id='word_1_496' title='bbox 1867 1858 1909 1885; x_wconf 78' lang='lat' dir='ltr'>ad</span> 
     </span>
     <span class='ocr_line' id='line_1_84' title="bbox 1119 1900 1460 1938; baseline 0 -9"><span class='ocrx_word' id='word_1_497' title='bbox 1119 1904 1192 1930; x_wconf 81' lang='lat' dir='ltr'>nor.</span> <span class='ocrx_word' id='word_1_498' title='bbox 1220 1904 1253 1930; x_wconf 87' lang='lat' dir='ltr'>C.</span> <span class='ocrx_word' id='word_1_499' title='bbox 1284 1900 1319 1935; x_wconf 74' lang='lat'>3,</span> <span class='ocrx_word' id='word_1_500' title='bbox 1347 1900 1382 1938; x_wconf 85' lang='lat'>3,</span> <span class='ocrx_word' id='word_1_501' title='bbox 1409 1901 1460 1929; x_wconf 82' lang='grc'>65.</span> 
     </span>
    </p>

    <p class='ocr_par' dir='ltr' id='par_1_20' title="bbox 1119 1954 1910 2131">
     <span class='ocr_line' id='line_1_85' title="bbox 1165 1954 1909 1995; baseline 0.003 -10"><span class='ocrx_word' id='word_1_502' title='bbox 1165 1955 1238 1986; x_wconf 84' lang='grc'>424.</span> <span class='ocrx_word' id='word_1_503' title='bbox 1270 1954 1493 1992; x_wconf 71' lang='lat' dir='ltr'>Subvolvere,</span> <span class='ocrx_word' id='word_1_504' title='bbox 1519 1960 1578 1986; x_wconf 87' lang='lat' dir='ltr'>hoc</span> <span class='ocrx_word' id='word_1_505' title='bbox 1601 1966 1664 1986; x_wconf 89' lang='lat' dir='ltr'>uno</span> <span class='ocrx_word' id='word_1_506' title='bbox 1688 1960 1757 1987; x_wconf 88' lang='lat' dir='ltr'>loco</span> <span class='ocrx_word' id='word_1_507' title='bbox 1781 1960 1909 1995; x_wconf 81' lang='lat' dir='ltr'>lectum⁷</span> 
     </span>
     <span class='ocr_line' id='line_1_86' title="bbox 1119 2001 1910 2039; baseline 0 -8"><span class='ocrx_word' id='word_1_508' title='bbox 1119 2008 1166 2031; x_wconf 72' lang='lat' dir='ltr'>est</span> <span class='ocrx_word' id='word_1_509' title='bbox 1201 2004 1232 2031; x_wconf 94' lang='grc'>111</span> <span class='ocrx_word' id='word_1_510' title='bbox 1264 2004 1399 2031; x_wconf 73' lang='lat' dir='ltr'>sublime</span> <span class='ocrx_word' id='word_1_511' title='bbox 1437 2003 1544 2031; x_wconf 76' lang='lat' dir='ltr'>efferre</span> <span class='ocrx_word' id='word_1_512' title='bbox 1580 2003 1619 2032; x_wconf 87' lang='lat' dir='ltr'>cf.</span> <span class='ocrx_word' id='word_1_513' title='bbox 1657 2001 1822 2032; x_wconf 79' lang='lat' dir='ltr'>subiicere</span> <span class='ocrx_word' id='word_1_514' title='bbox 1856 2001 1910 2039; x_wconf 82' lang='grc'>12,</span> 
     </span>
     <span class='ocr_line' id='line_1_87' title="bbox 1121 2045 1908 2087; baseline 0.003 -12"><span class='ocrx_word' id='word_1_515' title='bbox 1121 2047 1184 2076; x_wconf 61' lang='grc'>258</span> <span class='ocrx_word' id='word_1_516' title='bbox 1209 2053 1237 2076; x_wconf 88' lang='grc'>61</span> <span class='ocrx_word' id='word_1_517' title='bbox 1270 2047 1440 2087; x_wconf 79' lang='lat' dir='ltr'>suspicere</span> <span class='ocrx_word' id='word_1_518' title='bbox 1468 2046 1542 2077; x_wconf 79' lang='lat'>438.</span> <span class='ocrx_word' id='word_1_519' title='bbox 1578 2064 1615 2068; x_wconf 81' lang='lat'>-—</span> <span class='ocrx_word' id='word_1_520' title='bbox 1653 2045 1766 2077; x_wconf 79' lang='lat' dir='ltr'>moliri</span> <span class='ocrx_word' id='word_1_521' title='bbox 1795 2056 1908 2077; x_wconf 79' lang='lat' dir='ltr'>arcem</span> 
     </span>
     <span class='ocr_line' id='line_1_88' title="bbox 1120 2091 1908 2131; baseline 0.001 -10"><span class='ocrx_word' id='word_1_522' title='bbox 1120 2094 1278 2131; x_wconf 57' lang='lat' dir='ltr'>„molibus</span> <span class='ocrx_word' id='word_1_523' title='bbox 1304 2093 1396 2122; x_wconf 80' lang='lat' dir='ltr'>factis</span> <span class='ocrx_word' id='word_1_524' title='bbox 1420 2093 1593 2122; x_wconf 78' lang='lat' dir='ltr'>extollere“</span> <span class='ocrx_word' id='word_1_525' title='bbox 1618 2095 1648 2122; x_wconf 90' lang='lat' dir='ltr'>S.</span> <span class='ocrx_word' id='word_1_526' title='bbox 1698 2094 1744 2122; x_wconf 85' lang='lat' dir='ltr'>Cf.</span> <span class='ocrx_word' id='word_1_527' title='bbox 1769 2091 1804 2131; x_wconf 88' lang='grc'>2,</span> <span class='ocrx_word' id='word_1_528' title='bbox 1832 2091 1908 2122; x_wconf 77' lang='grc'>108.</span> 
     </span>
    </p>
   </div>
   <div class='ocr_carea' id='block_1_16' title="bbox 1121 2147 1910 2232">
    <p class='ocr_par' dir='ltr' id='par_1_21' title="bbox 1121 2147 1910 2232">
     <span class='ocr_line' id='line_1_89' title="bbox 1168 2147 1910 2189; baseline 0 -11"><span class='ocrx_word' id='word_1_529' title='bbox 1168 2147 1244 2178; x_wconf 89' lang='grc'>425.</span> <span class='ocrx_word' id='word_1_530' title='bbox 1276 2147 1405 2189; x_wconf 78' lang='lat' dir='ltr'>Optare</span> <span class='ocrx_word' id='word_1_531' title='bbox 1427 2154 1474 2178; x_wconf 80' lang='lat' dir='ltr'>est</span> <span class='ocrx_word' id='word_1_532' title='bbox 1494 2151 1627 2186; x_wconf 80' lang='lat' dir='ltr'>eligere;</span> <span class='ocrx_word' id='word_1_533' title='bbox 1654 2151 1699 2178; x_wconf 89' lang='lat' dir='ltr'>ita</span> <span class='ocrx_word' id='word_1_534' title='bbox 1721 2148 1750 2187; x_wconf 87' lang='grc'>3,</span> <span class='ocrx_word' id='word_1_535' title='bbox 1778 2148 1851 2179; x_wconf 82' lang='grc'>109.</span> <span class='ocrx_word' id='word_1_536' title='bbox 1877 2149 1910 2187; x_wconf 90' lang='grc'>5,</span> 
     </span>
     <span class='ocr_line' id='line_1_90' title="bbox 1121 2192 1733 2232; baseline 0.002 -9"><span class='ocrx_word' id='word_1_537' title='bbox 1121 2193 1195 2223; x_wconf 84' lang='grc'>247.</span> <span class='ocrx_word' id='word_1_538' title='bbox 1236 2193 1274 2232; x_wconf 83' lang='grc'>8,</span> <span class='ocrx_word' id='word_1_539' title='bbox 1298 2193 1372 2224; x_wconf 86' lang='grc'>503.</span> <span class='ocrx_word' id='word_1_540' title='bbox 1423 2196 1488 2224; x_wconf 85' lang='lat' dir='ltr'>Cic.</span> <span class='ocrx_word' id='word_1_541' title='bbox 1513 2203 1557 2230; x_wconf 82' lang='lat' dir='ltr'>pr.</span> <span class='ocrx_word' id='word_1_542' title='bbox 1581 2196 1652 2224; x_wconf 81' lang='grc' dir='ltr'>ΒΛ.</span> <span class='ocrx_word' id='word_1_543' title='bbox 1681 2192 1733 2224; x_wconf 90' lang='lat'>11.</span> 
     </span>
    </p>
   </div>
   <div class='ocr_carea' id='block_1_17' title="bbox 1120 2249 1913 3061">
    <p class='ocr_par' dir='ltr' id='par_1_22' title="bbox 1120 2249 1913 3061">
     <span class='ocr_line' id='line_1_91' title="bbox 1166 2249 1909 2292; baseline 0.001 -13"><span class='ocrx_word' id='word_1_544' title='bbox 1166 2250 1239 2280; x_wconf 88' lang='grc'>426.</span> <span class='ocrx_word' id='word_1_545' title='bbox 1266 2249 1345 2280; x_wconf 79' lang='lat' dir='ltr'>iura</span> <span class='ocrx_word' id='word_1_546' title='bbox 1363 2249 1661 2292; x_wconf 68' lang='lat' dir='ltr'>magistratusque</span> <span class='ocrx_word' id='word_1_547' title='bbox 1682 2249 1815 2292; x_wconf 77' lang='lat' dir='ltr'>legunt.</span> <span class='ocrx_word' id='word_1_548' title='bbox 1858 2254 1909 2281; x_wconf 85' lang='lat' dir='ltr'>Ex</span> 
     </span>
     <span class='ocr_line' id='line_1_92' title="bbox 1120 2294 1910 2337; baseline 0.001 -11"><span class='ocrx_word' id='word_1_549' title='bbox 1120 2294 1243 2337; x_wconf 81' lang='lat' dir='ltr'>legunt</span> <span class='ocrx_word' id='word_1_550' title='bbox 1265 2300 1360 2325; x_wconf 74' lang='lat' dir='ltr'>verbo</span> <span class='ocrx_word' id='word_1_551' title='bbox 1381 2298 1420 2325; x_wconf 86' lang='lat' dir='ltr'>ad</span> <span class='ocrx_word' id='word_1_552' title='bbox 1446 2294 1525 2325; x_wconf 83' lang='lat' dir='ltr'>iura</span> <span class='ocrx_word' id='word_1_553' title='bbox 1545 2300 1677 2325; x_wconf 83' lang='lat' dir='ltr'>verbum</span> <span class='ocrx_word' id='word_1_554' title='bbox 1695 2294 1910 2327; x_wconf 79' lang='lat' dir='ltr'>constituunt</span> 
     </span>
     <span class='ocr_line' id='line_1_93' title="bbox 1121 2341 1911 2379; baseline 0 -8"><span class='ocrx_word' id='word_1_555' title='bbox 1121 2344 1173 2371; x_wconf 74' lang='lat' dir='ltr'>vel</span> <span class='ocrx_word' id='word_1_556' title='bbox 1205 2343 1311 2371; x_wconf 79' lang='lat' dir='ltr'>simile</span> <span class='ocrx_word' id='word_1_557' title='bbox 1339 2342 1461 2376; x_wconf 80' lang='lat' dir='ltr'>aliquid</span> <span class='ocrx_word' id='word_1_558' title='bbox 1486 2344 1657 2371; x_wconf 80' lang='lat' dir='ltr'>eruendum</span> <span class='ocrx_word' id='word_1_559' title='bbox 1684 2346 1731 2371; x_wconf 83' lang='lat' dir='ltr'>est</span> <span class='ocrx_word' id='word_1_560' title='bbox 1756 2343 1794 2371; x_wconf 85' lang='lat' dir='ltr'>cf.</span> <span class='ocrx_word' id='word_1_561' title='bbox 1827 2341 1911 2379; x_wconf 69' lang='lat'>3563</span> 
     </span>
     <span class='ocr_line' id='line_1_94' title="bbox 1122 2386 1911 2425; baseline 0.003 -10"><span class='ocrx_word' id='word_1_562' title='bbox 1122 2389 1174 2416; x_wconf 75' lang='lat' dir='ltr'>vel</span> <span class='ocrx_word' id='word_1_563' title='bbox 1208 2386 1284 2415; x_wconf 74' lang='lat' dir='ltr'>iura</span> <span class='ocrx_word' id='word_1_564' title='bbox 1313 2388 1429 2415; x_wconf 76' lang='lat' dir='ltr'>indicat</span> <span class='ocrx_word' id='word_1_565' title='bbox 1464 2387 1599 2423; x_wconf 79' lang='lat' dir='ltr'>iudices,</span> <span class='ocrx_word' id='word_1_566' title='bbox 1633 2388 1687 2422; x_wconf 81' lang='lat' dir='ltr'>qui</span> <span class='ocrx_word' id='word_1_567' title='bbox 1714 2388 1765 2417; x_wconf 89' lang='lat' dir='ltr'>ius</span> <span class='ocrx_word' id='word_1_568' title='bbox 1792 2388 1911 2425; x_wconf 85' lang='lat' dir='ltr'>dicunt,</span> 
     </span>
     <span class='ocr_line' id='line_1_95' title="bbox 1123 2429 1912 2470; baseline 0.003 -10"><span class='ocrx_word' id='word_1_569' title='bbox 1123 2437 1149 2460; x_wconf 83' lang='grc'>61</span> <span class='ocrx_word' id='word_1_570' title='bbox 1172 2435 1326 2461; x_wconf 77' lang='lat' dir='ltr'>habemus</span> <span class='ocrx_word' id='word_1_571' title='bbox 1356 2430 1429 2460; x_wconf 87' lang='lat' dir='ltr'>eine</span> <span class='ocrx_word' id='word_1_572' title='bbox 1454 2429 1648 2470; x_wconf 76' lang='lat' dir='ltr'>richeende,</span> <span class='ocrx_word' id='word_1_573' title='bbox 1680 2431 1912 2462; x_wconf 76' lang='lat' dir='ltr'>verwaltemte</span> 
     </span>
     <span class='ocr_line' id='line_1_96' title="bbox 1124 2474 1912 2507; baseline 0.001 -1"><span class='ocrx_word' id='word_1_574' title='bbox 1124 2475 1196 2506; x_wconf 80' lang='lat' dir='ltr'>und</span> <span class='ocrx_word' id='word_1_575' title='bbox 1229 2474 1435 2506; x_wconf 76' lang='lat' dir='ltr'>beratlzentle</span> <span class='ocrx_word' id='word_1_576' title='bbox 1465 2474 1631 2507; x_wconf 63' lang='lat' dir='ltr'>ficher-de.</span> <span class='ocrx_word' id='word_1_577' title='bbox 1691 2479 1810 2507; x_wconf 85' lang='lat' dir='ltr'>Tamen</span> <span class='ocrx_word' id='word_1_578' title='bbox 1847 2487 1912 2507; x_wconf 90' lang='lat' dir='ltr'>non</span> 
     </span>
     <span class='ocr_line' id='line_1_97' title="bbox 1124 2522 1913 2557; baseline 0.004 -7"><span class='ocrx_word' id='word_1_579' title='bbox 1124 2522 1199 2550; x_wconf 80' lang='lat' dir='ltr'>falsi</span> <span class='ocrx_word' id='word_1_580' title='bbox 1232 2527 1302 2551; x_wconf 85' lang='lat' dir='ltr'>sunt</span> <span class='ocrx_word' id='word_1_581' title='bbox 1335 2523 1373 2553; x_wconf 80' lang='lat' dir='ltr'>ii.</span> <span class='ocrx_word' id='word_1_582' title='bbox 1411 2523 1466 2557; x_wconf 83' lang='lat' dir='ltr'>qui</span> <span class='ocrx_word' id='word_1_583' title='bbox 1497 2523 1529 2550; x_wconf 94' lang='lat' dir='ltr'>in</span> <span class='ocrx_word' id='word_1_584' title='bbox 1564 2526 1622 2553; x_wconf 86' lang='lat' dir='ltr'>hoc</span> <span class='ocrx_word' id='word_1_585' title='bbox 1653 2532 1748 2552; x_wconf 83' lang='lat' dir='ltr'>versu</span> <span class='ocrx_word' id='word_1_586' title='bbox 1779 2526 1913 2553; x_wconf 85' lang='lat' dir='ltr'>haesere</span> 
     </span>
     <span class='ocr_line' id='line_1_98' title="bbox 1125 2568 1911 2604; baseline 0.004 -9"><span class='ocrx_word' id='word_1_587' title='bbox 1125 2568 1320 2602; x_wconf 68' lang='lat' dir='ltr'>interpretes.</span> <span class='ocrx_word' id='word_1_588' title='bbox 1370 2570 1449 2596; x_wconf 78' lang='lat' dir='ltr'>Nam</span> <span class='ocrx_word' id='word_1_589' title='bbox 1473 2571 1501 2596; x_wconf 84' lang='lat' dir='ltr'>et</span> <span class='ocrx_word' id='word_1_590' title='bbox 1522 2573 1596 2597; x_wconf 86' lang='lat' dir='ltr'>ante</span> <span class='ocrx_word' id='word_1_591' title='bbox 1618 2572 1647 2597; x_wconf 84' lang='lat' dir='ltr'>et</span> <span class='ocrx_word' id='word_1_592' title='bbox 1671 2573 1740 2604; x_wconf 82' lang='lat' dir='ltr'>post</span> <span class='ocrx_word' id='word_1_593' title='bbox 1764 2571 1800 2598; x_wconf 85' lang='grc'>(16</span> <span class='ocrx_word' id='word_1_594' title='bbox 1822 2569 1911 2598; x_wconf 81' lang='lat' dir='ltr'>aedi-</span> 
     </span>
     <span class='ocr_line' id='line_1_99' title="bbox 1125 2611 1913 2653; baseline 0.003 -12"><span class='ocrx_word' id='word_1_595' title='bbox 1125 2613 1203 2641; x_wconf 74' lang='lat' dir='ltr'>ficiis</span> <span class='ocrx_word' id='word_1_596' title='bbox 1225 2617 1271 2641; x_wconf 80' lang='lat' dir='ltr'>est</span> <span class='ocrx_word' id='word_1_597' title='bbox 1297 2622 1409 2647; x_wconf 81' lang='lat' dir='ltr'>sermo,</span> <span class='ocrx_word' id='word_1_598' title='bbox 1438 2622 1538 2648; x_wconf 80' lang='lat' dir='ltr'>neque</span> <span class='ocrx_word' id='word_1_599' title='bbox 1559 2611 1637 2643; x_wconf 85' lang='lat' dir='ltr'>iura</span> <span class='ocrx_word' id='word_1_600' title='bbox 1662 2611 1784 2653; x_wconf 75' lang='lat' dir='ltr'>legunt</span> <span class='ocrx_word' id='word_1_601' title='bbox 1807 2616 1913 2649; x_wconf 80' lang='lat' dir='ltr'>placet</span> 
     </span>
     <span class='ocr_line' id='line_1_100' title="bbox 1126 2659 1912 2693; baseline 0.001 -7"><span class='ocrx_word' id='word_1_602' title='bbox 1126 2661 1163 2686; x_wconf 76' lang='lat' dir='ltr'>ol)</span> <span class='ocrx_word' id='word_1_603' title='bbox 1192 2666 1342 2693; x_wconf 68' lang='lat' dir='ltr'>zeugma,</span> <span class='ocrx_word' id='word_1_604' title='bbox 1380 2661 1571 2687; x_wconf 78' lang='lat' dir='ltr'>adversatur</span> <span class='ocrx_word' id='word_1_605' title='bbox 1598 2659 1649 2688; x_wconf 77' lang='lat' dir='ltr'>liic</span> <span class='ocrx_word' id='word_1_606' title='bbox 1675 2667 1790 2689; x_wconf 84' lang='lat' dir='ltr'>versus</span> <span class='ocrx_word' id='word_1_607' title='bbox 1816 2660 1912 2688; x_wconf 87' lang='lat' dir='ltr'>eliam</span> 
     </span>
     <span class='ocr_line' id='line_1_101' title="bbox 1126 2704 1911 2739; baseline 0.003 -8"><span class='ocrx_word' id='word_1_608' title='bbox 1126 2704 1257 2739; x_wconf 87' lang='lat' dir='ltr'>rationi,</span> <span class='ocrx_word' id='word_1_609' title='bbox 1291 2712 1353 2738; x_wconf 76' lang='lat' dir='ltr'>qua</span> <span class='ocrx_word' id='word_1_610' title='bbox 1374 2705 1454 2732; x_wconf 80' lang='lat' dir='ltr'>Dido</span> <span class='ocrx_word' id='word_1_611' title='bbox 1479 2705 1599 2738; x_wconf 67' lang='lat' dir='ltr'>regiam</span> <span class='ocrx_word' id='word_1_612' title='bbox 1624 2709 1750 2734; x_wconf 81' lang='lat' dir='ltr'>exercet</span> <span class='ocrx_word' id='word_1_613' title='bbox 1773 2708 1911 2739; x_wconf 84' lang='lat' dir='ltr'>potesta-</span> 
     </span>
     <span class='ocr_line' id='line_1_102' title="bbox 1125 2747 1912 2786; baseline 0.003 -10"><span class='ocrx_word' id='word_1_614' title='bbox 1125 2753 1185 2777; x_wconf 73' lang='grc'>16111</span> <span class='ocrx_word' id='word_1_615' title='bbox 1221 2750 1259 2777; x_wconf 85' lang='lat' dir='ltr'>cf.</span> <span class='ocrx_word' id='word_1_616' title='bbox 1290 2747 1353 2776; x_wconf 78' lang='grc'>507</span> <span class='ocrx_word' id='word_1_617' title='bbox 1384 2754 1414 2777; x_wconf 80' lang='lat' dir='ltr'>et</span> <span class='ocrx_word' id='word_1_618' title='bbox 1445 2748 1481 2786; x_wconf 81' lang='lat'>5,</span> <span class='ocrx_word' id='word_1_619' title='bbox 1515 2747 1597 2785; x_wconf 76' lang='lat'>758,</span> <span class='ocrx_word' id='word_1_620' title='bbox 1637 2758 1737 2784; x_wconf 81' lang='lat' dir='ltr'>neque</span> <span class='ocrx_word' id='word_1_621' title='bbox 1770 2757 1912 2784; x_wconf 84' lang='lat' dir='ltr'>unquam</span> 
     </span>
     <span class='ocr_line' id='line_1_103' title="bbox 1125 2795 1911 2831; baseline 0.004 -10"><span class='ocrx_word' id='word_1_622' title='bbox 1125 2796 1207 2828; x_wconf 83' lang='lat' dir='ltr'>apud</span> <span class='ocrx_word' id='word_1_623' title='bbox 1243 2796 1404 2823; x_wconf 78' lang='lat' dir='ltr'>Romanos</span> <span class='ocrx_word' id='word_1_624' title='bbox 1451 2796 1587 2829; x_wconf 87' lang='lat' dir='ltr'>populus</span> <span class='ocrx_word' id='word_1_625' title='bbox 1629 2796 1780 2823; x_wconf 88' lang='lat' dir='ltr'>Senatum</span> <span class='ocrx_word' id='word_1_626' title='bbox 1824 2795 1911 2831; x_wconf 83' lang='lat' dir='ltr'>legit.</span> 
     </span>
     <span class='ocr_line' id='line_1_104' title="bbox 1125 2840 1912 2875; baseline 0.004 -9"><span class='ocrx_word' id='word_1_627' title='bbox 1125 2840 1237 2867; x_wconf 83' lang='lat' dir='ltr'>Intulit</span> <span class='ocrx_word' id='word_1_628' title='bbox 1273 2842 1356 2867; x_wconf 79' lang='lat' dir='ltr'>hunc</span> <span class='ocrx_word' id='word_1_629' title='bbox 1388 2848 1516 2868; x_wconf 78' lang='lat' dir='ltr'>versum</span> <span class='ocrx_word' id='word_1_630' title='bbox 1548 2840 1683 2875; x_wconf 80' lang='lat' dir='ltr'>aliquis,</span> <span class='ocrx_word' id='word_1_631' title='bbox 1721 2840 1776 2874; x_wconf 84' lang='lat' dir='ltr'>qui</span> <span class='ocrx_word' id='word_1_632' title='bbox 1814 2840 1912 2869; x_wconf 89' lang='lat' dir='ltr'>comi-</span> 
     </span>
     <span class='ocr_line' id='line_1_105' title="bbox 1126 2885 1912 2922; baseline 0.004 -11"><span class='ocrx_word' id='word_1_633' title='bbox 1126 2885 1239 2913; x_wconf 87' lang='lat' dir='ltr'>tiorum</span> <span class='ocrx_word' id='word_1_634' title='bbox 1274 2886 1368 2913; x_wconf 86' lang='lat' dir='ltr'>etiam</span> <span class='ocrx_word' id='word_1_635' title='bbox 1404 2885 1470 2913; x_wconf 79' lang='lat' dir='ltr'>fleri</span> <span class='ocrx_word' id='word_1_636' title='bbox 1502 2885 1689 2914; x_wconf 86' lang='lat' dir='ltr'>mentionem</span> <span class='ocrx_word' id='word_1_637' title='bbox 1729 2885 1848 2922; x_wconf 80' lang='lat' dir='ltr'>voluit,</span> <span class='ocrx_word' id='word_1_638' title='bbox 1882 2889 1912 2914; x_wconf 84' lang='lat' dir='ltr'>et</span> 
     </span>
     <span class='ocr_line' id='line_1_106' title="bbox 1125 2927 1912 2967; baseline 0.001 -10"><span class='ocrx_word' id='word_1_639' title='bbox 1125 2930 1178 2963; x_wconf 73' lang='lat' dir='ltr'>qui</span> <span class='ocrx_word' id='word_1_640' title='bbox 1219 2931 1401 2958; x_wconf 84' lang='lat' dir='ltr'>meminerat</span> <span class='ocrx_word' id='word_1_641' title='bbox 1442 2932 1581 2959; x_wconf 88' lang='lat' dir='ltr'>locorum</span> <span class='ocrx_word' id='word_1_642' title='bbox 1622 2928 1657 2966; x_wconf 89' lang='lat'>3,</span> <span class='ocrx_word' id='word_1_643' title='bbox 1698 2927 1759 2957; x_wconf 79' lang='lat'>132</span> <span class='ocrx_word' id='word_1_644' title='bbox 1789 2938 1836 2965; x_wconf 85' lang='lat' dir='ltr'>sq.</span> <span class='ocrx_word' id='word_1_645' title='bbox 1880 2929 1912 2967; x_wconf 84' lang='lat'>5,</span> 
     </span>
     <span class='ocr_line' id='line_1_107' title="bbox 1126 2972 1912 3012; baseline 0.003 -10"><span class='ocrx_word' id='word_1_646' title='bbox 1126 2972 1189 3001; x_wconf 84' lang='grc'>755</span> <span class='ocrx_word' id='word_1_647' title='bbox 1214 2984 1259 3009; x_wconf 76' lang='lat' dir='ltr'>sq.</span> <span class='ocrx_word' id='word_1_648' title='bbox 1304 2972 1390 3003; x_wconf 80' lang='lat' dir='ltr'>Hck.</span> <span class='ocrx_word' id='word_1_649' title='bbox 1418 2972 1502 3003; x_wconf 72' lang='lat' dir='ltr'>ch.</span> <span class='ocrx_word' id='word_1_650' title='bbox 1525 2983 1654 3004; x_wconf 83' lang='lat' dir='ltr'>versum</span> <span class='ocrx_word' id='word_1_651' title='bbox 1678 2975 1830 3012; x_wconf 78' lang='lat' dir='ltr'>retinent3</span> <span class='ocrx_word' id='word_1_652' title='bbox 1858 2976 1912 3004; x_wconf 84' lang='lat' dir='ltr'>de-</span> 
     </span>
     <span class='ocr_line' id='line_1_108' title="bbox 1124 3017 1584 3061; baseline 0.004 -14"><span class='ocrx_word' id='word_1_653' title='bbox 1124 3021 1189 3048; x_wconf 85' lang='lat' dir='ltr'>lent</span> <span class='ocrx_word' id='word_1_654' title='bbox 1215 3017 1264 3048; x_wconf 86' lang='lat' dir='ltr'>Pl.</span> <span class='ocrx_word' id='word_1_655' title='bbox 1299 3018 1382 3061; x_wconf 59' lang='lat' dir='ltr'>H‘g.</span> <span class='ocrx_word' id='word_1_656' title='bbox 1411 3017 1472 3048; x_wconf 82' lang='lat' dir='ltr'>Ld.</span> <span class='ocrx_word' id='word_1_657' title='bbox 1504 3017 1584 3049; x_wconf 80' lang='lat' dir='ltr'>Wd.</span> 
     </span>
    </p>
   </div>
   <div class='ocr_carea' id='block_1_18' title="bbox 1957 0 2023 3350">
    <p class='ocr_par' dir='ltr' id='par_1_23' title="bbox 1957 0 2023 3350">
     <span class='ocr_line' id='line_1_109' title="bbox 1957 0 2023 3350; baseline 0 0"><span class='ocrx_word' id='word_1_658' title='bbox 1957 0 2023 3350; x_wconf 95' lang='lat' dir='ltr'> </span> 
     </span>
    </p>
   </div>
  </div>
 </body>
</html>
