2023 3350
740 103 977 138 AENEIDOS
1011 107 1036 139 L
1044 107 1099 140 113.
1127 106 1187 141 VI.

266 218 356 261 Nec
391 217 545 273 procul
578 216 678 259 hinc
710 220 881 272 partem
920 218 1004 261 fusi
1045 222 1342 262 monstrantur
1377 221 1420 262 in
1461 233 1630 262 omnem

1717 108 1799 148 289

1717 223 1803 262 440

146 275 367 330 Lugentes
408 275 573 330 campi;
617 275 679 317 sic
716 276 813 318 illos
855 277 1024 318 nomine
1062 277 1223 318 dicunt.

147 333 254 385 Hie,
300 348 408 388 quos
444 333 578 375 durus
614 347 738 375 amor
777 335 942 376 crudeli
978 334 1080 377 tabe
1119 334 1302 389 peredit.

148 390 317 433 Secreti
354 392 496 434 celant
533 391 663 433 calles
705 395 748 434 et
785 396 950 446 myrtea
989 393 1151 434 circum

147 449 265 491 Silva
303 450 431 504 tegit3
476 463 606 490 curae
645 463 731 490 non
761 449 857 504 ipsa
890 451 934 491 in
973 454 1111 492 morte
1149 449 1413 502 relinquunt.

145 506 226 548 His
263 507 510 549 Phaedram
545 507 826 560 Procrimque
865 508 989 560 locis,
1029 511 1326 561 maestamque
1363 506 1611 563 Eriphylen,

1717 511 1801 550 445

148 564 344 607 Crudelis
385 565 478 606 nati
515 568 829 607 monstrantem
864 566 1055 617 volnera,
1104 566 1253 617 cernit,

145 622 462 677 Evadnenque,
515 626 558 664 et
596 623 858 677 Pasiphaen,
902 624 968 666 his
1007 623 1246 665 Laodamia

145 681 187 722 It
225 694 384 732 comes,
427 684 470 723 et
501 680 665 722 iuvenis
699 681 934 735 quondam,
979 696 1092 723 nunc
1126 680 1304 732 femina,
1354 680 1556 731 Caeneus,

146 739 311 780 Rursus
353 742 395 780 et
434 738 479 780 in
510 742 698 781 veterem
740 738 830 782 fato
872 740 1069 781 revoluta
1105 738 1304 793 figuram.

263 797 382 838 Inter
421 810 528 850 quas
568 796 802 839 Phoenissa
842 811 991 839 recens
1032 812 1058 839 a
1097 797 1271 839 volnere
1308 793 1422 836 Dido

1716 797 1801 837 450

145 853 338 897 Errabat
376 855 484 897 silva
525 855 569 896 in
608 869 789 908 magna3
834 869 965 910 quam
1000 855 1153 897 Troius
1189 854 1330 905 heros,

144 973 226 1009 gilio
251 982 342 1009 esse;
375 979 459 1003 certe
485 977 576 1003 Serv.
603 975 657 1009 qui
683 975 758 1009 legit
791 979 818 1003 et
855 971 951 1004 tristi

145 1022 177 1049 et
203 1017 336 1057 tristis,
375 1023 435 1050 hoc
460 1022 636 1056 improbat,
672 1022 754 1056 quod
780 1022 842 1049 dno
862 1022 949 1056 adje-

144 1066 235 1095 ctiva
267 1067 308 1095 ad
348 1075 449 1095 unum
488 1067 731 1096 substantivum
769 1070 949 1103 trahantur,

144 1119 246 1146 quare
270 1109 390 1141 undae
415 1114 535 1147 nescit,
562 1118 673 1142 natum
698 1118 730 1142 ut
757 1113 884 1141 videtur
910 1115 949 1141 ab

144 1158 236 1193 aliis,
257 1159 311 1193 qui
334 1156 446 1187 tristis
472 1161 625 1188 volebant
648 1164 732 1188 recte
753 1163 949 1188 construere.

190 1201 268 1233 441.
299 1201 447 1233 Nomine
465 1213 708 1240 supervacuum
732 1210 792 1242 051,
811 1205 850 1233 cf.
871 1202 949 1233 242.

147 1265 185 1270 ——
228 1247 392 1291 Ingentes
426 1248 544 1290 compi
577 1251 615 1280 cf.
651 1252 689 1279 ad
720 1248 754 1287 l,
785 1249 860 1279 355.
909 1266 946 1269 —

144 1296 258 1331 Ampli
278 1301 363 1333 sunt,
388 1301 421 1325 ut
441 1297 617 1326 solitudine
641 1297 773 1326 animae
799 1297 952 1333 singulae

143 1341 301 1371 fruantur.

192 1386 269 1416 4⁴2.
303 1384 421 1417 Durus
451 1395 551 1417 amor
588 1388 643 1423 qui
676 1388 765 1424 angit
798 1388 951 1421 maxime,

144 1442 242 1469 quum
267 1433 382 1462 infelix
404 1434 445 1463 sit
468 1438 497 1462 01
520 1438 632 1463 contra
651 1439 801 1463 naturam
823 1438 852 1462 et
874 1442 951 1463 con-

146 1484 195 1509 tra
221 1480 389 1509 rationem.
439 1480 520 1509 Tam
546 1480 665 1509 insana
688 1484 737 1509 est
762 1480 889 1514 cupido,
917 1483 950 1508 ut

145 1527 200 1561 qui
225 1527 361 1561 adeptus
386 1529 434 1555 est
458 1527 540 1561 quod
571 1527 663 1563 petit,
703 1534 740 1555 eo
769 1527 841 1561 ipso
867 1526 950 1560 quod

144 1574 281 1607 adeptus
299 1576 345 1601 est
365 1576 482 1607 pereat.
515 1573 551 1601 Id
567 1573 600 1600 in
615 1572 766 1602 omnihus
790 1572 950 1607 exemplis

143 1622 289 1654 apparet.
318 1633 355 1637 —
382 1615 518 1658 peredit
543 1618 581 1648 ef.
607 1620 648 1647 ad
683 1617 713 1654 «Ι,
742 1616 795 1646 66.

191 1662 268 1693 443.
299 1661 431 1694 Secreta·
456 1672 504 1693 0..·
541 1665 702 1694 Amantes
723 1665 810 1693 0111111
835 1664 950 1692 5011111-

143 1711 251 1739 111110111
274 1717 430 1745 quaerere
451 1712 567 1740 solent.
595 1726 632 1730 —
667 1708 803 1750 Myrtus
828 1709 950 1739 Veneri

142 1764 249 1787 sacra.

190 1800 267 1831 444.
294 1809 417 1838 curae,
451 1803 568 1838 quales
599 1806 672 1831 sunt
701 1801 881 1830 amantium
908 1800 947 1830 cf.

142 1846 175 1883 4,
208 1847 233 1878 Ι.
263 1863 300 1867 -
329 1846 364 1877 in
385 1850 496 1877 morte
520 1849 562 1877 et.
589 1846 666 1876 371.
715 1848 876 1884 „Tamum
904 1847 950 1875 fe-

143 1895 306 1924 minarum
330 1894 419 1929 ponit
442 1896 610 1929 exempla,
651 1902 715 1922 non
749 1902 811 1928 quo
845 1893 951 1922 desint

144 1941 226 1977 viri,
265 1941 321 1969 sed
356 1940 452 1976 elegit
489 1948 608 1969 sexum
646 1940 870 1974 impatientem
908 1940 951 1968 ad

143 1985 354 2016 aiiiaiitltiiii.“
381 1988 412 2014 S.

190 2029 267 2061 445.
302 2028 487 2068 Phaedra,
525 2031 644 2060 Thesei
669 2038 767 2067 uxor,
804 2030 952 2067 privigni

144 2078 315 2114 Hippolyti
342 2086 452 2106 amore
478 2082 571 2112 capta
593 2082 621 2106 01
645 2079 684 2105 ab
712 2085 749 2105 eo
768 2077 948 2112 repudiata,

143 2124 252 2160 ipsum
283 2124 418 2159 perdidit
445 2124 665 2158 perditumque
690 2124 806 2157 lugens
837 2127 951 2157 postea

144 2179 181 2199 50
207 2172 322 2205 laqueo
346 2169 518 2198 suffocavit
542 2169 580 2199 cf.
600 2171 659 2198 ov.
682 2170 756 2197 Her.
780 2166 809 2197 2.
838 2169 947 2203 Eurip.

143 2220 174 2245 et
206 2218 280 2245 Sen.
314 2216 444 2251 Hippoi.
487 2230 525 2234 —
576 2212 730 2243 Procrim
763 2216 806 2243 Μ.
839 2216 882 2243 111.
918 2218 949 2242 01

143 2264 235 2291 Serv.
265 2277 303 2281 —
343 2258 487 2290 Procrin
512 2262 603 2297 vulg.
642 2276 680 2280 —
717 2256 854 2288 Procris
880 2268 950 2288 ma-

142 2309 241 2337 ritum
275 2308 471 2345 Cephalum,
516 2308 554 2335 de
589 2307 662 2335 eius
691 2314 801 2334 amore
834 2310 863 2334 et
893 2306 951 2334 fide

143 2354 298 2389 sollicita,
322 2355 376 2382 vel
400 2353 435 2381 in
459 2353 569 2382 silvas
594 2352 808 2387 persequitur,
830 2352 886 2380 uhi
908 2354 949 2380 ab

143 2399 257 2436 ignaro
279 2399 467 2428 interficitur
492 2401 551 2428 Ov.
576 2401 653 2427 Met.
688 2396 719 2433 7,
745 2396 810 2426 835
837 2406 884 2432 sq.
908 2413 946 2417 —

147 2442 342 2485 Eriphyle,
377 2445 473 2474 cuius
506 2445 600 2474 iussa
630 2444 795 2474 facessere
818 2445 951 2473 debehat

144 2491 217 2519 eius
239 2491 377 2519 maritus
396 2491 633 2527 Amphiaraus,
657 2498 677 2519 a
699 2490 858 2526 Polynice
883 2494 950 2519 tra-

144 2537 209 2565 dito
235 2536 434 2565 Harmoniae
457 2537 574 2565 monili
594 2540 758 2573 movetur,
791 2540 825 2565 111
849 2537 950 2565 mari-

143 2586 211 2611 tum
235 2582 269 2610 in
294 2583 417 2610 bellum
441 2582 555 2618 mittat,
577 2590 639 2617 quo
664 2583 864 2616 pereundum
885 2583 950 2611 sihi

143 2629 173 2657 is
201 2636 276 2657 esse
301 2628 399 2657 scivit
420 2631 449 2656 01
471 2628 574 2662 periit.
623 2628 796 2656 Interfecta
822 2632 950 2663 propte-

143 2681 201 2704 rea
226 2676 266 2703 ab
291 2674 492 2703 Alcmaeone
517 2673 593 2702 filio.
644 2666 798 2712 στυγερὴ
813 2666 863 2702 Ἐ.
896 2682 948 2709 ap.

145 2721 201 2749 Od.
229 2717 282 2758 11,
307 2718 372 2748 320
397 2727 445 2754 sq.

190 2763 268 2795 447.
298 2763 471 2800 Euadne,
502 2772 586 2793 uxor
611 2764 773 2801 Capanei,
806 2772 890 2800 quae
913 2772 950 2794 se

143 2811 179 2840 in
215 2813 381 2841 ardentem
420 2810 528 2839 mariti
559 2817 673 2846 rogum
708 2811 948 2846 praecipitavit.

147 2873 185 2878 -
225 2854 404 2897 Pasiphae
428 2856 551 2885 Minois
582 2863 682 2891 uxor,
722 2856 807 2885 tauri
840 2863 950 2886 amore

143 2907 240 2939 capta
279 2903 319 2933 cf.
357 2900 416 2935 24;
467 2902 689 2930 Minotaurum
733 2902 866 2937 peperit.
908 2918 946 2922 —

148 2946 348 2978 Laodamia
385 2957 469 2978 uxor
501 2947 695 2984 Protesilai,
732 2948 788 2982 qui
828 2947 952 2983 primus

145 2996 341 3025 Graecorum
365 2995 398 3023 in
418 2995 543 3023 Troade
566 2993 698 3023 occisus
721 2997 780 3031 est,
804 2996 952 3023 umbram

145 3042 264 3071 saltem
295 3041 409 3071 videre
444 3040 572 3077 optavit
605 3038 731 3078 mariti,
770 3047 835 3074 qua
866 3048 901 3069 re
932 3047 953 3069 a

996 975 1061 1003 diis
1087 981 1245 1004 concessa
1269 972 1361 1002 rediit
1388 980 1429 1000 ex
1451 970 1566 1000 inferis
1584 971 1801 1007 Protesnaus,

997 1021 1132 1056 eiusque
1155 1021 1188 1048 in
1219 1020 1375 1053 amplexu
1398 1018 1583 1052 exspiravit
1607 1019 1800 1047 Laodamia.

997 1069 1058 1096 Ov.
1086 1068 1160 1095 Her.
1190 1063 1240 1094 13.
1272 1066 1350 1093 Luc.
1379 1064 1508 1092 Charon
1531 1063 1602 1091 init.

1043 1110 1120 1140 4⁴8.
1154 1109 1298 1145 Caenis,
1325 1110 1411 1138 Elati
1436 1109 1597 1143 Lapithae
1621 1109 1704 1145 filia,
1731 1117 1802 1138 ma-

998 1167 1064 1187 rem
1089 1166 1125 1185 se
1155 1165 1229 1186 esse
1255 1156 1376 1190 voluit,
1417 1155 1606 1189 sprevitque
1633 1156 1801 1184 hominum

998 1211 1142 1236 11100105.
1177 1204 1233 1231 sed
1255 1204 1401 1237 Neptuno
1427 1209 1524 1235 quum
1553 1203 1625 1229 sola
1651 1201 1684 1230 in
1708 1202 1802 1230 litore

996 1250 1117 1285 gaudia
1150 1249 1292 1277 dedisset
1323 1256 1364 1276 ex
1396 1252 1487 1282 voto,
1529 1246 1636 1276 factus
1669 1253 1719 1276 est
1750 1248 1803 1276 vir

997 1297 1147 1325 Caeneus
1175 1295 1273 1323 simul
1298 1299 1326 1322 et
1352 1293 1407 1328 qni
1431 1301 1509 1321 ense
1533 1302 1596 1321 non
1622 1297 1729 1328 posset
1755 1294 1802 1323 fe-

996 1342 1070 1374 riri:
1090 1349 1190 1376 quare
1217 1339 1371 1369 Centauri
1390 1347 1462 1367 eum
1490 1340 1573 1367 mole
1600 1339 1721 1369 iniecta
1745 1349 1803 1369 ne-

996 1392 1109 1417 carunt
1136 1389 1195 1415 Ov.
1219 1389 1292 1414 Met.
1324 1383 1378 1421 12,
1412 1382 1485 1413 172.
1515 1383 1590 1413 209.
1640 1387 1687 1414 Ea
1716 1394 1803 1416 nunc

996 1435 1111 1463 iterum
1137 1433 1259 1461 femina
1282 1435 1340 1460 est.
1390 1431 1478 1465 Quod
1504 1428 1642 1459 iuvenis
1667 1433 1803 1467 opponi-

998 1484 1048 1509 tur
1080 1477 1241 1517 feminne
1278 1485 1341 1506 non
1378 1477 1516 1514 mirum,
1550 1477 1683 1506 etiamsi
1715 1479 1802 1508 enim

998 1522 1135 1555 iuvenis
1171 1523 1352 1554 communis
1393 1527 1440 1552 est
1484 1523 1605 1560 forma,
1654 1532 1717 1553 usu
1754 1529 1805 1554 est

997 1572 1234 1607 maseulintun,
1268 1574 1296 1599 et
1328 1569 1482 1598 feminam
1512 1569 1680 1604 innuptam
1701 1569 1803 1611 puel-

997 1615 1068 1647 lam
1098 1622 1127 1646 et
1161 1613 1337 1656 virginem
1376 1622 1494 1645 vocare
1525 1617 1696 1653 volebant,
1738 1625 1802 1646 non

996 1661 1169 1693 invenem.
1206 1662 1253 1692 Cf.
1277 1663 1336 1691 Ov.
1361 1663 1404 1690 M.
1421 1659 1453 1697 3,
1473 1659 1538 1689 353
1571 1659 1678 1691 Multi
1700 1659 1802 1692 illum

994 1707 1156 1745 iuvenes,
1195 1705 1330 1737 multae
1366 1704 1505 1745 cupiere
1539 1704 1693 1747 puellae.
1743 1710 1804 1737 1115

996 1756 1107 1785 verbis
1132 1754 1221 1783 nolui
1247 1760 1366 1789 negare
1399 1753 1551 1781 iuvenem
1582 1753 1680 1783 etiam
1707 1763 1804 1789 posse

996 1802 1060 1831 diei
1087 1802 1242 1836 puellam,
1267 1806 1351 1834 quae
1378 1803 1427 1827 est
1451 1799 1561 1833 opinio
1585 1800 1712 1833 Fbgeri,
1736 1801 1802 1830 iam

995 1848 1082 1877 enim
1112 1854 1314 1877 communem
1344 1853 1420 1873 esse
1452 1841 1610 1873 iuvenem
1643 1846 1802 1876 dixeram.

996 1896 1033 1922 Et
1053 1889 1191 1922 iuvenis
1208 1892 1340 1928 signare
1357 1898 1490 1922 marem.
1515 1891 1605 1920 docet
1624 1889 1804 1927 Caeneus,-

997 1941 1081 1974 quod
1106 1939 1235 1968 videtur
1256 1946 1329 1966 esse
1352 1937 1384 1965 in
1410 1939 1490 1965 Λ1155.
1524 1934 1671 1974 Cacum,
1707 1938 1803 1967 femi-

998 1987 1128 2022 ninum,
1169 1993 1211 2014 ex
1244 1984 1429 2013 coniectura
1466 1987 1571 2012 ortum
1599 1987 1649 2012 est
1673 1985 1803 2013 Heinsii

998 2037 1029 2061 et
1050 2033 1222 2067 vulgatum
1243 2030 1278 2058 in
1299 2030 1376 2057 Edd.
1404 2044 1442 2048 —
1464 2029 1575 2058 Verba
1593 2030 1644 2059 510
1665 2030 1802 2067 iungas:

997 2075 1024 2107 it
1049 2085 1179 2112 comes,·
1213 2083 1304 2115 quac
1333 2083 1426 2104 nunc
1452 2073 1593 2112 femina
1624 2078 1675 2105 est
1705 2078 1737 2106 et
1766 2074 1804 2106 in

1023 2131 1154 2163 guram
1202 2123 1351 2150 veterem
1395 2117 1574 2157 revoluta,
1624 2120 1803 2161 quondam

997 2165 1134 2197 iuvenis
1170 2165 1338 2196 Caeneus.
1386 2167 1436 2195 Ita
1469 2167 1526 2194 Sil.
1562 2163 1622 2202 11,
1656 2165 1696 2195 25
1730 2165 1803 2196 iam

994 2222 1077 2243 vero
1109 2209 1262 2242 Eridani
1291 2207 1549 2240 tumidissimus
1577 2210 1700 2241 accola
1727 2210 1805 2242 Cel-

998 2262 1055 2290 tac
1081 2255 1282 2289 Incubuere.
1313 2258 1428 2291 Itaque
1450 2265 1515 2285 non
1540 2265 1623 2292 opus
1647 2262 1695 2286 est
1720 2259 1803 2287 reci-

1001 2314 1073 2341 pere
1106 2301 1246 2339 Caenis,
1271 2303 1354 2332 satis
1379 2305 1508 2331 bonum.
1558 2304 1706 2332 Imitatur
1730 2305 1804 2333 Au-

997 2360 1066 2381 son.
1083 2352 1128 2379 111.
1153 2348 1184 2387 6,
1211 2348 1266 2378 19:
1311 2345 1418 2377 Irrita
1439 2345 1531 2377 dona
1554 2357 1700 2388 querens
1720 2357 1805 2378 sewu

996 2394 1128 2438 gavisa
1155 2392 1252 2425 virili
1278 2391 1414 2424 Maeret
1435 2391 1471 2422 in
1497 2391 1684 2433 antiquam
1715 2392 1804 2424 Coe—

994 2441 1050 2473 nis
1077 2443 1242 2471 revocata
1265 2438 1445 2481 figuram.
1481 2454 1519 2459 —
1554 2441 1662 2469 Etiam
1687 2441 1804 2470 Ulixes

996 2491 1118 2519 multas
1145 2489 1334 2523 praeclaras
1358 2486 1445 2515 videt
1463 2485 1615 2515 heroinas
1635 2487 1669 2515 in
1688 2486 1804 2517 inferis

997 2537 1053 2565 Od.
1081 2532 1131 2573 11,
1150 2532 1230 2563 320.

1042 2579 1119 2610 449.
1146 2587 1269 2610 rursus
1293 2574 1455 2607 revoluta
1480 2577 1519 2607 cf.
1541 2574 1619 2606 751.

997 2658 1065 2691 450
1083 2676 1127 2680 —-
1143 2658 1221 2689 476.

1043 2716 1121 2746 450.
1148 2718 1210 2747 Hie
1249 2716 1387 2745 Didonis
1428 2722 1585 2744 occursus
1627 2713 1722 2751 facit,
1768 2718 1805 2742 ut

997 2765 1145 2793 Aeneam
1169 2770 1286 2799 magno
1317 2769 1426 2790 amore
1452 2764 1583 2795 captum
1611 2759 1718 2789 fuisse
1749 2761 1803 2789 vel

996 2810 1104 2847 magis
1138 2809 1362 2844 intelligamus
1389 2813 1488 2841 quam
1511 2815 1529 2835 e
1552 2806 1634 2835 libro
1659 2807 1716 2835 IV.
1762 2821 1800 2825 —

995 2864 1114 2885 recens
1142 2863 1164 2883 a
1193 2853 1350 2884 volnere.-
1387 2860 1499 2882 recens
1528 2854 1721 2887 vulnerata;
1760 2852 1807 2880 ita

997 2903 1093 2931 Varr.
1122 2902 1193 2929 RB.
1220 2898 1256 2935 2,
1278 2898 1297 2928 8
1327 2895 1451 2938 pullus
1484 2906 1505 2927 a
1535 2899 1645 2937 partu
1674 2905 1804 2926 recens.

998 2949 1066 2978 Cic.
1092 2948 1158 2976 NI).
1185 2945 1215 2983 3,
1243 2946 1261 2974 5
1297 2952 1413 2974 recens
1442 2941 1485 2973 ab
1517 2941 1659 2973 illorum
1686 2945 1807 2973 aetate

1019 2991 1084 3024 uit.

995 2992 1019 3033 f
1047 3035 1124 3069 451.
1158 3039 1262 3073 Quam
1311 3036 1406 3066 iuxta
1448 3038 1483 3064 ut
1528 3034 1670 3070 primum
1719 3034 1805 3064 stetit

1466 3079 1531 3123 19

1271 2655 1401 2688 Didoni
1426 2654 1568 2687 Aeneas
1595 2651 1721 2686 obvius
1754 2652 1803 2687 fit.
