2023 3350
703 87 944 120 AENEIDOS

106 204 350 246 Poenarum
386 202 647 245 exhaustum
683 201 790 243 satis
831 204 916 253 est3

978 88 1065 120 Lm.
1095 88 1156 120 ix.
1681 87 1763 127 453

957 201 1027 242 via
1063 201 1182 243 facta
1219 215 1296 255 per
1333 200 1490 243 hostes.

107 262 248 304 Multa
287 262 426 303 virum
463 259 604 302 solido
643 263 825 312 argento
861 259 1058 312 perfecta
1095 259 1347 312 relinquunt

106 319 325 373 Armaque
366 321 646 371 craterasque
686 317 814 358 simul
851 317 1141 371 pulchrosque
1181 320 1365 370 tapetas.

1576 326 1634 386 ff

106 377 320 431 Euryalus
359 375 564 429 phaleras
603 374 857 416 Rhamnetis
894 378 937 416 et
974 388 1108 416 aurea
1143 373 1274 416 bullis

107 434 310 487 Cingula,
349 433 519 474 Tiburti
561 433 742 475 Remulo
782 432 1022 474 ditissimus
1060 432 1163 473 olim

1677 429 1761 469 360

105 492 226 543 Quae
262 491 398 532 mittit
438 491 572 542 (lona,
612 490 803 544 hospitio
840 505 969 544 quum
1000 491 1197 543 iungeret
1234 488 1400 539 absens,

107 549 338 600 Caedicus3
376 548 449 590 ille
491 562 567 589 suo
606 548 793 590 moriens
834 547 911 589 dat
948 547 1109 589 habere
1152 546 1323 600 nepoti3

103 607 207 649 Post
244 609 430 648 mortem
470 605 584 648 bello
622 606 772 649 Rutuli
808 619 1040 660 pugnaque
1077 605 1229 660 potiti:

148 746 226 777 356.
259 745 375 777 Poena
411 748 530 778 dicitur
569 749 601 778 in
634 751 732 778 caede
772 749 914 777 hostium

101 794 151 824 sic
175 793 214 832 2,
251 792 328 823 366.
354 792 392 831 8,
418 791 599 834 5375ζ10,
622 793 699 824 617.
740 795 807 824 Cic.
842 795 912 823 Mil.

105 837 221 869 Sitent
281 837 379 881 leges
450 837 542 869 inter
603 848 704 869 orma
759 849 821 869 nec
878 848 912 868 se

100 883 299 924 exspectari
325 884 456 921 iubent,
483 894 585 925 quum
614 884 655 918 ei.
683 883 743 925 qni
768 892 910 923 exspec-

101 933 179 962 tare
208 929 306 968 velit,
347 934 430 960 ante
462 929 598 960 iniusta
628 939 742 969 poena
779 929 911 960 luenda

101 974 164 1015 sit,
191 985 297 1016 quum
327 974 422 1006 iusta
448 975 654 1014 repetendo.

151 1020 229 1051 357.
256 1023 361 1057 Quum
387 1024 509 1052 multas
537 1030 590 1051 res
617 1023 780 1058 pretiosas
809 1022 911 1052 relin—

103 1072 221 1106 quant,
246 1077 347 1097 unuln
371 1073 478 1098 tamen
503 1068 663 1098 factorum
687 1070 818 1105 signum
845 1068 911 1097 sibi

103 1122 279 1150 superesse
300 1115 387 1149 cupit
410 1116 588 1150 Euryalus

147 1158 225 1189 359.
256 1157 429 1189 Phaleras
469 1168 543 1189 esse
575 1168 730 1194 equorum
763 1159 909 1188 vidimus

104 1205 135 1235 5.
166 1204 242 1234 310.
292 1207 452 1234 Phaleras
473 1210 581 1234 autem
600 1214 663 1234 non
683 1206 792 1234 minus
811 1212 908 1239 quani

103 1255 233 1286 torques
265 1256 294 1280 et
320 1252 471 1280 armillas
501 1252 607 1280 fuisse
629 1251 713 1279 inter
737 1252 820 1279 (lotia
847 1251 909 1279 mi—

102 1298 214 1326 litaria
240 1298 326 1332 apud
352 1291 519 1326 'Romanos
548 1297 634 1326 satis
660 1300 796 1326 constat.
847 1297 906 1324 Sil.

101 1340 162 1380 15,
202 1341 266 1371 255
311 1339 471 1371 Phaleris
506 1339 561 1371 hic
600 1344 739 1380 pectore
771 1339 908 1381 fulget,

99 1385 155 1418 hic
196 1391 318 1428 torque
360 1390 490 1417 aurato
539 1384 733 1416 circumdat
781 1384 907 1415 bellica

103 1431 208 1463 colla.
258 1434 305 1463 Cf.
332 1435 418 1463 Suet.
445 1435 511 1463 Oct.
538 1431 592 1461 25.
641 1435 677 1461 Et
704 1433 761 1461 ille
780 1434 816 1460 1..
837 1433 907 1461 Sic-

99 1480 174 1509 cius
204 1481 363 1508 Dentatus
389 1479 519 1509 coronis
550 1482 597 1508 est
624 1480 763 1507 donatus
796 1478 907 1507 aureis

100 1529 186 1562 octo,
228 1526 396 1560 torquibus
435 1523 497 1560 83,
546 1525 689 1553 armillis
721 1526 796 1560 plus
832 1522 906 1556 1611,

100 1572 206 1600 hastis
232 1570 290 1605 t&
316 1571 459 1606 phaleris
476 1571 550 1599 item
574 1572 711 1599 donatus
737 1574 783 1598 est
810 1571 906 1604 quin-

98 1616 191 1652 quies
228 1617 396 1652 violesque
444 1618 525 1645 Gell.
571 1614 609 1653 2,
657 1614 709 1644 tt.
754 1617 906 1644 Phaleris

99 1663 224 1698 equites
258 1664 417 1692 donantur
447 1663 522 1691 Liv.
554 1660 613 1698 39,
648 1659 702 1690 31.
728 1677 766 1681 —-
795 1669 904 1690 aurea

97 1705 249 1748 cingula
277 1706 382 1737 bullis
405 1708 444 1738 cf.
471 1706 511 1745 7,
545 1706 621 1736 453.
650 1723 688 1727 —
717 1709 765 1736 De
791 1708 906 1743 cingu-

97 1754 144 1783 lis
168 1754 208 1783 cf.
234 1752 293 1791 12,
320 1751 398 1782 942.

145 1797 222 1828 361.
249 1797 357 1828 mittit
391 1799 431 1829 cf.
465 1796 502 1833 4,
545 1796 621 1827 228.
654 1813 692 1818 —-
728 1795 904 1835 hospitio:

99 1845 330 1884 „Consuetudo
360 1849 428 1874 erat
460 1846 547 1879 apud
571 1845 730 1880 maiores,
764 1847 796 1872 ut
822 1844 904 1872 inter

98 1900 134 1921 se
166 1891 313 1920 homines
340 1891 474 1927 hospitii
502 1891 576 1919 iura
604 1890 727 1918 mutuis
761 1889 904 1918 muneri-

99 1940 161 1966 bus
184 1939 392 1974 copularent,
417 1938 473 1966 vel
497 1936 531 1964 in
556 1936 737 1971 praesenti,
766 1937 820 1964 vel
849 1943 903 1969 per

99 1981 350 2012 internu11ti0S.‘⁴
377 1985 409 2011 S.
458 1984 505 2011 Ea
539 1986 664 2010 tessera
694 1981 903 2016 hospitalita-

99 2029 143 2058 tis
158 2031 355 2058 servabatur
372 2028 578 2064 posterisque
590 2029 786 2056 tradebatur.
828 2029 903 2055 0111-

99 2075 176 2103 nino
204 2075 380 2109 hospitium
411 2076 559 2103 tuebatur
588 2074 732 2108 Iuppiter
757 2073 902 2107 hospita-

96 2121 152 2158 liS,
174 2124 204 2149 et
228 2121 407 2156 hospitium
431 2120 546 2149 fallere
570 2119 748 2154 pessimum
774 2119 902 2148 facinus

99 2169 282 2202 putabatur.

145 2210 222 2240 362.
249 2213 430 2249 „Remulus
459 2211 602 2240 moriens
628 2211 735 2246 nepoti
761 2219 821 2239 suo
848 2218 902 2239 co-

100 2258 247 2295 gnomini
279 2261 360 2288 haec
388 2258 534 2294 reliquit,
568 2257 622 2292 qui
653 2262 764 2292 postea
794 2257 903 2285 victus

101 2312 122 2333 a
144 2304 277 2333 Rutulis
298 2308 345 2334 est
371 2308 399 2333 et
426 2304 573 2339 occisus3
600 2307 671 2338 post
698 2304 793 2332 cuius
817 2311 902 2332 mor-

99 2353 162 2379 tem
201 2351 287 2385 apud
322 2351 535 2379 Rhamnetem
570 2350 729 2378 Rutulum
767 2351 807 2378 ab
837 2351 902 2377 Eu—

100 2397 196 2432 ryalo
230 2398 312 2425 haec
345 2400 473 2431 reperta
509 2400 583 2424 sunt
618 2402 763 2424 munera.
811 2395 902 2429 Quod

97 2447 206 2471 autem
235 2441 318 2470 dixit
350 2438 488 2470 Tiburti
511 2442 665 2478 Remulo,
699 2445 754 2471 aut
786 2441 902 2469 Tibur-

99 2489 166 2517 tino
190 2487 422 2523 intelligimus,
454 2489 514 2516 hoc
547 2491 594 2515 est
627 2489 665 2516 de
694 2488 830 2523 Tibure,
868 2490 902 2515 ut

98 2534 140 2563 sit
180 2533 312 2562 dativus
353 2535 394 2561 ab
427 2533 629 2567 appellativo
671 2534 808 2561 veniens
847 2529 902 2560 11ἱο

103 2576 247 2614 Tiburs,
280 2581 335 2608 aut
368 2575 505 2607 Tiburti
527 2581 586 2607 hoc
610 2582 658 2607 est
678 2579 743 2608 filio
766 2578 902 2615 Tiburti,

99 2629 135 2654 ut
171 2626 215 2654 sit
247 2624 373 2653 Tiburti
411 2624 550 2653 Remulo
592 2624 676 2653 sicut
723 2620 903 2661 Deiphobe

103 2668 234 2699 Glauci
259 2670 320 2705 (cs.
342 2668 372 2707 3,
397 2667 507 2705 3190.
534 2685 572 2689 —
599 2667 731 2707 nepoti,
752 2671 903 2707 Remulo,

98 2724 194 2752 11110111
231 2723 332 2752 supra
368 2723 432 2745 avo
474 2715 696 2752 cognominem
746 2715 901 2744 diximus.

100 2761 214 2798 [Adde
248 2762 286 2797 5,
332 2759 432 2797 564.)
482 2763 564 2790 Nam
601 2761 750 2795 quotiens
791 2765 901 2796 aperte

98 2817 163 2837 non
187 2809 316 2844 ponitur
340 2815 457 2837 nomen
479 2807 539 2836 filii
563 2808 619 2835 vel
650 2807 793 2843 nepotis,
824 2815 899 2843 cog-

98 2854 261 2883 nominem
291 2862 364 2883 eum
394 2861 467 2883 esse
500 2852 718 2888 intelligimus
749 2859 813 2881 avo
845 2853 900 2881 vel

99 2900 202 2937 patri,
231 2908 369 2936 quorum
399 2907 517 2929 nomen
542 2902 652 2934 aperte
679 2897 820 2933 positum
850 2899 902 2927 in-

67 2983 71 2987 ,
99 2944 285 2975 νο111111113.“
312 2948 344 2974 S.

146 2989 222 3020 363.
253 2989 336 3022 Post
381 2993 522 3022 mortem
569 2990 716 3029 „scilicet
760 2989 893 3019 Remuli

956 750 1133 778 secundum
1175 754 1275 783 supra
1317 747 1436 775 dictum
1483 751 1627 773 sensum.
1676 743 1759 770 Nam

956 796 1104 823 Donatus
1138 794 1213 823 dicit
1254 796 1323 828 post
1358 795 1491 820 mortem
1525 789 1597 817 Nisi
1633 791 1663 816 et
1693 789 1758 815 Eu-

955 841 1044 876 ryali
1070 841 1154 869 bello
1186 839 1277 874 potiti
1306 842 1380 866 sunt
1409 836 1541 867 Rutuli:
1583 835 1667 869 quod
1693 840 1759 861 11011

955 887 1112 922 procedit,
1173 886 1202 914 si
1250 885 1421 918 diligenter
1469 878 1657 910 adventas*
1712 879 1758 907 At

953 932 1014 961 etsi
1040 931 1150 961 omnia
1182 932 1411 964 interpretatus
1435 932 1483 956 est
1508 927 1579 961 ipse
1607 924 1757 960 Servius,

953 982 1049 1012 atque
1082 978 1144 1013 ita,
1186 981 1218 1005 ut
1251 974 1445 1004 satisfacere
1484 972 1651 1007 videatur,
1693 969 1758 998 sibi

953 1027 1060 1052 tamen
1086 1023 1152 1057 ipsi
1178 1030 1241 1050 non
1266 1020 1444 1052 satisfecit,
1470 1019 1527 1046 sed
1551 1016 1662 1045 statim
1685 1023 1756 1050 per-

953 1069 1014 1104 git:
1066 1070 1175 1103 „Sane
1210 1067 1377 1096 sciendum
1414 1066 1521 1093 locum
1556 1065 1643 1091 1111110
1683 1068 1757 1089 0330

952 1122 1051 1142 tinum
1084 1115 1121 1142 de
1157 1109 1196 1140 12
1231 1111 1366 1147 Virgilii
1399 1110 1474 1138 sive
1505 1117 1562 1143 per
1602 1111 1757 1136 naturam

953 1159 1116 1188 obscuris.
1154 1158 1229 1186 sive
1262 1156 1515 1192 insolubilibus,
1546 1154 1619 1182 sive
1647 1160 1757 1181 emen-

952 1205 1079 1233 dandis.
1105 1204 1179 1232 sive
1196 1203 1245 1232 sie
1266 1203 1401 1232 relictis.
1427 1206 1460 1229 ut
1481 1208 1503 1228 α
1527 1195 1653 1228 nobis
1678 1205 1757 1238 per

951 1246 1166 1279 historiae
1194 1257 1244 1276 an
1261 1246 1412 1286 siquae
1444 1242 1756 1285 ignorantiam

949 1296 1072 1330 liquide
1097 1303 1159 1323 non
1177 1295 1435 1328 intelligantur·
1483 1293 1519 1319 Et
1536 1291 1595 1320 aiii
1618 1290 1755 1324 antiqui,

951 1342 1074 1377 Asper,
1109 1343 1255 1369 Donatus
1282 1341 1319 1367 de
1346 1339 1410 1367 loci
1437 1341 1615 1372 queruntur
1639 1338 1755 1365 obscu-

950 1387 1054 1416 ritate.
1105 1388 1140 1415 Et
1178 1395 1218 1415 ex
1251 1384 1448 1414 novissimis
1479 1382 1655 1412 editoribus
1682 1383 1756 1416 plu-

950 1441 1002 1461 res
1025 1436 1114 1466 sunt,
1141 1432 1195 1466 qui
1214 1440 1244 1460 v.
1261 1429 1325 1458 363
1352 1432 1480 1458 deleant
1510 1425 1559 1456 ΡΙ.
1581 1425 1643 1455 Rb.
1666 1424 1754 1466 lfs'g.

951 1478 1027 1513 (qui
1053 1483 1159 1507 tamen
1185 1478 1219 1505 in
1240 1479 1287 1506 ed.
1308 1477 1431 1505 minore
1455 1483 1488 1503 v.
1513 1473 1685 1508 defendit).
1714 1487 1750 1492 —-

950 1526 1049 1553 Recte
1073 1525 1105 1552 hi
1131 1525 1243 1552 docent
1266 1531 1364 1551 versu
1389 1522 1510 1550 omisso
1530 1523 1661 1549 exstare
1677 1526 1754 1547 sen-

950 1571 1084 1599 tentiam
1126 1572 1257 1604 probam
1297 1571 1397 1597 hanc:
1449 1567 1610 1596 Caedicus
1657 1564 1755 1594 mittit

950 1618 1106 1651 phaleras
1147 1617 1301 1650 Remulo,
1339 1615 1500 1643 Remulus
1529 1611 1672 1642 moriens
1701 1612 1756 1639 dat

950 1663 1058 1697 nepoti
1083 1661 1145 1696 (ex
1163 1662 1240 1690 filia.
1265 1662 1388 1690 Rutulo
1412 1659 1515 1689 alicui
1532 1658 1565 1686 in
1588 1657 1755 1687 matrimo-

950 1708 1040 1736 nium
1066 1708 1160 1743 data,
1203 1707 1287 1742 tilio]
1320 1707 1377 1741 qui
1410 1709 1459 1734 est
1493 1706 1539 1741 is,
1579 1704 1634 1739 qui
1659 1705 1755 1731 babet

950 1761 1053 1783 nunc,
1095 1753 1274 1781 Rhamnes.
1324 1752 1375 1780 Ad
1410 1754 1497 1780 hanc
1533 1750 1753 1779 coniecturam

948 1799 1139 1827 firmandam
1164 1802 1306 1832 poterant
1335 1798 1433 1826 etiam
1456 1796 1588 1830 afferre,
1613 1795 1661 1823 310
1685 1795 1753 1822 bel-

949 1846 1015 1873 lum
1047 1845 1146 1876 1111111,
1192 1845 1274 1878 quod
1311 1843 1473 1872 Tiburtini
1507 1845 1535 1870 et
1568 1840 1684 1869 Rutuli
1719 1847 1751 1868 v.

949 1888 1012 1917 363
1041 1890 1188 1926 gessisse
1214 1890 1376 1922 dicuntur,
1400 1889 1455 1924 qni
1480 1891 1540 1916 hoc
1567 1888 1652 1915 bello
1677 1889 1755 1914 sunt

947 1936 1028 1965 socii
1052 1940 1080 1964 et
1103 1935 1212 1964 amici.
1239 1940 1267 1964 et
1292 1937 1375 1970 quod
1399 1927 1568 1970 praeterea
1589 1939 1753 1966 nusquam

947 1986 1160 2015 memoratur,
1189 1982 1287 2010 simul
1315 1989 1387 2010 cum
1421 1988 1521 2009 versu
1541 1986 1750 2007 evanescere.

947 2029 1079 2056 Addunt
1107 2032 1232 2062 autem,
1257 2035 1355 2062 quum
1381 2026 1507 2061 antiqui
1532 2026 1597 2054 iam
1625 2024 1752 2058 nepotis

948 2082 1063 2102 nomen
1097 2075 1254 2102 omissum
1280 2081 1354 2102 esse
1382 2073 1545 2106 viderent,
1587 2078 1691 2105 neque
1718 2070 1750 2097 in

947 2128 1017 2149 eain
1053 2121 1247 2148 sententiam
1272 2120 1467 2151 inciderent,
1502 2120 1649 2151 nepotem
1678 2123 1752 2144 esse

946 2167 1056 2201 ipsum
1080 2166 1311 2194 Rhamnetem.
1342 2164 1395 2199 [ut
1420 2165 1530 2197 Asper
1554 2166 1583 2191 et
1611 2161 1752 2190 Servius

947 2214 985 2240 de
1014 2212 1144 2240 nomine
1175 2212 1301 2246 nepotis
1327 2213 1506 2245 quaerunt,
1537 2209 1752 2236 Rhamnetem

946 2266 1010 2286 non
1052 2258 1258 2294 intelligunt]
1293 2256 1389 2285 facile
1422 2254 1568 2290 potuisse
1608 2253 1750 2286 aliquem

946 2304 1096 2339 perduci,
1130 2308 1163 2332 ut
1188 2304 1299 2338 aliquo
1325 2303 1415 2330 modo
1441 2302 1578 2336 probare
1602 2302 1751 2334 tentaret,

947 2350 1001 2385 qui
1031 2349 1151 2379 factum
1177 2353 1281 2385 esset,
1307 2352 1339 2376 ut
1371 2348 1409 2376 ad
1432 2348 1643 2375 Rhamnetem
1669 2346 1750 2379 pha-

946 2397 1035 2424 lerae
1059 2396 1283 2430 pervenirent:
1309 2401 1446 2428 eumque
1462 2399 1594 2421 versum
1615 2391 1655 2419 ad
1675 2398 1749 2418 ver-

947 2450 1006 2470 sus
1025 2439 1090 2469 450
1108 2440 1355 2469 similitudinem
1372 2438 1569 2468 confinxisse
1587 2436 1749 2465 arbitran-

946 2491 1006 2516 tur.
1056 2489 1143 2521 Iam,
1168 2490 1202 2515 ut
1228 2486 1295 2515 fere
1319 2487 1417 2518 solet,
1444 2480 1534 2512 bello
1553 2489 1750 2520 pugnaque

945 2530 1053 2573 potiti
1085 2533 1319 2561 abundantiam
1344 2532 1473 2560 monent
1496 2536 1570 2556 esse
1595 2528 1749 2555 intolera-

946 2579 1061 2616 bilem,
1085 2580 1164 2618 post
1187 2580 1328 2606 mortem
1356 2584 1421 2604 non
1437 2577 1555 2603 habere
1579 2581 1642 2608 quo
1667 2572 1748 2602 refe-

948 2629 1048 2653 ratur.
1098 2625 1160 2653 Sed
1189 2624 1268 2662 post
1299 2624 1442 2650 mortem
1472 2619 1654 2654 explicavit
1683 2619 1749 2647 iam

949 2670 1101 2707 ServiuS,
1147 2676 1252 2703 neque
1290 2670 1392 2702 potest
1437 2666 1533 2694 aliter
1576 2664 1749 2701 explicari,

948 2723 1046 2751 quam
1072 2716 1130 2743 ille
1152 2714 1246 2750 fecit,
1271 2717 1304 2742 111
1325 2712 1512 2748 ambiguum
1537 2718 1601 2739 non
1623 2710 1666 2738 sit
1689 2713 1749 2739 ha-

947 2763 1103 2798 bendum,
1127 2760 1210 2794 quod
1234 2767 1299 2788 uno
1323 2762 1447 2787 tantum
1465 2757 1558 2785 modo
1582 2759 1668 2785 recte
1689 2764 1748 2785 ex-

948 2808 1097 2843 plicatur.
1148 2806 1237 2840 Quae
1259 2808 1367 2833 autem
1392 2807 1439 2832 est
1462 2802 1673 2837 abundantia,
1697 2803 1749 2830 in-

948 2854 1081 2882 venitur
1105 2852 1171 2880 iam
1197 2859 1230 2880 v.
1261 2848 1346 2885 450,
1384 2858 1426 2878 ex
1455 2857 1518 2883 quo
1545 2848 1599 2877 hic
1629 2855 1749 2876 versus

949 2899 1066 2928 dicitur
1091 2900 1231 2926 haustus
1264 2903 1355 2931 esse;
1388 2894 1504 2930 quodsi
1532 2893 1666 2923 ferimus
1690 2893 1748 2922 illo

948 2946 1020 2974 loco
1045 2947 1080 2973 ut
1102 2943 1215 2972 multis
1243 2942 1340 2977 aliis,
1364 2941 1541 2976 poterimus
1565 2939 1663 2968 etiam
1688 2942 1749 2968 hoc

949 2992 1021 3021 loco
1045 2991 1193 3019 tolerare.
1241 2988 1364 3017 Deinde
1384 2994 1482 3022 quum
1499 2986 1565 3015 iam
1586 2985 1640 3014 illi
1663 2985 1748 3014 anti-
