2023 3350
764 116 1004 150 AENEIDOS
1030 118 1118 151 LIB.
1147 118 1189 150 V.

145 232 284 274 Fusus
314 231 493 273 humum
531 230 778 286 viridesque
817 245 946 285 super
980 230 1275 274 madefecerat
1311 230 1483 274 herbas.

148 290 232 332 Hic
268 290 433 332 iuvenis
468 291 556 332 iam
592 290 732 332 victor
765 304 897 332 ovans
930 289 1116 343 vestigia
1150 304 1300 344 presso

147 348 278 390 Haud
315 348 456 390 tenuit
490 347 683 390 titubata
722 349 836 400 solO,

882 348 958 390 sed
992 361 1155 402 pronus
1191 348 1235 389 in
1271 349 1366 403 ipso

149 406 349 449 Concidit
383 406 691 460 immundoque
730 406 830 449 fimo
869 420 1081 460 sacroque
1119 420 1285 447 cruore.

147 465 245 506 Non
277 467 425 506 tamen
464 465 664 519 Euryali,
706 479 793 507 non
826 465 899 507 ille
940 464 1101 506 oblitus
1139 478 1348 506 amorum.

147 523 260 564 Nam
295 536 389 564 sese
425 523 629 576 opposuit
660 523 776 565 Salio
818 537 895 577 per
931 522 1103 564 lubrica
1144 536 1346 577 surgens3

148 580 228 623 Ille
266 584 412 622 autem
448 581 589 635 spissa
621 582 756 623 iacuit
793 581 1014 623 revolutus
1057 594 1201 622 arena.

148 638 321 681 Emicat
356 639 588 693 Euryalus,
631 644 673 682 et
704 653 879 681 munere
913 640 1053 680 victor
1081 639 1210 681 amici

149 697 297 739 Prima
335 700 455 739 tenet
490 698 734 752 plausuque
770 698 890 740 volat
919 697 1181 751 fremituque
1218 695 1420 738 secundo.

149 755 256 797 Post
293 754 499 810 Helymus
535 755 651 798 subit
690 760 733 798 et
774 770 887 798 nunc
925 756 1058 797 tertia
1094 755 1242 809 palma
1276 755 1443 796 Diores.

150 813 233 855 Hic
269 816 410 855 totum
447 828 602 856 caveae
638 829 885 856 consessum
923 814 1110 867 ingentis
1150 817 1192 854 et
1230 826 1308 854 ora

1724 814 1807 853 340

147 872 295 914 Prima
334 876 510 926 patrum
550 873 716 927 magnis
756 872 898 915 Salius
936 870 1199 913 clamoribus
1238 870 1400 925 implet,

149 929 449 984 Ereptumque
489 930 588 972 dolo
630 930 755 973 reddi
790 930 873 973 sibi
911 930 1051 984 poscit
1086 929 1309 970 honorem.

149 988 335 1030 Tutatur
369 989 492 1031 favor
529 989 765 1044 Euryalum
803 989 1096 1042 lacrimaeque
1127 987 1312 1028 decorae

153 1046 332 1088 Gratior
370 1050 413 1088 et
450 1047 633 1101 pulch10
674 1047 845 1089 veniens
883 1047 928 1088 in
968 1058 1149 1099 corpore
1188 1045 1338 1086 virtus.

151 1104 342 1146 Adiuvat
375 1109 418 1147 et
451 1119 611 1160 magna
646 1105 893 1160 proclamat
930 1116 1035 1145 voce
1072 1103 1241 1152 Dim-,es

440 1163 629 1229 palmae,
676 1163 928 1215 frustraque
964 1160 1021 1203 ad
1055 1160 1251 1214 piaemia
1281 1158 1398 1201 venit

385 1221 421 1263 si
454 1222 584 1276 primi
622 1221 740 1263 Salio
779 1219 1020 1262 redduntur
1057 1218 1261 1260 honores.

687 1279 865 1329 Vestra,
908 1277 1070 1332 inquit,
1115 1289 1298 1318 munera
1334 1273 1456 1316 vobis

153 1162 235 1213 Qui
269 1162 403 1205 subiit

152 1220 335 1272 Ultima,

152 1279 262 1320 Tum
298 1283 425 1334 pater
453 1282 637 1322 Aeneas:

1727 1101 1809 1140 345

157 1336 288 1380 Certa
329 1342 521 1391 manent,
568 1337 710 1393 pue1i‚
751 1340 794 1378 et
828 1335 1019 1401 palmam
1056 1339 1202 1377 movet
1243 1333 1394 1377 ordine
1431 1344 1577 1374 nemo:

154 1395 225 1438 Me
261 1396 392 1438 liceat
425 1411 549 1438 casus
582 1395 779 1438 miserari
813 1394 997 1436 insontis
1034 1393 1174 1435 amici.

1729 1389 1812 1428 350

156 1454 226 1496 Sic
262 1453 379 1496 fatus
415 1459 586 1509 teigum
626 1453 801 1496 Gaetuli
837 1453 1023 1494 immane
1055 1451 1192 1493 leonis

154 1512 244 1555 Dat
281 1512 417 1566 Salio,
456 1514 570 1556 villis
607 1526 839 1556 onerosum
878 1515 1011 1566 atque
1047 1509 1265 1565 unguibus
1303 1506 1458 1550 aureis.

204 1674 279 1707 331.
313 1675 431 1708 Victor
457 1686 568 1708 ovans
592 1680 630 1709 cf.
663 1677 714 1714 10,
740 1676 816 1707 690.

204 1721 280 1753 332.
311 1721 493 1758 Timbatm
509 1726 718 1761 participium
739 1725 869 1761 perfecti
893 1724 966 1753 sive

161 1771 291 1805 passivi
318 1777 339 1799 a
363 1773 460 1800 verbo
491 1771 703 1801 intransitivo
729 1771 966 1805 significatione

160 1824 225 1844 non
262 1817 402 1851 passiva
438 1817 477 1847 cf.
512 1819 566 1847 Gr.
599 1820 620 1853 ς
659 1816 741 1851 176,
776 1816 806 1846 3.
868 1818 965 1852 Apud

159 1863 337 1897 Yirgilium
373 1867 445 1892 suut
483 1867 598 1893 cretus
635 1865 674 1894 cf.
711 1862 746 1898 4,
783 1861 856 1893 191.
907 1861 967 1891 de-

158 1910 279 1937 suetus
312 1906 348 1946 2,
374 1907 450 1937 509.
491 1907 522 1946 7,
551 1908 627 1939 693.
670 1907 825 1949 placitus
856 1907 887 1945 4,
913 1907 965 1937 38.

163 1952 287 1990 10,15.
331 1953 547 1995 praeteritus
574 1954 605 1991 8,
633 1955 710 1985 560.
753 1953 877 1995 fluxus
914 1954 964 1991 10,

159 1998 204 2029 88
232 1998 412 2037 (insuetus
435 1999 467 2037 8,
488 1999 564 2037 92).

210 2045 286 2076 333.
314 2047 374 2081 Qui
393 2055 425 2076 v.
447 2045 524 2084 333,
542 2045 606 2076 357
626 2048 703 2083 legit
722 2055 802 2076 naso
827 2047 963 2082 adunco,

161 2094 192 2122 is
223 2093 326 2122 nescit
359 2096 418 2123 hoc
451 2095 519 2123 1060
549 2094 728 2123 hilaritatis
762 2095 859 2128 plena
890 2100 964 2120 esse

162 2140 288 2175 omnia,
325 2147 409 2174 (111116
443 2140 477 2168 111
514 2148 548 2168 re
580 2141 668 2169 seria
702 2140 812 2173 inepta
845 2142 964 2173 essent,

161 2186 214 2216 hic
239 2186 412 2221 aptissima
439 2191 525 2215 suut.
575 2187 611 2214 Si
640 2186 714 2221 quis
747 2189 854 2214 autem
885 2186 965 2213 llaec

163 2233 294 2261 omnino
327 2232 462 2269 indigna
487 2233 680 2261 iudicaverit
713 2236 823 2267 poeta,
861 2230 964 2259 nescit

164 2278 331 2308 molliculo
369 2283 399 2308 et
434 2280 608 2309 delicatulo
642 2286 701 2307 suo
735 2278 843 2306 animo
876 2283 964 2306 com-

162 2326 359 2360 prehendere
401 2326 606 2360 antiquorum
646 2324 890 2359 simplicitatem
935 2326 965 2351 et

163 2371 373 2408 probitatem,
413 2371 468 2406 qui
499 2380 582 2407 quae
612 2370 699 2401 facta
731 2375 823 2399 erant
856 2368 965 2398 verbis

163 2423 306 2451 aequare
330 2425 393 2446 non
416 2418 621 2455 dubitabant,
656 2425 759 2452 neque
784 2417 889 2445 dicere
914 2415 966 2443 in-

163 2465 334 2491 honestum
368 2465 531 2492 habehant
565 2471 622 2499 ea,
660 2471 744 2498 quae
777 2462 865 2492 factu
903 2468 966 2489 non

164 2513 256 2537 crant
281 2509 399 2542 turpia.

212 2550 288 2582 334.
316 2551 377 2583 ille
409 2555 449 2583 cf.
488 2552 565 2584 457.
611 2571 650 2575 —
694 2561 866 2584 amorum.

166 2600 288 2636 plurali
313 2600 352 2630 cf.
379 2598 455 2629 359.

215 2644 290 2675 3:38.
324 2643 443 2675 Prima
468 2648 561 2675 tenet
593 2646 614 2674 i.
638 2654 664 2675 e.
693 2646 832 2681 primum
862 2646 971 2674 locum

164 2693 204 2722 cf.
235 2690 287 2729 10,
315 2689 390 2721 157.
420 2708 458 2712 —
487 2689 687 2730 plausuque
710 2688 864 2720 secundo
909 2692 974 2719 Fa-

167 2745 261 2768 vetur
290 2739 324 2767 111
357 2738 532 2768 certamine
560 2738 609 2773 ei,
651 2738 706 2772 (1111
743 2742 849 2767 aetate
875 2737 974 2767 mini-

167 2794 240 2815 mus
267 2788 325 2814 est.

216 2829 293 2859 3:39.
326 2828 451 2861 Palma
478 2830 549 2865 ipse
575 2829 692 2858 dicitur
716 2828 771 2863 qui
792 2828 891 2863 vicit;
924 2827 974 2856 sic

167 2880 203 2907 G.
228 2875 254 2912 1,
274 2875 315 2906 59
343 2873 486 2916 palmae
513 2872 682 2905 Eliadum
709 2882 878 2913 equarum
899 2877 976 2903 511111

169 2932 272 2959 61111116
313 2923 484 2957 victrices:
528 2921 575 2950 ita
618 2921 675 2949 Sil.
712 2917 773 2958 16,
808 2917 875 2947 502
920 2919 975 2948 ubi

168 2974 313 3000 nostrum
333 2970 481 2999 imitatus
500 2972 564 2998 est:
592 2969 623 2997 et
644 2964 747 2996 modo
764 2967 976 3006 postremus,

169 3025 261 3045 nunc
287 3013 410 3046 ordine
436 3011 542 3045 tertia
566 3010 703 3053 palma,
728 3016 759 3042 et
782 3009 858 3040 572.

217 3059 294 3091 34⁰.
333 3059 472 3092 Caveae
514 3061 598 3090 dixit
640 3061 680 3089 ad
728 3057 978 3089 similitudinem

922 2553 970 2582 De

1013 1677 1128 1706 theatri
1168 1680 1196 1706 61
1236 1673 1467 1711 amphitheatri
1503 1671 1653 1700 Romani.
1711 1671 1815 1700 ..Nam

1013 1731 1117 1753 cavea
1143 1728 1202 1754 est.
1228 1723 1282 1751 ubi
1309 1722 1450 1756 populus
1476 1722 1622 1753 spa-etat*
1649 1720 1680 1746 S.
1711 1718 1750 1745 ad
1784 1714 1815 1748 Β,

1015 1768 1091 1798 636.

1014 1824 1172 1846 consessu
1199 1814 1385 1848 distinguit:
1422 1816 1453 1840 ut
1477 1816 1645 1839 senatores
1669 1814 1696 1838 61
1725 1810 1816 1843 equi-

1015 1868 1062 1891 tes
1079 1870 1131 1898 1111.
1150 1863 1316 1890 Romanos
1338 1868 1357 1889 a
1383 1860 1500 1894 populo
1527 1856 1688 1891 segregati
1714 1860 1817 1891 erant,

1014 1914 1198 1945 spectantes
1225 1909 1264 1936 ad
1290 1907 1419 1942 podium
1446 1906 1517 1932 Iuv.
1542 1902 1572 1937 2,
1604 1900 1675 1931 147.

1059 1953 1136 1983 343.
1170 1951 1355 1983 Lacrimae
1381 1952 1489 1987 pueri,
1514 1958 1552 1978 ne
1580 1949 1643 1978 sibi
1672 1949 1818 1984 praemia

1011 2003 1212 2036 eriperentur
1241 1999 1398 2035 petentis,
1429 1994 1575 2025 decorae
1605 2001 1699 2030 sunt,
1734 1996 1818 2029 quod

1012 2048 1084 2077 eius
1126 2046 1316 2075 modestiam
1353 2045 1507 2079 produnt:
1557 2042 1654 2071 aliter
1691 2042 1816 2070 mores.

1011 2095 1049 2122 Ιιι
1078 2094 1190 2121 eadem
1216 2101 1250 2121 re
1279 2094 1356 2120 Stat.
1385 2091 1483 2118 Theb.
1508 2086 1537 2121 6,
1564 2086 1629 2116 623
1665 2085 1819 2117 Accessit

1011 2136 1239 2167 lacrimarum
1267 2133 1392 2177 gratia
1413 2134 1565 2172 formae,

1057 2181 1134 2212 344.
1161 2180 1305 2211 veniens
1340 2188 1514 2215 ..crescens
1557 2184 1589 2208 ut
1631 2182 1666 2208 G.
1708 2175 1744 2213 1,
1776 2176 1819 2206 54

1011 2227 1066 2258 hic
1079 2230 1228 2269 segetes,
1240 2225 1315 2256 illic
1329 2223 1473 2255 veniunt
1491 2221 1633 2258 felicius
1644 2222 1775 2252 uvae.“
1787 2226 1820 2253 S.

1060 2283 1136 2315 345.
1171 2282 1310 2317 Diores,
1344 2284 1399 2319 qui
1429 2283 1459 2311 si
1491 2282 1602 2310 Salius
1629 2282 1733 2311 victor
1759 2285 1820 2317 est,

1012 2337 1150 2369 quartus
1181 2335 1245 2364 651,
1288 2330 1425 2359 adiuvat
1450 2328 1588 2364 Euryali
1619 2336 1732 2362 preces
1763 2335 1821 2356 ne-

1013 2388 1074 2415 que
1098 2384 1207 2408 tamen
1234 2376 1393 2413 lacrymis
1419 2376 1476 2404 sed
1502 2376 1652 2403 clamore.

1061 2433 1138 2464 347.
1178 2430 1376 2463 redduntur
1420 2429 1475 2461 512
1546 2428 1660 2458 lVenn
1710 2437 1823 2470 gege-

1015 2480 1077 2512 ben
1112 2477 1271 2511 werden.
1319 2477 1364 2508 ist
1398 2487 1440 2507 zu
1482 2475 1561 2516 spat
1600 2473 1822 2516 gckommen.

1016 2529 1113 2557 Ratio
1151 2526 1280 2556 dicendi
1314 2524 1575 2560 simplicissima.
1625 2518 1824 2551 reddantur

1016 2571 1115 2604 MtR.
1160 2570 1354 2602 reddentur
1372 2572 1409 2599 P.
1434 2572 1521 2606 prob.
1555 2565 1614 2597 Hb.

1066 2629 1141 2659 350.
1168 2625 1331 2658 miserari
1355 2629 1398 2656 M.
1426 2632 1455 2656 et
1479 2627 1609 2655 illatum
1635 2626 1668 2654 in
1683 2627 1720 2654 P.
1734 2627 1823 2661 prob.

1027 2675 1114 2716 Wg.
1153 2671 1312 2704 misereri
1342 2671 1405 2704 ΠΙ).
1433 2675 1521 2709 prob.
1553 2668 1617 2700 Ld.
1647 2669 1710 2700 Rb.
1753 2670 1825 2700 Dif-

1019 2724 1115 2753 ficilis
1141 2723 1174 2751 in
1200 2722 1322 2750 talibus
1349 2722 1463 2755 rebus,
1500 2726 1583 2754 quae
1614 2725 1679 2746 una
1712 2718 1825 2747 littera

1019 2770 1182 2801 nituntur,
1223 2766 1380 2802 quaestio.
1453 2762 1517 2794 Ld.
1557 2766 1629 2794 vult
1668 2760 1827 2793 misereri

1019 2824 1094 2845 esse
1125 2814 1222 2843 factis
1248 2815 1384 2848 probare
1415 2812 1690 2848 misericordiam,
1721 2806 1825 2838 mise-

1020 2859 1096 2890 rari
1118 2861 1213 2890 dictis
1238 2863 1266 2887 et
1291 2866 1403 2887 sensu.

1069 2914 1146 2946 351.
1171 2916 1360 2946 Velleribus
1383 2918 1498 2944 heroes
1528 2913 1644 2943 vestiri
1678 2914 1828 2942 solebant

1021 2965 1199 2995 bestiarum
1223 2962 1387 2991 ferocium.
1422 2961 1470 2990 Cf.
1490 2958 1545 2990 37.
1593 2961 1746 2989 Praestat
1766 2966 1827 2988 au-

1022 3015 1086 3040 tem
1114 3011 1226 3038 vellus
1252 3008 1363 3037 densis
1395 3007 1511 3044 villis,
1552 3007 1636 3041 quod
1668 3007 1829 3034 ornabant

1023 3056 1190 3093 unguibus
1215 3054 1352 3092 auratis,
1377 3058 1412 3084 ut
1435 3052 1467 3092 8,
1492 3050 1570 3082 553.

1157 1770 1235 1798 Inde
1275 1771 1334 1797 hoc
1376 1768 1445 1795 loco
1486 1770 1595 1800 patres
1634 1772 1655 1792 a
1692 1770 1816 1791 caveae
1870 1795 1874 1798 ,
