2023 3350
283 159 336 196 74

281 269 430 311 Fatale
464 267 654 321 adgressi
692 270 861 307 sacrato
896 265 1079 306 avellere
1109 266 1269 320 templo

842 154 878 185 P.
905 152 1100 185 VIRGILII
1125 152 1332 187 MARONIS

1823 265 1902 304 165

281 325 538 376 Palladium,
577 323 710 365 caesis
744 335 933 363 summae
964 321 1211 364 custodibus
1243 324 1365 374 arcis,

284 384 537 436 Corripuere
573 394 741 423 sacram
779 379 978 432 effigiem,
1021 379 1301 433 manibusque
1343 380 1528 422 cruentis

283 441 505 493 Virgineas
544 439 637 479 31151
676 438 798 478 divae
833 437 1077 489 contingere
1114 437 1259 478 vittas:

281 499 347 539 Ex
381 497 455 538 illo
495 496 624 537 fluere
660 509 709 535 ac
748 498 865 535 retro
905 494 1107 548 sublapsa
1140 493 1292 536 referri

282 556 385 608 Spes
425 555 640 602 Danaum,
685 551 850 593 fractae
892 552 1017 602 vires,
1066 565 1216 593 aversa
1255 552 1359 593 deae
1397 565 1526 592 mens.

1824 550 1905 588 170

282 613 369 654 Nec
402 611 540 652 dubiis
581 623 630 650 ea
664 609 786 662 signa
826 608 944 650 dedit
975 608 1168 650 Tritonia
1199 609 1412 651 monstris.

281 670 363 711 Vix
396 669 582 722 positum
619 667 771 708 castris
808 666 1101 708 simulacrum:
1143 681 1287 708 arsere
1321 678 1522 707 coruscae

280 726 526 768 Luminibus
562 724 759 766 flammae
796 725 997 776 arrectis,
1042 724 1261 778 salsusque
1295 738 1371 777 per
1406 726 1526 763 artus

282 784 421 826 Sudor
458 783 528 833 iit,
571 786 722 835 terque
757 783 851 835 ipsa
889 782 979 823 solo
1018 808 1073 812 —
1108 781 1304 822 mirabile
1340 780 1457 821 dictu
1491 804 1548 809 -—

280 841 484 891 Emicuit,
524 854 804 893 parmamque
833 839 972 881 ferens
1009 840 1264 892 hastamque
1297 840 1560 879 trementem.

1825 836 1904 874 175

282 898 508 951 Extemplo
538 897 745 939 tentanda
782 897 884 951 fuga
920 897 1035 938 canit
1067 910 1259 951 aequora
1301 895 1492 945 CalchaS,

281 1068 311 1092 et
334 1064 469 1099 pignora
492 1063 695 1097 reipublicae.
732 1063 842 1091 Simile
866 1067 914 1091 est
935 1070 953 1090 a
978 1067 1069 1096 poeta

282 1110 399 1139 factum
423 1109 457 1137 in
481 1108 627 1137 Ascanio
652 1113 679 1136 et
709 1109 812 1136 Silvio
838 1108 876 1137 cf.
904 1106 933 1142 6,
954 1106 1028 1136 763.

334 1163 403 1194 165.
430 1165 528 1193 Nefas
553 1169 600 1194 est
628 1165 660 1192 in
688 1173 734 1197 eo,
755 1166 836 1199 quod
861 1166 1069 1194 simulacrum

282 1212 437 1246 eripiunt.
463 1212 570 1239 nefas.
598 1212 679 1245 quod
702 1210 733 1238 in
759 1211 828 1245 ipso
854 1213 970 1245 templo
997 1218 1067 1239 cae-

282 1259 352 1286 dem
381 1259 494 1291 61111111,
533 1256 641 1286 nefas.
676 1257 757 1291 1111011
787 1258 935 1285 manibus
958 1265 1068 1285 cruore

283 1303 448 1337 adspersis
473 1310 567 1331 sacra
591 1303 775 1338 contingunt
799 1302 837 1331 cf.
861 1300 942 1339 719,
969 1302 1069 1334 nefas.

281 1350 364 1383 quod
397 1349 495 1377 vittas
526 1348 664 1384 virginis
699 1352 728 1376 et
759 1349 835 1376 deae
867 1352 1069 1377 contrectant.

282 1395 454 1423 Mulierum
478 1398 583 1422 autem
613 1394 713 1422 vittae
746 1394 896 1429 „insigne
921 1392 1071 1428 pudoris*

282 1443 488 1468 habebantur.
538 1441 596 1468 Ov.
621 1440 662 1467 A.
686 1440 726 1467 A.
755 1438 782 1475 1,
807 1438 857 1467 31.
887 1440 975 1467 Rem.
996 1436 1069 1467 386.

282 1488 354 1515 Met.
383 1483 410 1523 1,
434 1483 510 1513 477.

332 1544 402 1576 169.
435 1544 558 1576 Fluere
581 1552 629 1576 est
650 1543 771 1582 dilabi,
796 1550 829 1574 ut
855 1547 919 1574 Cic.
941 1548 1025 1574 Orat.
1043 1543 1072 1574 31

289 1591 410 1622 Cetera
436 1590 552 1628 nasci,
579 1589 747 1627 occidere,
768 1590 897 1629 fluere,
918 1589 988 1620 labi
1013 1599 1074 1619 nec

281 1636 414 1667 {liutius
440 1646 510 1666 esse
538 1647 605 1666 uno
637 1635 820 1676 eodemque
846 1639 953 1666 statu.
1004 1638 1071 1665 Fin.

281 1683 310 1719 2,
339 1683 381 1712 32
419 1681 511 1712 Fluit
540 1681 700 1722 voluptas
725 1681 876 1721 corpori<
900 1685 930 1711 et
955 1680 1071 1722 prima

281 1737 436 1769 quaeque
473 1727 601 1758 [molat.
664 1730 739 1756 Inde
775 1733 822 1757 est
862 1726 993 1757 mutari
1036 1726 1071 1756 in

283 1773 436 1804 deterius
465 1780 496 1803 111
517 1776 590 1803 Liv.
611 1773 663 1810 27,
686 1772 737 1802 17.
775 1776 858 1802 Flor.
887 1773 917 1808 4,
943 1772 993 1809 12,
1019 1772 1070 1801 65.

283 1824 356 1849 sen.
385 1829 471 1850 cons.
505 1822 545 1849 ad
577 1823 675 1849 Marc.
702 1817 755 1848 21.
800 1817 979 1848 Labuntur
1009 1816 1072 1847 hu-

282 1875 386 1894 mana
413 1875 453 1894 ac
469 1864 601 1904 fluunt.
648 1866 761 1894 Manil.
792 1863 824 1892 2.
852 1863 917 1892 807
956 1861 1072 1892 Disso-

283 1910 375 1940 ciuta
408 1910 502 1949 fluat
542 1909 690 1940 resoluto
728 1907 889 1939 machina
936 1907 1074 1938 mundo.

283 1960 359 1986 Inde
384 1958 532 1986 dicuntur
565 1965 618 1986 res
639 1955 764 1995 sturae
797 1956 835 1984 cf.
865 1953 915 1985 10.
942 1953 994 1983 88.
1033 1970 1070 1974 -

288 2001 392 2031 Retro
426 1999 590 2041 sublapsa
626 1999 750 2039 referri
780 2001 851 2029 item
885 2003 919 2029 G.
947 1998 977 2034 1,
997 1998 1072 2028 200.

285 2049 401 2077 dictum
439 2053 599 2082 tamquam
645 2049 682 2075 de
727 2048 810 2075 mole
856 2047 887 2074 in
937 2051 1072 2075 montem

284 2099 397 2122 evecta
421 2098 448 2121 et
473 2096 512 2121 ab
538 2102 573 2121 eo
599 2098 787 2122 recurrente.
837 2094 943 2120 Solent
967 2096 1072 2120 autem

283 2140 455 2174 scriptores
479 2144 511 2167 ut
537 2144 647 2167 ornent
672 2139 863 2170 orationem.
904 2138 1071 2172 participio

283 2188 416 2214 verbum
452 2185 541 2213 3111111
577 2185 684 2213 simile
717 2184 903 2219 significans
939 2184 1072 2211 subiun-

282 2239 371 2267 gere.
399 2231 451 2258 ubi
478 2230 637 2259 sufficeret
661 2232 795 2258 verbum
820 2230 1070 2261 substantivum:

284 2285 386 2311 neque
412 2284 533 2304 vanum
558 2278 616 2304 hoc
641 2284 713 2303 esse
740 2280 975 2306 ornamentum.
1000 2275 1072 2309 qui-

283 2323 336 2350 vis
358 2322 455 2351 videt.
480 2323 535 2349 sed
555 2321 667 2349 fortius
691 2329 757 2349 rem
781 2321 917 2356 exprimi
940 2325 992 2349 aut
1018 2328 1073 2348 ac-

283 2368 435 2397 curatius.
479 2367 524 2395 Cf.
548 2365 577 2403 1,
602 2365 642 2394 26
670 2368 784 2395 manet
808 2369 992 2406 repostum.
1043 2364 1073 2401 2,

282 2411 324 2442 64
348 2410 560 2448 circumfusa
587 2410 666 2440 ruit.
715 2412 745 2447 5,
765 2409 830 2439 864
855 2409 977 2439 classis
1003 2420 1072 2439 sco-

280 2456 381 2498 pulos
413 2456 560 2487 advecta
591 2455 738 2486 subibat.
787 2456 821 2493 6,
854 2455 917 2484 310
954 2453 1072 2495 Lapsa

282 2502 421 2533 cadunt.
468 2502 581 2541 fixum
621 2499 713 2532 sedet
752 2502 786 2539 4,
820 2500 871 2530 15.
925 2499 1074 2530 donatus

283 2547 354 2578 abit
381 2549 411 2584 5,
437 2548 512 2577 305.
549 2546 672 2588 pulsus
698 2546 770 2577 abit
801 2546 852 2583 ll,
877 2545 951 2575 366.
995 2544 1073 2586 pul-

284 2603 340 2623 sus
371 2592 460 2624 cedit
493 2593 527 2630 3,
560 2593 631 2622 121.
697 2593 876 2633 perfracta
911 2593 1073 2631 rumpunt

285 2638 341 2671 12.
370 2637 443 2668 614.
493 2643 550 2669 Ov.
585 2642 626 2668 M.
665 2638 704 2676 2,
736 2637 799 2667 453
844 2636 962 2666 labens
1002 2635 1073 2665 ibat

284 2682 389 2713 rinus.
444 2684 478 2721 3,
514 2683 577 2713 35¹8
617 2692 824 2725 egressaque
863 2681 960 2712 silvis
991 2680 1071 2711 ibat.

285 2731 374 2757 Alibi
418 2740 481 2759 rein
524 2732 729 2766 praecipuam
767 2731 874 2758 inesse
910 2731 1005 2758 verbo
1043 2732 1072 2756 et

287 2775 488 2809 participium
528 2779 638 2805 valere
677 2778 717 2805 ad
756 2784 827 2804 eam
870 2775 1071 2809 explendam,

285 2822 408 2848 doctum
433 2827 479 2849 est
503 2824 540 2849 ad
565 2821 594 2855 4,
614 2821 666 2850 22.
716 2823 802 2856 Quas
828 2821 968 2849 rationes
992 2828 1069 2848 non-

284 2874 448 2899 nunquam
472 2867 598 2896 difficile
623 2873 671 2897 est
698 2869 885 2897 discernere.

332 2925 406 2954 170.
426 2926 567 2964 fractae
602 2927 700 2958 vires.
762 2929 844 2957 Nudi
881 2927 1071 2955 nominativi

286 2973 417 3007 saepius
442 2973 487 3000 ita
509 2973 541 3000 in
568 2974 611 3001 rei
638 2975 778 3004 alicuius
804 2974 1014 3008 descriptione
1040 2977 1071 3000 ut

290 3019 316 3049 l.
341 3016 417 3046 639.
460 3015 491 3051 3,
518 3015 591 3046 216.
616 3017 690 3047 228.
716 3018 791 3048 593.
818 3015 893 3047 618.
938 3017 968 3054 4,
997 3016 1069 3046 131.

285 3066 394 3099 anue
429 3063 552 3092 dicendi
588 3064 725 3094 formula
759 3066 900 3101 iungitur
926 3071 1071 3093 nonnun-

1115 1069 1210 1097 quam
1234 1060 1390 1089 infinitivo
1416 1058 1568 1087 historico
1602 1061 1636 1086 ut
1665 1059 1695 1084 11.
1723 1057 1744 1084 l.
1776 1055 1822 1084 ita
1853 1052 1906 1082 97.

1116 1107 1145 1143 6,
1172 1105 1247 1135 557.
1307 1107 1385 1134 Sall.
1426 1106 1493 1140 Ing.
1536 1103 1589 1132 51.
1643 1103 1710 1132 Cic.
1747 1101 1838 1129 Verr.
1876 1099 1907 1137 4,

1116 1152 1168 1181 29.
1196 1155 1238 1181 al.

1162 1207 1237 1238 171.
1263 1205 1424 1238 monstris
1453 1207 1473 1235 i.
1504 1217 1529 1234 e.
1560 1205 1694 1234 ostentis
1726 1203 1764 1233 cf.
1789 1201 1827 1240 3,
1853 1200 1907 1231 26.

1164 1264 1238 1294 172.
1272 1263 1335 1294 Vis
1359 1265 1390 1292 in
1416 1264 1553 1299 protasi,
1585 1263 1677 1290 nulla
1701 1263 1851 1295 sequente
1875 1259 1908 1287 in

1117 1313 1250 1348 apodosi
1272 1312 1431 1345 particula
1456 1309 1493 1338 cf.
1522 1309 1552 1345 5,
1568 1305 1644 1336 857.
1669 1322 1706 1326 —
1735 1301 1907 1339 'Ii-itonia,

1124 1351 1369 1396 Τριτογένεια,
1408 1356 1490 1383 1111116
1522 1355 1606 1383 dicta
1638 1356 1723 1382 esset
1749 1352 1908 1386 Minerva,

1119 1405 1183 1432 iam
1207 1402 1331 1436 antiqui
1358 1402 1555 1437 ignorabant.
1594 1400 1761 1427 Deducuut
1784 1404 1805 1426 a
1829 1404 1908 1425 voce

1119 1442 1246 1487 τριτώ,
1285 1455 1366 1482 quae
1390 1446 1608 1475 Aeolensibus
1632 1448 1679 1473 est
1703 1446 1816 1478 caput3
1863 1442 1909 1470 ita

1120 1500 1153 1523 ut
1178 1494 1335 1530 significet
1359 1500 1445 1527 eam,
1477 1499 1558 1526 quae
1582 1499 1622 1519 ex
1648 1489 1752 1524 capite
1777 1487 1908 1523 (Iovis)

1121 1545 1189 1569 orta
1210 1541 1261 1568 sit.
1283 1546 1364 1573 quae
1385 1538 1496 1566 fabula
1518 1544 1538 1566 a
1560 1536 1738 1565 Stesichoro
1759 1533 1906 1569 [Olymp.

1120 1584 1195 1621 56.)
1219 1586 1355 1620 primum
1382 1585 1507 1618 prolata
1530 1587 1594 1617 est,
1628 1582 1784 1610 deducunt
1811 1579 1908 1608 etiam

1121 1639 1163 1668 ,.a
1188 1632 1330 1664 Tritone,
1366 1637 1458 1658 amne
1484 1628 1651 1663 Boeotiae,
1682 1629 1735 1655 aut
1760 1633 1781 1654 a
1804 1625 1907 1652 Trito-

1117 1679 1190 1706 nide
1216 1677 1331 1711 palude
1350 1675 1495 1712 Africae,
1522 1675 1614 1702 iuxta
1639 1679 1734 1707 quam
1759 1675 1836 1699 nata
1860 1670 1908 1698 di-

1118 1722 1231 1753 citur.“
1258 1724 1288 1750 S.

1166 1777 1240 1807 175.
1268 1774 1405 1806 emicuit
1427 1777 1447 1804 i.
1474 1785 1500 1804 e.
1528 1775 1680 1804 subsiluit
1712 1774 1750 1803 cf.
1775 1772 1806 1808 5,
1830 1769 1908 1801 319.

1117 1831 1346 1865 parmamque
1375 1821 1507 1858 ferens.
1573 1822 1660 1855 Quod
1698 1820 1814 1855 frigeat
1855 1814 1907 1846 Pl.

1120 1871 1249 1899 coniicit
1283 1876 1440 1908 parmam
1476 1864 1647 1906 quatiens.
1706 1862 1785 1893 Wd.
1824 1871 1910 1903 par—

1121 1923 1281 1955 mamque
1315 1911 1424 1950 ciens,
1466 1916 1568 1941 monet
1602 1916 1704 1940 tamen
1730 1911 1764 1938 in
1788 1909 1907 1938 talibus

1121 1964 1214 1990 rebus
1250 1968 1381 1989 sensum
1416 1967 1488 1987 esse
1526 1958 1664 1986 varium.
1707 1972 1744 1975 —
1791 1952 1907 1983 Hasta

1120 2005 1253 2042 tremit,
1292 2013 1389 2039 quum
1420 2012 1439 2033 a
1463 2005 1522 2032 dea
1544 2003 1749 2032 concutiatur.
1797 2002 1909 2035 Itaque

1120 2054 1222 2081 iratae
1256 2053 1332 2080 deae
1372 2051 1467 2086 signa
1500 2054 1573 2078 sunt
1606 2050 1699 2077 ardor
1733 2048 1907 2081 oculorum,

1120 2100 1230 2132 sudor,
1269 2101 1372 2126 motus
1401 2095 1578 2124 simulacri.
1606 2110 1644 2113 —
1672 2095 1719 2122 De
1742 2093 1906 2122 oculorum

1119 2145 1231 2172 ardore
1273 2144 1353 2171 iram
1395 2142 1555 2170 indicante
1591 2140 1629 2169 cf.
1657 2136 1732 2167 405.
1764 2153 1802 2157 —-
1839 2135 1908 2165 Su-

1121 2187 1223 2218 [laese
1258 2194 1363 2217 autem
1401 2187 1579 2215 simulacra
1613 2186 1742 2213 deorum
1777 2183 1908 2217 saepius

1120 2238 1326 2263 observatum
1349 2238 1394 2261 est
1421 2235 1460 2261 ab
1486 2231 1626 2265 antiquis
1650 2234 1679 2258 et
1697 2230 1778 2257 inter
1799 2229 1907 2257 omina

1120 2283 1221 2309 relata
1244 2288 1281 2308 ea
1301 2287 1362 2308 res.
1400 2278 1446 2306 Cf.
1474 2278 1538 2306 Cic.
1559 2276 1632 2304 Div.
1654 2273 1684 2310 2,
1705 2272 1756 2302 27.
1789 2276 1907 2303 Exem-

1120 2329 1174 2361 pla
1206 2325 1353 2361 collegit,
1390 2324 1418 2352 si
1449 2324 1524 2351 libet
1547 2329 1737 2357 cognoscere
1760 2320 1906 2348 Freinsh.

1120 2374 1159 2400 ad
1187 2373 1268 2399 Flor.
1297 2368 1334 2403 2,
1361 2367 1396 2402 8,
1423 2367 1451 2396 3.
1499 2369 1603 2396 Etiam
1625 2367 1705 2395 illud
1730 2373 1827 2400 saepe
1854 2374 1906 2394 re-

1119 2418 1226 2453 fertur,
1252 2420 1336 2444 mota
1357 2422 1429 2443 esse
1456 2415 1524 2442 loco
1553 2421 1610 2442 suo
1636 2413 1821 2441 simulacra.
1857 2411 1905 2439 Cf.

1119 2464 1211 2491 anr.
1234 2460 1260 2498 1,
1287 2459 1351 2488 556
1384 2457 1549 2498 Urbis-que
1574 2455 1723 2486 laborem
1753 2455 1909 2486 Testatos

1119 2505 1243 2536 sudore
1270 2503 1377 2535 Lares
1401 2502 1612 2543 delapsaque
1642 2500 1778 2542 templis
1806 2499 1909 2531 Dona

1119 2550 1201 2581 suis.
1242 2553 1302 2580 Sed
1325 2558 1483 2585 nusquam
1503 2554 1695 2579 memoratur
1714 2545 1828 2577 salsus
1852 2555 1909 2575 su-

1121 2596 1200 2632 dor,
1224 2603 1251 2626 et
1280 2594 1343 2626 Rb.
1373 2597 1458 2624 addit
1484 2604 1568 2632 „uon
1597 2593 1815 2630 displicuisset
1842 2593 1906 2621 for-

1118 2649 1206 2672 tasse
1225 2643 1333 2672 critico
1350 2642 1473 2674 servio.
1491 2642 1521 2670 si
1545 2641 1740 2670 meminisset
1756 2639 1906 2667 Sinonem

1120 2689 1403 2718 mendacissimum
1440 2692 1469 2715 et
1504 2686 1816 2721 impudentissimum
1849 2686 1907 2712 110-

1119 2736 1234 2763 minem
1270 2735 1349 2762 talia
1378 2738 1442 2761 tam
1476 2733 1586 2767 putida
1613 2728 1760 2767 fingere“.
1801 2729 1905 2764 Fingit

1119 2786 1147 2809 et
1181 2785 1274 2816 auget
1306 2783 1464 2811 monstra.
1503 2778 1614 2813 qualia
1644 2775 1775 2805 evenire
1799 2775 1907 2803 crede-

1118 2829 1242 2855 bantur.
1272 2841 1308 2845 —
1345 2821 1394 2853 Pl.
1421 2824 1502 2853 coni.
1529 2821 1642 2852 salsus
1666 2817 1785 2850 umor!

1168 2880 1237 2910 176.
1271 2878 1374 2910 Canit
1405 2885 1441 2909 ut
1467 2885 1579 2916 vateS,
1617 2878 1637 2906 i.
1676 2885 1702 2906 e.
1740 2877 1906 2912 praecipit.

1120 2943 1156 2947 ——
1182 2929 1316 2955 tentare
1349 2934 1501 2966 aequora
1533 2925 1571 2954 cf.
1600 2924 1666 2952 Ecl.
1699 2919 1737 2960 4,
1765 2921 1807 2951 32
1832 2924 1907 2952 ten-

1118 2975 1191 3002 tare
1236 2969 1367 3000 'Thetim
1415 2968 1560 3000 ratibus.
1611 2984 1648 2987 —
1693 2964 1908 3003 „Tentanda

1118 3025 1282 3057 aequora,
1307 3017 1335 3045 si
1360 3019 1414 3046 vel
1437 3016 1545 3052 fugere
1569 3014 1704 3052 possint,
1730 3018 1801 3049 post
1824 3013 1906 3042 iram

1118 3062 1307 3091 Minervae⁶⁶
1329 3064 1360 3090 S.

1978 134 1996 165 2.

1981 180 2002 210 ‘2'-

2001 560 2009 571 -·
2002 522 2015 547 ..²
1991 360 2015 508 τὼ
1986 400 1993 414 ‘⁴
1979 329 2015 385 ¹*ng
1988 280 2014 322 ᾖς’,
