2023 3350
233 119 312 157 178

796 110 831 142 P.
866 109 1061 142 VIRGILII
1096 109 1308 144 MARONIS

228 228 441 270 Venatum
477 226 643 266 Aeneas
681 235 851 275 unaque
890 221 1131 264 miserrima
1169 221 1282 263 Dido

229 286 277 326 Iu
319 296 466 324 nemus
505 283 567 322 ire
604 282 781 333 parant,
828 277 903 319 ubi
938 279 1101 331 primos
1138 278 1352 320 crastinus
1391 281 1512 320 ortus

232 340 448 382 Extulerit
484 338 611 379 Titan
642 336 865 388 radiisque
898 335 1105 376 retexerit
1141 335 1299 376 orbem.

230 398 308 438 His
347 409 424 449 ego
464 396 705 448 nigrantem
743 393 976 434 commixta
1014 392 1221 445 grandine
1257 391 1460 442 nimbum,

1797 390 1878 429 120

230 456 340 496 Dum
378 453 600 506 trepidant
636 451 731 492 alae
767 450 988 503 saltusque
1021 449 1224 502 indagine
1266 449 1453 502 cingunt,

230 512 426 563 Desuper
465 508 688 550 infundam
727 510 769 549 et
805 508 973 549 tonitru
1014 506 1180 547 caelum
1220 519 1344 547 omne
1385 506 1522 548 ciebo.

231 567 468 621 Diffugient
503 566 682 608 comites
721 568 764 606 et
800 568 928 606 nocte
966 567 1167 617 tegentur
1204 576 1360 615 opaca:

233 625 490 679 Speluncam
526 623 639 664 Dido
679 622 765 664 dux
803 626 845 664 et
885 622 1094 663 Troianus
1133 620 1312 662 eandem

231 682 477 724 Devenient.

538 680 699 732 Adero,
746 683 810 731 et,
852 683 929 721 tua
965 679 1002 720 si
1034 678 1140 719 mihi
1175 681 1293 718 certa
1330 675 1544 728 voluntas,

1797 675 1875 714 125

233 738 454 782 Connubio
495 738 670 791 iungam
708 737 854 779 stabili
888 736 1198 791 propriamque
1234 733 1402 775 dicabo.

233 797 314 838 Hic
351 796 621 850 Hymenaeus
662 795 754 836 erit.

815 795 912 836 Non
951 793 1181 835 adversata
1217 791 1381 846 petenti

234 854 413 905 Adnuit,
458 857 588 906 atque
623 852 731 894 dolis
767 851 866 893 risit
897 851 1112 905 Cytherea
1140 850 1335 904 repertis.

350 910 569 952 Oceanum
606 910 772 951 interea
808 923 986 962 surgens
1024 909 1195 949 Aurora
1233 905 1422 959 reliquit.

234 969 275 1010 It
309 969 448 1022 portis
483 968 634 1009 iubare
673 970 825 1008 exorto
868 966 1035 1008 delecta
1072 966 1292 1016 iuventus3

1800 961 1880 1000 130

239 1027 360 1068 Retia
395 1039 516 1076 rara,
563 1025 739 1078 plagae,
780 1023 869 1067 lato
910 1023 1123 1066 venabula
1160 1022 1276 1064 ferro

285 1152 357 1183 119.
390 1151 494 1183 Titan
521 1154 560 1183 cf.
588 1151 618 1190 6,
643 1151 720 1181 725.
753 1168 790 1172 -
824 1150 952 1181 Rodiis
982 1160 1034 1181 re-

238 1198 360 1230 tea-eric
401 1197 525 1228 orbem.
586 1200 672 1227 Idem
706 1198 744 1233 5,
781 1197 833 1227 65.
893 1199 933 1227 Ut
969 1207 1035 1227 nox

237 1242 393 1285 contegit
424 1249 557 1281 terram,
598 1245 646 1273 sic
669 1246 727 1273 lux
752 1248 779 1272 et
811 1246 862 1273 sol
893 1241 1033 1284 retegit.

238 1292 317 1320 Alia
343 1291 448 1327 imago
477 1298 528 1325 ap.
555 1292 613 1319 Ov.
630 1292 672 1318 M.
691 1288 722 1326 8,
741 1287 758 1317 1
785 1287 856 1318 iam
883 1287 1034 1318 nitidum

237 1338 416 1375 retegente
441 1333 530 1364 diem
562 1333 735 1372 Lucifero.

288 1379 360 1410 121.
387 1378 566 1420 trepidant
590 1378 670 1409 alae
700 1381 846 1415 „equites
878 1384 933 1409 etc.
983 1376 1036 1408 in-

239 1424 385 1467 dagine,
411 1427 552 1455 ferarum
577 1426 793 1460 inquisitione.
844 1422 1035 1465 trepidant,

239 1470 414 1502 festinant“
439 1473 470 1500 S.
503 1472 541 1501 cf.
573 1470 630 1508 10,
658 1469 734 1500 283.
773 1486 810 1490 -
845 1472 936 1499 Duae
963 1474 1037 1499 sunt

240 1517 321 1548 alae
350 1517 503 1547 vocabuli
534 1517 788 1553 explicationes,
828 1518 932 1545 altera
963 1518 1036 1544 Ser-

240 1565 298 1601 vii,
322 1565 436 1600 altera,
461 1570 559 1598 quam
582 1562 732 1598 Heynius
759 1562 937 1597 adoptavit,
963 1563 1037 1590 alas

241 1611 379 1638 innexas
406 1617 480 1637 esse
514 1609 654 1643 retibus,
689 1612 723 1636 ut
750 1611 889 1637 terreant
914 1607 1037 1636 bestias

240 1655 277 1684 cf.
311 1652 364 1691 12,
392 1652 458 1681 750
491 1661 650 1689 cervum,
682 1651 852 1692 puniceae
879 1656 1038 1692 saeptum

234 1697 430 1739 formidine
452 1706 601 1738 pennae.
650 1700 685 1726 G.
715 1697 744 1734 3,
770 1697 835 1726 372
867 1695 1039 1727 puniceae

241 1742 385 1786 agitant
434 1742 585 1784 pavidos
643 1743 799 1779 (cervos)
844 1740 1040 1780 formidine

238 1797 386 1831 pennae.
458 1791 528 1818 Hae
571 1796 695 1824 pennae
736 1789 895 1824 trepidant
941 1792 1038 1817 vento

241 1840 355 1865 motae.
397 1850 434 1854 —
474 1836 586 1870 Itaque
621 1835 688 1863 iam
725 1837 841 1871 plagae
879 1835 1039 1862 montibus

240 1882 475 1911 circumductae
509 1889 565 1910 eos
598 1880 745 1916 cingunt3
785 1881 829 1909 ita
866 1883 901 1908 ut
938 1880 1040 1914 possit

241 1927 307 1956 fieri
345 1926 488 1955 venandi
526 1926 665 1954 initium.
727 1926 762 1954 Si
799 1923 878 1953 alas
916 1926 1039 1960 equites

242 1972 472 2008 intelligimus,
508 1972 656 2000 videmus
682 1972 806 2005 equites
833 1974 1040 2005 properantes

242 2022 272 2047 et
318 2018 425 2053 plagis
469 2018 568 2046 colles
610 2017 813 2052 claudentes;
862 2023 962 2051 quare
1001 2017 1042 2044 ad

242 2063 435 2093 sementiam
471 2062 537 2090 fere
573 2063 614 2090 ad
658 2062 742 2090 idem
781 2062 869 2090 redit.
946 2062 1042 2096 Apud

243 2108 355 2143 (Tib.)
390 2106 425 2143 4,
456 2106 490 2144 3,
521 2105 540 2135 7
588 2105 763 2147 indagine
803 2105 908 2136 eolles
947 2104 1043 2135 clau—

243 2151 323 2183 dere
363 2153 478 2182 dicitur
516 2161 570 2187 pro
615 2150 744 2181 venari.
808 2153 889 2181 Rem
923 2153 1045 2181 dirimit

244 2201 337 2229 locus
361 2199 445 2235 Silii,
474 2198 527 2233 qui
553 2201 635 2227 hanc
657 2199 863 2227 venationem
891 2199 924 2226 in
949 2202 1039 2227 scuto

243 2244 439 2273 Hannibalis
465 2244 621 2278 depictam
647 2244 832 2273 describens
866 2247 946 2273 haec
979 2246 1039 2272 ha-

242 2293 295 2319 het
321 2292 383 2319 huc
414 2290 621 2324 pertinentia:
658 2288 839 2328 subitoque
873 2287 1040 2318 exterrita

241 2333 357 2364 nimbo
376 2333 552 2364 occultant
572 2332 653 2363 alae
676 2337 865 2364 venantum
897 2342 1042 2374 corpora

244 2378 344 2409 silvis
382 2378 419 2417 2,
453 2377 529 2408 419.
579 2381 684 2415 Quare
721 2381 851 2409 dubium
886 2388 949 2409 non
980 2383 1039 2417 est,

244 2427 322 2461 quin
344 2426 446 2454 Silius
467 2425 590 2460 equites
618 2426 823 2454 intellexerit.
873 2426 959 2454 Alae
984 2433 1039 2453 ve-

244 2472 391 2501 nantium
416 2478 550 2505 corpora
575 2478 638 2500 sua
661 2474 766 2507 tegunt
796 2471 905 2499 silvis.
954 2471 1040 2499 Alas

245 2517 307 2546 dici
332 2516 456 2552 equites
479 2516 518 2545 cf.
545 2514 596 2552 11,
623 2514 698 2544 604.

293 2560 368 2590 125.
395 2562 515 2590 Amore
540 2562 624 2590 enim
642 2562 753 2590 Venus
778 2561 926 2589 homines
953 2562 1042 2589 debet

246 2608 448 2643 coniungere.

294 2650 368 2681 126.
394 2653 482 2681 Idem
507 2660 537 2681 v.
558 2648 589 2689 1,
607 2649 659 2680 73.
692 2653 868 2687 Propterea
889 2651 961 2680 eiic.
990 2647 1041 2681 Pl.

250 2694 314 2726 Rb.
345 2695 407 2726 Ld.

293 2740 368 2770 127.
393 2739 612 2777 „adversata
639 2743 756 2779 legitur
780 2746 809 2771 et
841 2740 1042 2771 aversata.“

248 2789 279 2815 S.
307 2788 399 2820 idque
423 2792 470 2816 est
495 2788 529 2816 in
549 2789 605 2823 R.;
630 2788 737 2816 minus
760 2788 790 2816 id
812 2792 933 2823 aptum.

296 2830 368 2860 12³¹.
394 2830 472 2861 risit
511 2830 600 2861 dolis
641 2831 796 2872 repertis.
865 2833 1043 2862 Ablativus

248 2878 368 2906 indicat
396 2884 549 2907 caussam
573 2879 697 2907 ridendi
728 2878 766 2908 cf.
795 2879 869 2907 Hor.
898 2879 932 2908 C.
956 2877 985 2915 4,
1013 2877 1041 2915 1,

248 2921 290 2951 18
322 2920 438 2963 largis
462 2921 660 2952 muneribus
684 2921 800 2953 riserit
826 2922 976 2959 aemuli3
999 2924 1044 2953 ita

1082 1154 1161 1181 Iove
1193 1150 1228 1188 1,
1251 1147 1327 1179 261.
1380 1144 1542 1188 Repertis
1577 1146 1662 1175 enim
1692 1148 1795 1180 potest
1824 1153 1883 1174 ex-

1083 1198 1198 1233 plicari
1230 1202 1285 1226 aut
1320 1192 1489 1229 inventis,
1530 1188 1741 1232 excogitatis
1780 1201 1825 1222 sc.
1863 1198 1884 1220 a

1083 1246 1223 1279 Iunone,
1264 1246 1299 1271 ut
1328 1249 1379 1277 ap.
1412 1242 1487 1274 Nep.
1517 1240 1625 1267 Tliem.
1656 1234 1684 1266 1.
1724 1236 1883 1268 celeriter

1084 1298 1173 1329 quae
1200 1296 1285 1327 opus
1312 1288 1411 1316 erant
1437 1282 1652 1325 reperiebat‚·
1679 1287 1734 1312 aut
1762 1281 1882 1323 depre-

1083 1331 1216 1370 hensis,
1256 1338 1287 1362 ut
1318 1340 1370 1366 ap.
1395 1333 1454 1360 Ov.
1481 1331 1515 1358 F.
1543 1327 1579 1367 3,
1606 1326 1671 1356 846
1703 1327 1804 1364 furta
1830 1337 1883 1357 re-

1081 1382 1183 1420 perta
1215 1381 1365 1415 leguntur
1395 1382 1424 1406 et
1460 1377 1567 1405 Plaut.
1593 1376 1687 1403 Most.
1714 1373 1752 1412 5,
1783 1373 1812 1411 1,
1840 1371 1882 1402 62

1085 1423 1201 1454 omnia
1230 1422 1424 1461 malefacta
1463 1424 1579 1451 vestra
1610 1417 1725 1460 reperi
1753 1417 1885 1449 radici-

1086 1473 1160 1507 tus,
1189 1474 1218 1499 et
1241 1470 1353 1498 Claud.
1381 1469 1414 1497 in
1439 1470 1524 1497 Eutr.
1555 1465 1582 1504 1,
1606 1464 1650 1495 Ss
1672 1463 1807 1503 fraude
1831 1473 1884 1494 re—

1082 1518 1183 1556 perta
1215 1513 1362 1544 cautior.
1401 1516 1443 1543 al.
1498 1515 1566 1542 Hoc
1600 1515 1744 1547 praestat
1774 1511 1882 1549 etiam,

1085 1563 1168 1596 quod
1204 1561 1237 1589 in
1273 1558 1420 1600 repertis
1461 1560 1643 1589 subiectum
1677 1559 1767 1586 debet
1811 1565 1884 1586 esse

1084 1609 1196 1636 venus
1218 1606 1257 1635 cf.
1283 1608 1334 1635 Gr.
1360 1606 1381 1640 ,ξ’
1407 1602 1483 1634 448.

1091 1683 1307 1716 129—159.
1355 1681 1446 1714 Dido
1480 1685 1515 1714 et
1545 1680 1683 1713 Aeneas
1719 1683 1883 1712 venatum

1433 1731 1527 1759 eunt.

1136 1786 1208 1816 129.
1235 1789 1322 1816 Idem
1348 1796 1377 1816 v.
1402 1785 1451 1824 11,
1474 1785 1502 1814 1.
1552 1783 1692 1824 reliquit
1716 1783 1781 1814 Μ2.
1831 1792 1884 1812 re-

1088 1831 1216 1873 linquit
1244 1832 1337 1861 MlP.
1401 1833 1484 1861 Illud
1523 1832 1659 1868 melius,
1700 1832 1782 1867 quod
1817 1831 1883 1859 iam

1087 1880 1250 1908 Auroram
1276 1879 1450 1913 reliquisse
1475 1886 1608 1907 necesse
1639 1880 1688 1906 est
1719 1878 1883 1906 Oceanum

1088 1927 1161 1953 Sole
1186 1929 1306 1953 exorto.

1136 1968 1211 1998 130.
1242 1967 1347 1999 Iubar
1377 1974 1424 1998 est
1457 1970 1516 1998 lux
1546 1968 1718 2003 splendida
1743 1967 1885 1997 maxime

1088 2017 1272 2051 stellarum3
1296 2019 1330 2044 ut
1352 2017 1411 2044 Ov.
1427 2016 1469 2043 M.
1489 2012 1520 2052 7,
1536 2013 1600 2043 (563
1627 2011 1730 2042 iubar
1757 2020 1886 2042 aureus

1089 2060 1263 2091 extulerat
1295 2058 1374 2093 Son
1414 2064 1445 2089 et
1468 2057 1569 2089 iubar
1596 2064 1644 2089 est
1676 2061 1725 2088 sol
1755 2060 1814 2088 Ov.
1841 2060 1884 2087 M.

1090 2105 1142 2145 15,
1173 2104 1246 2136 187.

1136 2150 1212 2181 131.
1241 2149 1345 2181 Retia
1392 2159 1497 2180 rara.-
1552 2148 1672 2180 Rarus
1716 2150 1887 2185 opponitur

1089 2199 1208 2235 spisso,
1235 2198 1372 2227 conferto
1395 2198 1433 2226 cf.
1462 2195 1487 2235 Ι,
1514 2194 1589 2224 118.
1614 2194 1645 2234 8,
1671 2193 1725 2225 98.
1749 2194 1781 2230 9,
1811 2193 1883 2224 189.

1088 2242 1163 2272 508.
1205 2242 1254 2280 10,
1280 2240 1355 2271 122.
1394 2244 1487 2272 Caes.
1512 2243 1576 2270 BG.
1604 2242 1640 2279 5,
1665 2240 1704 2270 16
1731 2243 1769 2270 ut
1793 2249 1883 2271 nun-

1087 2298 1190 2329 quam
1217 2286 1382 2327 conserti,
1413 2286 1471 2316 sed
1499 2287 1574 2316 rari
1599 2284 1810 2329 magnisque
1834 2285 1888 2316 ἰπ-

1087 2331 1245 2364 tervallis
1277 2331 1551 2373 praeliarentur.
1600 2333 1666 2362 Cic.
1689 2333 1755 2361 ΝΒ.
1785 2330 1886 2370 2,55

1091 2377 1130 2408 In
1165 2377 1388 2419 pulmonibus
1423 2377 1512 2408 inest
1546 2378 1680 2408 raritas
1710 2377 1886 2418 quaedam.

1085 2427 1117 2453 et
1142 2422 1310 2453 assimilis
1330 2422 1490 2465 spongiis
1516 2422 1700 2454 mollitudo
1725 2421 1773 2452 ad
1798 2420 1886 2453 hau-

1087 2467 1245 2498 riendum
1273 2467 1445 2508 spiritum.
1496 2472 1574 2499 Inde
1598 2470 1739 2500 cribrum
1756 2474 1804 2498 est
1828 2477 1886 2498 ra-

1089 2523 1163 2544 rum
1194 2517 1252 2545 Ov.
1283 2518 1325 2543 M.
1359 2513 1415 2553 12,
1443 2514 1519 2544 437.
1566 2517 1644 2544 Inde
1679 2522 1818 2545 raresco
1854 2513 1886 2549 3,

1090 2558 1165 2589 411.
1204 2577 1241 2580 —
1285 2558 1443 2602 Plagae:
1471 2562 1641 2591 Sciendum
1664 2561 1793 2596 proprie
1813 2561 1885 2595 pla-

1089 2614 1148 2644 gas
1171 2607 1233 2636 dici
1257 2607 1353 2635 funes
1376 2607 1470 2645 illos,
1504 2608 1621 2642 quibus
1645 2607 1727 2636 retia
1749 2606 1884 2634 tendun-

1089 2657 1139 2681 tur
1169 2653 1256 2682 circa
1285 2653 1384 2681 imam
1415 2657 1446 2681 et
1477 2660 1638 2682 summam
1663 2649 1818 2687 partem.“
1849 2654 1882 2680 S.

1091 2713 1128 2717 —
1164 2695 1237 2727 lato
1263 2695 1437 2726 uenabula
1452 2698 1571 2735 ferro:
1604 2699 1650 2727 ita
1673 2699 1732 2726 Ov.
1753 2697 1827 2725 Her.
1855 2695 1885 2733 4,

1086 2741 1128 2772 83
1154 2740 1227 2773 lato
1251 2740 1426 2772 venabula
1447 2751 1571 2772 cornea
1589 2743 1699 2781 ferro.
1748 2743 1795 2771 De
1820 2745 1884 2771 abl.

1090 2789 1129 2818 cf.
1154 2787 1184 2824 9,
1206 2788 1259 2817 50.
1288 2805 1326 2809 --
1354 2790 1407 2817 Ad
1426 2786 1535 2825 retia,
1559 2793 1616 2818 etc.
1642 2792 1725 2817 recte
1749 2787 1885 2817 refertur

1089 2837 1212 2870 rutam,
1254 2843 1352 2870 quum
1383 2835 1406 2863 ii
1439 2838 1549 2871 ruant,
1593 2834 1648 2868 qui
1682 2837 1808 2868 portant
1844 2834 1883 2863 cf.

1090 2880 1164 2908 Hor.
1190 2882 1247 2914 Ep.
1275 2879 1310 2917 1,
1339 2880 1374 2917 6,
1406 2877 1445 2907 18
1481 2877 1540 2918 qui
1570 2886 1671 2907 mane
1703 2876 1883 2919 plagas,

1089 2923 1325 2962 venabula,
1347 2932 1462 2954 servos
1487 2921 1664 2963 differtum
1691 2922 1885 2953 transire

248 2968 325 2996 ridet
358 2969 470 2996 Venus
502 2969 584 2997 dolis
614 2970 748 2998 Iunonis
783 2970 919 3004 repertis
958 2969 978 2998 i.
1012 2978 1039 2998 e.
1084 2968 1203 3007 forum
1226 2978 1456 3010 campumque
1480 2967 1630 2998 iubebat.
1659 2966 1766 3001 Retia
1786 2973 1885 3007 „sub-

248 3014 474 3050 deprehensis,
511 3022 591 3048 quos
612 3023 717 3043 vanos
741 3015 807 3043 fore
836 3018 970 3044 noverat
999 3023 1041 3044 ex

1087 3016 1216 3044 auditur
1229 3017 1419 3056 portantur
1435 3018 1491 3043 aut
1513 3022 1650 3051 zeugma
1669 3019 1718 3044 est
1733 3012 1882 3045 ''unuh“
