2023 3350
694 74 931 108 AENEIDOS
962 76 1049 108 Lm.
1075 77 1137 109 lx.

91 189 271 231 Absenti
309 188 422 230 ferat
458 187 654 240 inferias,
692 187 952 241 decoretque
984 188 1194 242 sepulcro.

92 248 185 288 Neu
218 247 348 288 matri
388 245 570 287 miserae
608 245 722 286 tanti
758 245 839 286 sim
877 258 1032 286 caussa
1071 246 1245 297 doloris,

92 305 210 354 Quae
245 307 288 345 te
326 304 439 354 sola,
477 316 605 356 puer,
641 302 788 344 multis
820 316 842 345 e
881 303 1093 345 matribus
1134 317 1253 355 ausa,

90 361 371 414 Persequitur
381 395 390 413 ,

427 360 572 413 magni
611 373 689 401 1100
723 360 893 401 111οο1113
929 364 1053 401 curat
1096 361 1290 402 Acestae.

90 419 168 459 ille
208 421 373 459 autem:
434 416 617 459 Caussas
647 416 942 470 nequidquam
979 418 1114 459 nectis
1150 418 1311 470 inanes,

90 476 180 517 Nec
215 488 311 516 mea
347 475 435 515 iam
470 478 641 516 mutata
676 475 770 516 1000
810 475 1023 516 sententia
1061 475 1194 526 cedit;

580 532 743 585 Vigiles
778 532 904 573 simul
941 532 1114 574 excitat.

90 533 407 583 Acceleremus,
446 532 520 573 ait.

1656 478 1739 516 220

1174 532 1243 573 1111

90 589 350 639 Succedunt
390 592 648 643 servantque
687 590 818 641 vices3
859 590 1047 631 statione
1085 589 1239 631 1011013

91 648 188 701 Ipse
229 659 372 688 comes
405 647 509 688 Niso
550 646 763 700 giMaditm,
805 624 1034 701 legemque
1073 647 1311 699 requirunt.

205 703 360 745 Cetera
401 717 478 757 per
512 707 651 746 101135
691 717 835 746 01111105
880 704 1085 745 animalia
1123 718 1270 745 50111110

88 760 316 802 Laxabant
354 775 480 802 curas
517 765 559 802 et
593 761 726 803 corda
768 760 904 803 oblita
945 761 1162 803 laborum:
1656 765 1679 803 2
1715 783 1721 801 ι

771 819 941 860 (1010013
975 819 1184 869 iuventus,

576 877 697 930 regni
726 876 779 918 de
811 875 939 918 rebus
977 875 1209 926 habebant,

88 819 304 860 Ductores
341 818 549 860 Teucrum
579 820 729 872 primi,

89 876 326 917 Consilium
365 877 540 917 summis

1686 765 1708 804 10

1717 765 1737 803 „u

88 933 198 983 Quid
233 933 445 984 facerent,
480 934 629 987 quisve
665 934 835 975 Aeneae
870 933 957 974 iam
990 933 1165 974 nuntius
1199 935 1330 978 esset:

89 991 217 1032 Stant
257 990 398 1044 longis
437 991 585 1032 adnixi
620 991 758 1033 hastis
791 995 834 1033 et
870 993 994 1031 scuta
1021 994 1242 1065 1011011105,

90 1048 343 1089 Castrorum
384 1051 426 1089 et
465 1048 605 1102 campi
640 1048 794 1090 medio.

859 1047 966 1087 Tum
998 1061 1016 1088 1
1021 1048 1126 1088 isus
1165 1050 1208 1088 et
1245 1059 1333 1087 una
1654 1049 1738 1088 230

89 1105 303 1159 Euryalus
341 1105 569 1147 confestim
602 1106 768 1147 alacres
803 1104 1025 1145 admittier
1065 1107 1209 1154 orant;

87 1163 193 1204 Rem
221 1176 440 1216 magnam,
478 1163 753 1218 pretiumque
785 1174 933 1203 morae
968 1160 1073 1202 foie.

87 1328 217 1357 fortuna
253 1327 388 1356 diversa
423 1330 482 1355 est.
529 1327 607 1356 Inde
642 1327 821 1357 defenditur
861 1323 891 1355 si

88 1381 159 1413 qua
189 1374 212 1402 i.
246 1382 272 1402 e.
303 1374 541 1408 qualiscunque
571 1377 636 1405 est,
676 1373 791 1402 invida
815 1380 890 1401 esse

87 1420 178 1447 solet.
226 1419 359 1454 Recepit
404 1421 489 1447 lianc
531 1418 784 1452 explicationem
827 1415 887 1446 ΚΖ.

87 1465 230 1498 Utraque
253 1464 408 1500 iungendi
438 1463 520 1492 ratio
547 1463 613 1492 iam
642 1470 663 1492 a
688 1464 803 1493 Servio
829 1471 887 1492 no-

87 1514 172 1538 tatur
195 1514 226 1538 et
254 1510 288 1538 in
309 1511 389 1538 Mss.
417 1512 620 1538 observatur.
668 1511 811 1543 Elegans
837 1513 885 1538 est

93 1551 148 1583 Pii
186 1555 371 1584 coniectura
405 1552 531 1588 h11m05
572 1556 635 1583 aut
674 1553 817 1592 saltem,
861 1551 891 1583 si

86 1607 156 1639 qua
181 1597 218 1629 id
243 1601 323 1637 etc„
355 1601 468 1636 Henry
496 1600 578 1628 coni.
606 1597 752 1629 Mandet
787 1597 889 1629 humo

85 1642 230 1683 saltem,
256 1647 320 1675 aut
341 1644 371 1674 si
397 1653 486 1685 qua,
517 1645 670 1680 affertque
693 1646 795 1681 Apul.
820 1647 890 1674 Me-

85 1693 162 1720 tam.
200 1689 226 1727 1,
253 1687 294 1719 13
321 1691 483 1728 „supersit
507 1691 560 1720 hic
585 1693 713 1728 saltem,
745 1692 800 1726 qui
825 1692 888 1720 mi-

85 1737 163 1765 selli
176 1737 275 1766 liuius
285 1745 402 1772 corpus
419 1743 524 1771 parva
542 1739 739 1766 contumulet
756 1735 886 1766 lmmof‘

86 1782 232 1811 Facilius
257 1782 355 1811 etiam
380 1785 439 1811 hoc
459 1789 557 1816 quam
581 1783 664 1816 quod
692 1779 742 1810 ΡΙ.
771 1791 886 1818 propo-

87 1827 169 1863 suit3
194 1829 251 1857 sed
275 1836 341 1856 non
364 1827 548 1856 verisimile
568 1835 609 1856 ex
635 1825 758 1856 saltem
785 1834 889 1857 ortum

86 1880 161 1901 esse
176 1870 292 1907 solita,
316 1874 357 1908 id,
382 1874 465 1908 quod
485 1872 619 1901 difficile
639 1878 687 1902 est
710 1873 886 1903 intellectu.

134 1914 210 1947 216.
237 1917 405 1954 miseme3
436 1918 467 1946 si
489 1922 518 1946 te
540 1925 641 1947 unum
668 1918 769 1948 filium
792 1920 888 1949 amit-

87 1967 176 1993 teret.

134 2006 210 2037 217.
238 2009 315 2037 Sola
340 2016 382 2037 ex
407 2008 579 2044 longaevis
599 2008 799 2043 mulieribus,
824 2017 888 2037 non

86 2056 173 2089 apud
192 2054 336 2083 Acesten
361 2054 519 2082 remansit
550 2055 606 2082 sed
638 2058 669 2082 te
692 2059 805 2083 secuta
829 2059 887 2082 est.

87 2102 206 2129 Omnes
237 2104 346 2128 autem
375 2100 530 2128 mulieres
558 2100 591 2127 in
617 2099 732 2128 Sicilia
758 2106 888 2128 reman-

87 2145 175 2175 sisse
200 2153 305 2180 neque
329 2145 359 2180 5,
387 2142 452 2173 735
478 2153 581 2180 neque
600 2146 745 2174 hocloco
770 2145 889 2174 dictum

87 2195 153 2225 est,
178 2199 282 2226 neque
305 2194 354 2219 est
377 2190 577 2228 verisimile,
604 2194 633 2219 et
658 2194 768 2225 aperte
793 2188 888 2227 negat

87 2240 183 2271 poeta
212 2235 247 2265 ll
263 2258 271 2273 ,
297 2234 351 2264 35.

134 2279 211 2310 218.
235 2278 476 2321 persequitur:
520 2281 605 2310 inest
647 2281 789 2310 studium
836 2289 888 2310 50-

48 2332 57 2337 *
86 2327 216 2364 (luendi,
251 2331 284 2356 ut
310 2327 343 2355 in
370 2335 458 2356 ausa
485 2328 703 2361 periculorum
726 2327 888 2363 cogitatio.

90 2388 128 2392 —
165 2370 276 2401 Curat
306 2372 404 2401 etiam
431 2381 517 2401 nunc
549 2373 582 2401 in
615 2373 692 2401 belli
721 2373 889 2409 periculis,

87 2426 193 2453 neque
220 2421 309 2452 optat
333 2418 535 2447 remansisse
565 2419 598 2447 in
623 2419 757 2457 Sicilia,
790 2426 890 2454 quum

88 2468 118 2492 te
148 2471 260 2492 secum
280 2465 406 2492 habeat.

134 2506 210 2537 220.
238 2516 298 2537 net·
321 2510 460 2538 mutata
487 2505 560 2537 loco
586 2506 762 2538 sententia
781 2506 891 2539 cedit.-

89 2556 225 2589 Sumpta
251 2558 299 2583 est
329 2554 437 2589 imago
471 2554 508 2582 de
537 2558 730 2590 pugnatore,
765 2555 820 2590 qui
854 2563 891 2583 se

88 2602 129 2628 ab
154 2599 346 2629 adversario
379 2600 417 2628 de
449 2600 519 2629 1000
551 2607 611 2629 5110
638 2601 799 2629 deturbari
828 2608 892 2629 non

88 2646 220 2681 patitur.

135 2688 212 2720 222.
238 2690 367 2720 Excitat
391 2689 447 2725 qui
471 2689 506 2718 in
530 2689 675 2724 ipsorum
704 2691 775 2720 loco
803 2690 892 2726 vigi-

90 2737 167 2765 lent.

134 2779 211 2810 223.
237 2788 377 2821 regem,
414 2780 614 2818 Ascanium,
654 2780 742 2816 regis
778 2780 890 2809 filium.

89 2827 137 2856 Cf.
162 2828 238 2856 Val.
268 2827 316 2854 ΓΙ.
345 2823 381 2860 1,
414 2823 490 2854 174.
539 2827 590 2855 Ita
614 2825 731 2855 dicitur
762 2823 891 2865 regina

89 2872 153 2901 Ilia
180 2870 216 2911 1,
243 2869 328 2907 273,
354 2872 502 2900 Ariadne
537 2870 572 2905 6,
603 2868 664 2904 28,
699 2871 813 2899 Medea
837 2878 889 2906 ap.

89 2917 166 2947 Val.
185 2919 234 2947 Fl.
262 2917 299 2956 5,
331 2914 407 2947 374.
434 2914 511 2946 386.
538 2914 622 2954 443,
648 2916 835 2952 Hypsipyle
859 2914 891 2954 2,

1135 1160 1303 1201 Primus
1337 1158 1456 1200 Iulus

938 1322 1146 1354 224—313.
1196 1320 1229 1352 Α
1260 1319 1481 1362 principibus
1508 1321 1738 1354 Troianorum

1067 1367 1103 1399 id
1128 1366 1312 1399 consilium
1340 1364 1600 1407 comprobatur.

981 1435 1059 1466 224.
1085 1438 1194 1467 Noctis
1219 1437 1390 1472 descriptio
1416 1437 1454 1466 cf.
1482 1435 1518 1472 4,
1545 1435 1621 1467 522.

979 1481 1057 1512 226.
1084 1481 1218 1514 delecta
1244 1481 1426 1512 iuventus.-
1463 1484 1605 1513 Iuvenes
1628 1492 1740 1514 omues

935 1529 1104 1567 dicuntur,
1129 1530 1184 1564 qui
1208 1537 1274 1558 rem
1297 1528 1471 1558 militarem
1499 1534 1638 1559 tractare
1663 1539 1740 1565 pos-

934 1580 1020 1604 sunt.
1049 1590 1087 1595 ——
1118 1578 1149 1603 et
1168 1572 1302 1603 delecta
1324 1573 1344 1602 i.
1371 1577 1427 1607 „et
1448 1575 1566 1609 quibus
1586 1576 1619 1604 in
1644 1577 1740 1605 libris

934 1624 1040 1650 exstet
1063 1621 1191 1657 nescio,
1225 1622 1317 1649 abest
1340 1627 1359 1648 a
1378 1620 1560 1659 FMPRyffl
1588 1618 1652 1650 Rb.
1701 1624 1739 1650 In

933 1668 1022 1695 nullo
1039 1666 1137 1703 igitur
1150 1669 1212 1694 Ms.
1235 1666 1366 1702 legitur.
1404 1667 1529 1701 Copula
1544 1671 1652 1696 tamen
1666 1669 1739 1702 pla-

935 1717 981 1741 cet
1005 1714 1043 1740 011
1071 1721 1102 1741 v.
1132 1709 1215 1749 309,
1246 1716 1275 1740 et
1301 1711 1385 1746 quod
1414 1709 1549 1741 delecta
1575 1710 1741 1742 iuventus

934 1758 1074 1786 otiosum
1099 1762 1147 1786 est
1169 1757 1354 1792 appositum
1378 1757 1419 1785 ad
1441 1754 1600 1786 ductores
1619 1756 1739 1798 prinn',

935 1808 965 1831 et
989 1805 1072 1837 quod
1095 1803 1238 1832 Romani
1264 1803 1361 1831 duces
1382 1802 1416 1830 in
1440 1803 1615 1832 consilium
1640 1805 1738 1833 etiam

934 1849 1140 1881 centuriones
1166 1848 1319 1877 adhibere
1344 1849 1502 1876 solebant.

981 1903 1058 1934 227.
1084 1906 1235 1934 Lucilius
1260 1905 1333 1934 fecit
1355 1912 1506 1934 versum:
1545 1902 1739 1935 Consilium

935 1948 1079 1980 summis
1102 1948 1279 1980 hominum
1300 1949 1342 1978 (10
1366 1947 1468 1978 rebus
1489 1947 1674 1980 habebant.
1695 1965 1740 1970 —

935 1998 972 2024 In
1015 1999 1112 2024 rebus
1145 1997 1278 2031 trepidis
1315 1996 1454 2025 consilio
1487 1996 1597 2025 habito
1630 1996 1664 2025 in
1701 2004 1738 2025 eo

934 2042 1154 2079 consentiunt,
1179 2043 1313 2071 Aeneae
1332 2042 1482 2070 nuntium
1506 2050 1582 2071 esse
1607 2043 1739 2072 mitten-

935 2088 1026 2117 dum:
1049 2095 1144 2121 quem
1170 2088 1315 2123 mittant,
1340 2088 1500 2116 nesciunt.

981 2140 1057 2170 229.
1087 2139 1192 2171 Stant
1234 2140 1256 2171 1.
1289 2140 1415 2171 annixi
1450 2140 1574 2172 hasne.
1628 2144 1740 2179 „Quod

935 2192 1033 2224 stant,
1057 2187 1201 2216 Romani
1237 2188 1338 2217 moris
1369 2192 1418 2215 est
1448 2192 1479 2216 et
1509 2189 1649 2218 bellicae
1682 2197 1740 2217 ne-

936 2231 1125 2263 cessitatis²⁴
1151 2235 1201 2267 8.;
1240 2234 1323 2268 quod
1362 2233 1479 2261 annixi
1513 2238 1606 2269 sunt,
1644 2234 1739 2262 vides

936 2287 992 2308 eos
1013 2279 1079 2307 iam
1099 2278 1205 2307 fessos
1232 2286 1317 2307 esse.
1366 2280 1415 2306 Ita
1443 2279 1523 2306 Sall.
1545 2279 1578 2307 in
1602 2279 1739 2315 fragm:

931 2322 1022 2362 fessi
1048 2332 1148 2352 arma
1181 2332 1245 2352 sua
1277 2320 1424 2363 quicque
1448 2325 1582 2353 stantes
1609 2321 1741 2353 incum-

935 2367 1022 2398 bere.
1040 2385 1077 2389 —
1096 2372 1127 2398 et
1154 2371 1252 2398 scuta
1277 2366 1426 2398 tenentis
1447 2369 1598 2409 Filnyhc
1620 2371 1741 2400 enscut

937 2417 1121 2454 alquentcs
1144 2416 1181 2444 P.
1204 2415 1282 2444 Inde
1307 2414 1390 2445 coni.
1416 2411 1477 2444 Rb.
1503 2412 1537 2444 in
1560 2416 1661 2445 scuta
1687 2417 1740 2444 tu-

937 2463 1042 2490 entes.

984 2504 1060 2534 230.
1089 2502 1204 2545 campi
1224 2503 1337 2536 medio
1354 2507 1393 2536 cf.
1420 2504 1450 2542 1,
1470 2503 1547 2535 422.
1596 2508 1655 2536 ..In
1674 2515 1740 2536 nie-

939 2552 990 2580 dio
1017 2551 1122 2586 campi
1149 2552 1272 2589 spatio,
1309 2552 1363 2587 qui
1394 2559 1528 2587 campus
1560 2557 1741 2582 castrorum

938 2598 1065 2626 medius
1101 2595 1197 2625 fuit.“
1235 2599 1266 2626 S.
1316 2597 1519 2626 Praetorium
1551 2598 1584 2626 in
1624 2599 1741 2627 mediis

940 2644 1059 2673 castris
1084 2646 1163 2671 erat.

985 2686 1061 2717 232.
1088 2688 1207 2717 Dicunt
1244 2696 1312 2717 rem
1349 2694 1502 2725 magnam
1539 2696 1576 2717 50
1618 2689 1741 2721 afferre.

939 2732 1025 2768 (non
1049 2731 1228 2767 nuntiare,
1254 2734 1372 2762 utiam
1396 2734 1596 2769 explicatum
1621 2734 1690 2771 est]
1712 2740 1743 2764 et

939 2781 978 2808 ob
1014 2785 1110 2814 quam
1145 2779 1349 2808 consultandi
1381 2786 1504 2808 moram
1530 2779 1650 2809 fecisse
1677 2788 1742 2809 non

937 2825 1056 2860 pigeat.
1106 2825 1214 2853 Placet
1243 2827 1274 2853 h.
1296 2825 1318 2852 l.
1343 2825 1502 2862 Ascanii,
1535 2826 1616 2861 regii
1638 2826 1741 2860 pueri,

937 2873 1035 2899 rebus
1059 2870 1092 2898 in
1111 2870 1244 2904 trepidis
1263 2876 1342 2899 cura
1361 2874 1390 2899 et
1415 2871 1449 2899 in
1470 2871 1620 2899 consiliis
1640 2878 1741 2907 agen-

937 2916 987 2944 dis
1032 2915 1230 2951 assiduitas,
1275 2916 1360 2944 unde
1401 2924 1491 2951 spem
1529 2917 1741 2951 concipimus,

937 2968 1090 2997 inagnum
1115 2969 1187 2990 eum
1209 2961 1385 2997 aliquando
1410 2962 1477 2991 fore
1503 2962 1626 2991 ducem.
