2023 3350
217 61 299 101 446

787 57 822 88 Ρ.
851 57 1045 89 V1RG1L11
1074 57 1285 91 MARONIS

216 171 393 224 Accepit
428 168 641 223 trepidos,
680 181 731 209 ac
771 168 923 210 Nisum
968 169 1110 212 dicere
1146 170 1283 212 iussit.

216 229 322 270 Tum
354 227 414 267 sic
454 225 729 280 Hyrtacides:

217 342 335 391 Quae
375 340 564 381 ferimus.

793 225 952 266 Audite
988 240 1012 267 ο
1048 227 1263 269 mentibus
1299 226 1460 280 aequis,

215 283 460 329 Aeneadae,
495 296 599 324 neve
634 282 741 324 haec
775 283 934 324 nostris
975 287 1223 337 spectentur
1260 283 1315 325 ab
1352 284 1487 335 annis,

624 340 773 381 Rutuli
812 353 962 381 somno
1001 340 1186 393 vinoque
1227 340 1357 382 soluti

1776 281 1858 322 235

218 398 490 449 Conticuere,
529 397 672 438 iocum
706 396 876 438 insidiis
914 397 1214 450 conspeximus
1253 398 1349 452 ipsi,

215 455 300 506 Qui
342 458 465 508 patet
502 455 546 496 in
581 453 696 496 bivio
735 457 904 508 portae,
941 467 1051 508 quae
1087 454 1287 508 proxima
1320 458 1474 509 pont03

214 512 456 565 Interrupti
495 512 637 565 ignes,
676 515 858 565 aterque
897 511 954 552 ad
996 510 1141 554 sidera
1181 511 1322 554 fumus

214 569 432 622 Erigitur3
474 569 527 610 si’
548 569 723 611 fortuna
757 568 1010 623 permittitis
1044 569 1121 620 uti,

1780 570 1862 610 240

217 626 469 677 Quaesitum
512 626 688 668 Aenean
727 630 770 668 et
806 625 978 668 moenia
1011 625 1256 668 Pallantea:

218 684 321 725 Mox
357 683 427 724 hic
463 696 559 724 cum
600 683 770 737 spoliis,
801 683 966 738 ingenti
1007 683 1136 725 caede
1169 684 1360 737 peracta,

218 740 382 782 Adfore
419 741 615 782 cernetis.

675 741 765 782 Nec
805 755 883 783 nos
922 741 991 782 via
1031 740 1158 783 fallet
1192 743 1362 782 euntes:

218 798 417 840 Vidimus
455 798 650 839 obscuris
682 799 868 851 primam
902 797 980 840 sub
1014 797 1198 840 vallibus
1234 795 1388 838 urbem

217 856 387 897 Venatu
429 855 610 898 adsiduo
648 859 691 897 et
722 859 864 897 totum
903 855 1178 909 cognovimus
1217 866 1397 896 amnem.

217 912 300 954 Hic
338 912 463 953 annis
503 912 645 966 gravis
687 917 821 966 atque
859 912 992 955 animi
1029 916 1226 954 maturus
1261 911 1426 952 Aletes:

217 970 273 1011 Di
310 969 460 1023 patrii,
499 983 685 1024 quorum
720 984 889 1024 semper
927 969 1005 1012 sub
1043 970 1217 1012 numine
1249 968 1378 1010 Troia
1414 971 1492 1021 est,

218 1027 316 1068 Non
351 1030 498 1068 tamen
535 1027 707 1069 omnino
748 1028 934 1069 Teucros
972 1026 1116 1069 delere
1154 1026 1333 1081 paratis,

219 1084 359 1135 Quum
396 1083 505 1126 tales
541 1085 709 1127 animos
744 1085 946 1127 iuvenum
985 1088 1028 1126 et
1061 1088 1153 1126 tam
1197 1087 1318 1126 certa
1355 1081 1518 1124 tulistis

266 1211 342 1242 233.
370 1209 525 1254 trepidos
554 1221 632 1248 prae
664 1214 871 1243 festinatione
899 1213 938 1243 cf.
968 1211 1020 1251 10,

223 1256 299 1287 283.

266 1302 343 1332 235.
371 1305 569 1343 spectentur
587 1300 630 1332 ab
656 1301 775 1339 aunis,
802 1305 1023 1334 aestimemur.

221 1350 276 1379 Sic
304 1358 377 1378 cum
408 1348 648 1384 praepositione
683 1356 724 1378 esc
758 1350 830 1378 Ter.
854 1351 957 1378 Andr.
992 1349 1023 1387 4,

221 1392 257 1429 1,
282 1392 323 1422 22
350 1397 446 1423 tuum
472 1392 628 1422 artimum
655 1401 695 1422 ex
722 1393 839 1423 animo
867 1393 1025 1433 spectavi

219 1447 313 1474 meo‚·
344 1440 410 1469 Cic.
433 1440 528 1468 Tusc.
552 1439 589 1473 5,
623 1436 678 1472 to,
712 1436 752 1466 31
785 1436 862 1468 Non
884 1447 925 1468 ex
951 1437 1024 1468 sin-

220 1482 320 1525 gulis
344 1482 485 1513 vocibus
508 1481 709 1524 philosophi
729 1481 911 1523 spectandi
933 1488 1026 1523 sunt,

220 1527 280 1559 sed
308 1537 348 1559 es·
370 1527 609 1570 perpetuitate
633 1531 740 1568 alque
764 1527 978 1559 constantia.

266 1573 342 1603 238.
378 1573 413 1604 in
435 1572 528 1603 bivio
551 1576 690 1614 portae,
718 1582 808 1613 quae
832 1582 884 1613 pr.
903 1576 1022 1615 ponto.

220 1622 271 1649 Ex
296 1625 406 1657 porta,
448 1627 530 1655 quae
565 1620 604 1648 ad
639 1626 727 1648 mare
755 1623 896 1657 spectat,
929 1629 1021 1657 egre-

221 1666 329 1694 diendi
357 1669 387 1694 et
410 1670 519 1695 castra
545 1664 688 1693 hostium
711 1666 938 1700 perrumpendi
962 1674 1020 1701 po-

220 1715 323 1740 testas
345 1712 414 1740 erit.

268 1754 344 1785 239.
369 1755 464 1784 Multi
487 1755 552 1783 iam
579 1755 672 1791 ignes
698 1755 851 1783 exstincti
889 1760 919 1784 et
950 1760 1019 1784 ater

220 1802 330 1831 fumus
347 1806 395 1830 est
414 1801 545 1837 signum
560 1800 736 1835 sopitorum
751 1800 885 1836 ignium.
934 1801 1018 1831 Hinc

221 1851 307 1883 patet
328 1847 417 1882 ipsos
443 1847 592 1875 custodes
614 1845 762 1874 dormire.

266 1890 343 1921 241.
371 1889 568 1932 quaesitum
598 1889 739 1920 Aenean
773 1892 806 1920 et
840 1891 950 1919 MRal.
984 1891 1023 1919 ut

221 1945 433 1978 quaeramus
465 1937 608 1971 explicat
640 1936 793 1971 Servius,
833 1943 1024 1976 pergemus

221 1980 422 2023 quaesitum
448 1983 606 2010 Donatus
656 1983 729 2010 Est:
772 1982 807 2009 Si
834 1981 1021 2016 permittitis

222 2028 376 2065 experiri,
407 2032 442 2056 ut
472 2034 668 2062 quaeramus
694 2027 842 2055 Aeneam
866 2030 897 2055 et
921 2028 1022 2056 Pala-

222 2074 318 2110 tium,
367 2081 443 2102 mox
481 2081 555 2102 eum
593 2072 689 2101 affore
722 2072 860 2102 cernetis
898 2072 1022 2108 ingenti

222 2121 320 2148 caede
342 2122 484 2153 peracta.
534 2118 694 2153 Supinum
714 2118 799 2147 enim
816 2118 944 2153 ponitur
957 2126 1022 2146 non

222 2166 314 2194 modo
352 2168 424 2199 post
467 2166 568 2193 verba
606 2163 705 2192 eundi
741 2165 798 2192 sed
841 2164 1022 2198 antiquitus

222 2211 322 2239 etiam
344 2213 416 2245 post
439 2209 549 2238 omnia
569 2211 680 2246 verba,
706 2216 789 2243 quae
812 2209 1022 2238 intentionem

220 2256 367 2291 aliquam
381 2255 574 2291 significant.
622 2254 676 2283 Sic
690 2255 919 2289 explicandum
939 2252 1025 2283 dare

221 2303 389 2341 uuptum3
414 2301 461 2329 ita
477 2300 656 2329 Sallustius
673 2300 877 2335 antiquitatis
902 2300 1025 2329 studio-

219 2353 294 2375 sus:
328 2353 439 2384 neque
465 2353 532 2385 ego
555 2354 613 2374 vos
638 2343 749 2374 ultum
775 2343 926 2374 iniurias
948 2342 1026 2374 hor-

222 2394 276 2420 tor
302 2399 347 2420 or.
377 2393 420 2419 M.
448 2391 516 2420 Lic.
554 2387 604 2419 17.
655 2392 893 2426 Nonnunquam
926 2391 1024 2419 etiam

223 2437 383 2471 Supinum
421 2437 501 2473 regit
527 2443 655 2469 casum,
691 2443 887 2471 quamquam
916 2436 1023 2465 rarius

222 2482 255 2510 id
287 2482 333 2518 fit,
365 2489 463 2515 quam
488 2481 554 2510 fieri
586 2482 713 2510 videtur
742 2482 780 2511 cf.
807 2483 859 2512 Gr.
891 2481 912 2516 S
945 2479 1022 2510 442.

223 2528 292 2556 Hoc
318 2528 446 2556 illatum
470 2531 518 2555 est
544 2528 584 2554 ab
609 2534 657 2564 ec,
683 2527 739 2561 qui
760 2524 937 2567 quasitum
961 2529 1023 2555 Su-

222 2573 335 2607 pinum
361 2580 433 2601 esse
457 2572 636 2608 ignorabat.

270 2616 346 2645 243.
374 2615 494 2656 affore.
545 2618 730 2646 Subiectum
777 2616 933 2645 omissum
963 2620 1020 2645 est.

221 2663 338 2691 Nisum
362 2663 422 2691 alii
447 2667 476 2691 et
501 2664 699 2698 Euryalum,
726 2663 786 2690 alii
811 2669 884 2691 esse
908 2666 1019 2697 putant

222 2709 380 2737 Aeneam.
430 2709 492 2736 Sed
531 2708 717 2736 nuntiorum
755 2715 818 2736 non
855 2711 942 2744 erat,
986 2712 1020 2736 ut

221 2754 352 2782 caedem
369 2757 464 2782 antea
485 2757 692 2789 peragerent;
717 2761 819 2787 neque
843 2756 877 2782 ut
903 2753 928 2781 ii
944 2760 1020 2781 mox

221 2799 370 2833 redirent,
390 2803 555 2833 tantopere
571 2801 723 2833 optabant
741 2806 901 2835 proceres,
922 2805 1020 2832 quam

222 2848 256 2872 ut
282 2846 409 2873 adesset
433 2845 584 2879 Aeneas3
620 2852 723 2878 neque
754 2844 888 2872 modesti
909 2844 1019 2872 adole-

222 2894 349 2918 scentes
369 2894 491 2918 tantum
510 2891 548 2918 de
571 2889 853 2926 sepromitterent,
879 2890 935 2917 sed
963 2889 1019 2925 „in

223 2934 337 2963 Aenea
361 2939 482 2964 tantam
506 2942 597 2970 spem
623 2936 792 2971 ponebant,
818 2938 934 2963 utnon
960 2935 1017 2963 du-

1069 1213 1225 1249 bitarent,
1261 1211 1339 1246 quin
1369 1211 1399 1240 si
1425 1212 1516 1241 modo
1549 1211 1647 1241 sciret
1674 1218 1752 1240 suos
1776 1211 1868 1240 labo-

1069 1262 1197 1295 ranteS,
1232 1257 1342 1286 statim
1368 1257 1496 1286 auxilio
1521 1260 1679 1286 venturus
1704 1260 1735 1285 et
1758 1258 1870 1285 nostes

1071 1303 1300 1339 profligaturus
1329 1300 1449 1331 esset.“
1486 1299 1538 1331 Pl.
1585 1304 1624 1331 Et
1655 1306 1756 1340 recte,
1793 1308 1869 1330 nam

1073 1350 1206 1378 Aeneas
1229 1352 1278 1377 est
1301 1348 1406 1377 instar
1427 1347 1572 1384 milium;
1597 1348 1627 1377 is
1649 1355 1749 1382 quum
1773 1347 1868 1385 absit,

1069 1395 1104 1423 in
1124 1402 1249 1423 summo
1273 1398 1448 1423 versantur
1467 1393 1600 1422 Troiani
1624 1393 1786 1429 pericu103
1809 1401 1868 1422 ne-

1070 1448 1131 1474 que
1155 1447 1304 1474 proceres
1327 1440 1438 1469 minus
1465 1446 1562 1474 quam
1589 1439 1704 1477 NisuS,
1735 1440 1776 1467 ab
1799 1439 1869 1467 Ae-

1070 1492 1133 1513 nea
1164 1487 1273 1514 hostes
1299 1485 1422 1514 victum
1462 1484 1503 1513 iri
1534 1488 1648 1520 putant
1684 1488 1715 1513 et
1739 1491 1802 1512 nos
1834 1491 1867 1512 v.

1069 1528 1134 1558 243
1161 1530 1331 1565 opponitur
1356 1531 1490 1559 Aeneae
1518 1545 1556 1549 —
1589 1526 1699 1568 fallet
1724 1531 1768 1558 M.
1803 1537 1867 1558 rec.

1076 1573 1162 1616 W'g.
1185 1572 1248 1604 Ld.
1265 1572 1370 1613 fallit
1396 1584 1458 1604 rec.
1477 1572 1541 1604 Rb.

1114 1628 1190 1659 244.
1217 1628 1369 1659 vidimus
1405 1632 1465 1660 etc.
1514 1632 1602 1670 „Nos
1649 1630 1685 1659 in
1720 1631 1869 1660 obscuris

1066 1676 1214 1704 vallibus
1253 1676 1351 1710 positi
1382 1676 1526 1705 vidimus
1565 1676 1705 1711 primam
1746 1680 1869 1711 partem

1066 1722 1172 1757 urbis3
1196 1728 1270 1749 nam
1296 1723 1503 1751 Pallanteum
1526 1723 1562 1751 in
1582 1726 1690 1751 monte
1713 1725 1780 1759 est,
1803 1729 1869 1750 non

1066 1765 1100 1794 in
1137 1765 1314 1795 vallibus.“
1342 1768 1373 1795 S.
1422 1768 1538 1803 Recte3
1571 1774 1647 1796 nam
1667 1771 1763 1802 poeta
1798 1767 1869 1802 ipse

1069 1811 1136 1840 iam
1162 1812 1196 1840 in
1217 1815 1323 1840 monte
1354 1814 1463 1841 urbem
1487 1813 1584 1842 sitam
1605 1820 1680 1842 esse
1709 1819 1869 1842 narrave—

1068 1861 1118 1885 rat
1142 1854 1173 1894 7,
1198 1855 1252 1886 53.
1274 1872 1312 1877 -—
1338 1855 1400 1886 sub
1426 1855 1580 1887 vallibus
1605 1858 1644 1888 cf.
1667 1855 1697 1895 4,
1720 1855 1798 1887 387.
1826 1873 1865 1878 -

1075 1899 1127 1931 Pl.
1153 1903 1240 1932 eiicit
1262 1911 1294 1932 v.
1322 1900 1388 1931 244
1413 1906 1443 1932 et
1468 1905 1500 1934 et
1525 1912 1542 1932 e
1570 1912 1603 1933 v.
1628 1901 1705 1932 245.

1116 1956 1192 1987 245.
1218 1959 1306 1988 Bene
1339 1960 1428 1989 docet
1465 1960 1671 1990 occasionem
1704 1967 1778 1989 esse
1813 1967 1870 1995 per

1068 2008 1177 2033 castra
1203 2004 1345 2033 hostium
1367 2006 1603 2043 perrumpendi,
1629 2013 1733 2041 neque
1757 2009 1870 2041 postea

1068 2050 1188 2079 erroris
1230 2058 1305 2079 esse
1335 2052 1459 2087 locum,
1491 2059 1590 2086 quum
1624 2053 1699 2081 loca
1724 2051 1792 2080 iam
1815 2059 1869 2081 co-

1067 2096 1160 2131 gnita
1197 2098 1363 2125 haberent.
1394 2111 1432 2116 —
1467 2095 1603 2126 Venatu
1645 2094 1790 2126 assiduo
1827 2097 1869 2126 ad

1068 2145 1239 2176 utrumque
1263 2142 1415 2177 pertinet:
1440 2143 1479 2170 Et
1500 2149 1630 2171 amnem
1655 2141 1869 2178 cognovimus

1070 2190 1100 2215 et
1130 2187 1237 2221 ipsam
1264 2189 1374 2216 urbem
1399 2188 1532 2223 saepius
1568 2188 1728 2225 vidimus,
1769 2184 1868 2223 quum

1071 2233 1206 2261 assidue
1232 2240 1437 2262 venaremur.

1117 2287 1194 2318 246.
1220 2287 1332 2318 animi
1376 2290 1557 2318 maturus.-
1608 2291 1658 2319 Ita
1702 2289 1869 2326 genitivus

1072 2333 1151 2364 aevi
1176 2337 1337 2364 maturus
1367 2334 1404 2372 5,
1447 2332 1489 2363 73
1517 2332 1645 2364 animis
1669 2335 1728 2373 R„
1765 2339 1869 2365 ortum

1071 2381 1154 2415 quod
1186 2377 1290 2409 annis
1323 2381 1495 2415 praecedit.
1529 2396 1567 2400 ——
1599 2380 1712 2409 Simile
1748 2381 1869 2410 dictum

1070 2427 1128 2454 Ov.
1158 2428 1201 2454 M.
1228 2424 1264 2463 8,
1296 2423 1361 2453 617
1383 2423 1501 2454 animo
1525 2428 1686 2455 maturus
1711 2426 1744 2455 et
1770 2433 1868 2455 aevo.

1071 2471 1178 2499 Casus
1203 2471 1354 2500 variatur
1384 2476 1417 2500 ut
1443 2471 1476 2499 in
1501 2479 1582 2501 voce
1606 2468 1746 2512 integer
1767 2471 1807 2500 cf.
1836 2469 1867 2508 2,

1070 2514 1146 2545 638.

1115 2570 1192 2600 247.
1219 2580 1364 2612 quorum
1391 2569 1454 2601 sub
1487 2568 1631 2600 numine
1666 2568 1771 2600 Troia
1816 2571 1867 2600 est

1069 2618 1129 2646 Sil.
1162 2615 1220 2653 16,
1253 2616 1317 2646 654
1347 2615 1406 2646 sub
1435 2614 1578 2646 numine
1609 2624 1751 2656 quorum
1777 2623 1867 2656 gens

1074 2660 1231 2692 Troiana
1257 2671 1377 2691 sumus
1402 2664 1462 2691 ΟΥ.
1487 2664 1530 2691 Μ.
1556 2659 1610 2699 15,
1635 2659 1700 2689 546
1724 2657 1868 2690 numine

1068 2705 1131 2737 sub
1158 2705 1322 2737 dominae
1347 2705 1449 2737 lateo.
1501 2707 1548 2736 Cf.
1576 2705 1614 2744 2,
1637 2704 1714 2734 703.

1113 2751 1190 2782 248.
1218 2755 1333 2782 tamen
1358 2749 1469 2790 (doch
1493 2748 1728 2791 wenigstens)
1751 2757 1866 2780 conso-

1065 2799 1155 2827 landi
1179 2801 1274 2828 habet
1296 2797 1366 2827 vim
1391 2798 1432 2828 cf.
1460 2805 1492 2826 v.
1519 2793 1594 2824 315.

1112 2841 1188 2872 249.
1215 2852 1320 2883 quum
1349 2859 1387 2863 —
1409 2838 1552 2879 tulistis,
1576 2848 1613 2869 eo
1633 2844 1774 2875 tempore
1790 2849 1863 2876 quo.

1065 2889 1105 2918 cf.
1141 2887 1177 2926 2,
1223 2886 1298 2918 117.
1347 2888 1470 2917 tulistis
1501 2893 1546 2916 sc.
1577 2885 1670 2914 nobis
1703 2886 1864 2916 attulistis

1064 2934 1202 2964 auxilio.
1234 2949 1271 2954 —
1299 2934 1413 2969 certa,
1442 2931 1546 2961 fortia.
