2023 3350
676 102 908 136 AENEIDOS
941 104 1029 136 LIB.
1060 104 1104 136 X.

1621 104 1704 146 493

68 219 254 273 Spumea
293 217 490 260 semifero
528 215 608 258 sub
642 220 817 271 pectore
849 220 1090 260 murmurat
1131 216 1259 259 unda.

67 278 149 319 Tot
182 276 283 318 lecti
318 288 517 330 proceres
548 278 616 316 ter
651 275 771 317 denis
808 275 989 317 navibus
1026 275 1149 317 ibant

68 334 269 377 Subsidio
305 333 457 374 Troiae
494 335 536 374 et
570 346 744 386 campos
776 334 878 375 salis
911 347 1009 375 aere
1046 332 1260 375 secabant.

181 393 356 444 Iamque
397 390 488 431 dies
522 391 640 432 caelo
682 395 976 443 concesserat,
1016 392 1216 444 almaque
1256 404 1385 432 curru
1621 396 1703 435 215

67 449 303 502 Noctivago
340 447 513 489 Phoebe
547 448 734 490 medium
770 449 974 503 pulsabat
1008 449 1258 503 Olympum:

66 509 230 548 Aeneas
260 531 314 535 —
345 519 484 558 neque
525 507 636 547 enim
669 508 870 549 membris
900 507 975 549 dat
1004 521 1107 548 cura
1141 506 1328 560 quietem
1358 532 1413 536 —

66 566 161 618 Ipse
199 563 349 605 sedens
384 563 637 617 clavumque
670 566 781 619 regit
807 566 996 619 velisque
1031 565 1259 605 ministrat.

65 624 205 674 Atque
239 620 303 662 illi
345 620 486 662 medio
524 622 568 663 in
607 624 746 676 spatio
787 623 962 675 chorus,
1001 636 1116 673 ecce,
1147 636 1323 663 suarum

65 678 264 720 Occurrit
299 679 519 720 comitum:
562 680 810 735 Nymphae,
840 696 946 735 quas
983 682 1098 722 alma
1128 679 1297 733 Cybebe
1621 685 1704 722 220

62 736 230 777 Numen
265 735 425 778 habere
460 738 610 790 maris,
644 739 950 793 Nymphasque
987 752 1009 780 e
1041 737 1220 779 navibus
1254 751 1346 779 esse

60 794 275 845 Iusserat,
316 794 527 836 innabant
564 796 728 849 pariter
761 796 1001 850 fluctusque
1035 795 1252 846 secabant,

61 851 175 901 Quot
204 852 322 905 prius
361 857 538 895 aeratae
582 858 792 896 steterant
828 855 884 896 ad
918 855 1048 896 litora
1087 867 1254 908 prorae.

58 909 341 963 Adgnoscunt
370 911 497 965 longe
533 925 697 966 regem,
737 913 1008 966 lustrantque
1039 912 1217 953 choreis.

60 966 253 1017 Quarum
290 982 399 1022 quae
434 968 553 1010 fandi
590 970 841 1012 doctissima
880 970 1150 1025 Cymodocea
1621 972 1703 1010 225

58 1024 175 1066 Pone
214 1039 395 1079 sequens
432 1026 586 1069 dextra
619 1029 797 1082 puppim
832 1032 950 1069 tenet
985 1029 1168 1082 ipsaque
1206 1026 1336 1068 dorso

58 1083 252 1136 Eminet,
292 1097 343 1126 ac
384 1084 507 1127 laeva
545 1086 691 1127 tacitis
727 1086 993 1140 subremigat
1029 1085 1168 1127 undis.

104 1221 180 1253 212.
205 1232 350 1264 spumea
390 1229 447 1255 etc.
500 1228 583 1261 quod
621 1228 719 1256 remis
760 1230 859 1257 vehe-

57 1274 179 1298 menter
200 1271 342 1307 pellitur,
366 1273 453 1300 unda
477 1277 615 1306 spumat.
663 1274 772 1302 Triton
799 1282 858 1303 au-

57 1319 120 1344 tem
144 1320 193 1344 est
219 1316 252 1344 in
279 1324 383 1352 prora,
406 1318 460 1346 ubi
487 1318 553 1347 iam
572 1320 602 1355 ὁ,
629 1317 856 1348 116monitum

55 1365 106 1390 est
129 1361 258 1398 insigne
282 1362 403 1399 fuisse;
444 1364 539 1398 idque
563 1366 652 1393 docet
677 1366 729 1395 hic
754 1368 856 1403 loeus,

57 1414 133 1436 nam
158 1412 234 1437 ante
258 1416 376 1437 navem
404 1409 517 1439 fluctus
540 1416 705 1440 secantem
737 1413 856 1441 undam

55 1453 207 1482 videmus
232 1462 394 1489 spumare.

103 1498 180 1529 214.
213 1501 330 1529 Troiae
359 1501 380 1529 i.
413 1510 439 1530 e.
470 1503 621 1531 Troianis
651 1505 707 1532 vel
739 1504 857 1532 Troiae

55 1553 179 1583 novae,
219 1549 259 1575 ab
291 1547 407 1576 Aenea
446 1551 596 1577 structae.
643 1565 682 1568 —
714 1557 857 1589 campos

56 1589 145 1620 salis
171 1592 191 1620 i.
206 1600 233 1620 e.
247 1600 336 1621 mare
357 1592 416 1628 (cf.
435 1592 465 1631 6,
480 1592 566 1631 724)
584 1603 664 1624 aere
680 1593 857 1634 secabant,

54 1637 95 1667 ef.
125 1634 153 1673 1,
174 1636 228 1666 35.

101 1685 311 1713 salebrosum
334 1686 419 1714 bunc
435 1686 473 1713 de
486 1686 634 1715 Etruscis
658 1687 765 1715 locum
779 1687 857 1716 uicit

55 1725 126 1767 Hn,
149 1734 180 1758 et
204 1738 238 1759 re
259 1737 340 1759 vera
364 1735 414 1759 est
440 1730 583 1760 difficilis
598 1737 726 1766 propter
750 1741 856 1761 rerum

53 1776 294 1813 obscuritatem,
320 1779 356 1804 ut
380 1776 414 1804 in
438 1777 481 1804 iis
502 1784 585 1811 quae
610 1779 647 1806 de
669 1778 856 1815 Cupavone,

55 1821 94 1849 de
118 1823 254 1850 Mantua
279 1822 365 1850 dicta
390 1826 476 1858 sunt,
507 1826 537 1850 et
559 1824 641 1857 quoti
663 1828 757 1857 poeta
774 1825 855 1852 omi-

54 1866 98 1895 sit
122 1874 206 1901 quae
231 1867 404 1895 desideres.
453 1868 706 1903 SicCupavonis
729 1874 757 1897 et
783 1871 856 1899 Au-

53 1912 147 1941 lestis
182 1921 222 1941 ne
262 1913 400 1947 patriam
431 1914 559 1947 quidem
595 1915 688 1943 dixit.
736 1915 854 1945 Mirum

54 1957 153 1994 igitur
178 1966 243 1986 non
265 1962 324 1994 est,
354 1958 383 1987 si
409 1958 443 1987 in
466 1962 602 1989 obscuro
624 1962 693 1989 loco
722 1961 855 1991 variant

54 2012 158 2038 neque
200 2005 436 2039 explicationes
477 2005 668 2041 interpretes
712 2007 854 2042 proferre

54 2054 191 2084 possunt
229 2051 421 2084 probabiles.
478 2052 551 2088 Ygl.
581 2053 717 2081 adduxit
747 2055 854 2083 socios

53 2103 95 2124 ex
132 2103 190 2124 ora
225 2097 398 2125 maritima.
453 2098 589 2126 Addidit
631 2099 786 2128 Clusinos
824 2105 853 2129 et

52 2143 260 2171 Mantuanos.
310 2143 377 2171 Hos
409 2151 464 2172 cur
496 2145 726 2174 memoraverit
755 2145 854 2175 facile

52 2191 101 2216 est
124 2188 227 2224 dictu,
261 2196 304 2217 an
332 2189 485 2217 Clusinos
507 2192 545 2218 ob
570 2190 663 2219 illam
689 2198 852 2229 caussam,

52 2240 149 2267 quam
174 2243 207 2263 v.
235 2232 296 2262 167
322 2235 426 2272 attuli,
451 2244 513 2264 non
537 2240 587 2264 est
611 2237 694 2266 satis
719 2242 851 2267 certum.

52 2280 304 2314 Tarquiniorum
335 2289 394 2310 rex
433 2282 561 2310 videtur
594 2290 668 2311 esse
694 2285 852 2320 Tarchon,

51 2328 83 2353 et
114 2327 303 2361 Tarquinii,
329 2328 412 2361 quod
443 2327 503 2356 Otf.
535 2329 695 2357 Miillerus
734 2331 851 2367 docuit,

52 2371 215 2405 prioribus
228 2373 325 2401 Urbis
349 2374 493 2402 saeculis
516 2375 742 2408 potentissima
767 2376 852 2406 civi-

51 2420 103 2445 tas
127 2418 275 2447 Etruriae
298 2418 370 2447 fuit.
418 2420 592 2449 Praeterea
621 2421 715 2450 illam
746 2423 852 2459 regio-

52 2471 126 2491 nem
151 2464 192 2492 ad
216 2465 373 2501 Tiberim,
406 2466 461 2494 ubi
485 2470 575 2494 erant
605 2468 732 2497 Tuscae
754 2471 850 2497 urbes

54 2507 200 2546 Capena,
240 2511 378 2547 Falerii,
412 2512 643 2549 Fescennium,
685 2516 850 2552 Messapo,

53 2553 156 2582 Turni
178 2555 277 2593 socio,
308 2556 383 2585 fecit
405 2564 528 2594 parere,
565 2562 600 2587 ut
623 2559 717 2590 finem
737 2561 852 2590 videa-

53 2602 104 2628 tur
134 2601 288 2631 habuisse
321 2603 470 2632 Etruriae
501 2604 665 2634 Ciminum
702 2611 852 2645 montem,

52 2645 109 2680 qui
132 2650 201 2675 erat
224 2654 280 2681 per
305 2649 436 2684 longum
465 2654 599 2685 tempus.

51 2699 244 2733 215—255.
292 2702 490 2746 Nymphae,
530 2714 548 2737 e
588 2705 736 2739 navibus
776 2717 851 2739 mu-

50 2760 158 2799 tatae,
190 2757 332 2791 Aeneae
368 2765 512 2793 narrant
552 2762 612 2804 qui
654 2764 700 2795 sit
734 2773 849 2796 rerum

392 2822 515 2851 status.

96 2873 174 2904 215.
222 2878 290 2905 Iam
316 2878 419 2913 pergit
443 2886 596 2917 narrare,
632 2882 716 2915 quod
746 2889 849 2911 versu

53 2916 116 2949 147
139 2921 325 2956 inceperat:
350 2921 467 2953 media
488 2923 735 2963 Aeneasfrcta
750 2930 851 2957 nocte

50 2964 209 3003 secabat‚·
233 2969 293 2997 sed
317 2971 628 3000 commemoratione
644 2980 753 3001 rerum
765 2981 848 3008 quas

50 3017 161 3046 egerat
186 3014 341 3053 Aeneas,
386 3016 620 3052 sociorumque
659 3025 744 3053 quos
769 3020 849 3048 edu-

902 1231 1008 1264 xerat,
1035 1227 1163 1256 deflexit
1192 1231 1306 1262 poeta;
1345 1227 1385 1255 ad
1409 1222 1495 1261 quod
1520 1226 1583 1255 iam
1609 1227 1703 1255 redit.

902 1276 988 1302 Male
1016 1276 1175 1303 turbatum
1201 1278 1254 1302 est
1295 1273 1327 1301 in
1370 1275 1433 1301 hoc
1464 1274 1559 1309 loco,
1604 1281 1703 1307 quum

903 1321 986 1348 diem
1021 1321 1060 1348 (le
1094 1325 1189 1348 nocte
1225 1320 1344 1347 dictum
1387 1326 1466 1347 esse
1500 1318 1702 1353 accipientes

901 1371 954 1394 aut
970 1370 1128 1394 mutarent
1147 1370 1201 1394 aut
1215 1369 1414 1399 torquerent.
1461 1366 1576 1398 Itaque
1588 1366 1703 1394 eadem

902 1417 953 1441 est
979 1420 1046 1441 nox
1073 1419 1103 1440 v.
1133 1409 1195 1440 147
1221 1415 1251 1439 et
1278 1410 1344 1439 216
1372 1419 1429 1444 ea,
1456 1417 1540 1445 quae
1563 1411 1703 1439 Aeneae

902 1458 932 1486 in
962 1463 1073 1486 castra
1098 1457 1256 1486 adventui
1281 1461 1312 1486 et
1340 1459 1473 1486 deorum
1507 1457 1647 1485 concilio
1672 1461 1703 1485 et

903 1504 1046 1541 proelio,
1078 1512 1141 1538 quo
1174 1504 1256 1539 perit
1289 1503 1492 1538 Mezentius,
1527 1503 1702 1532 antecedit.

908 1547 957 1578 Pl.
986 1549 1071 1578 coni.
1122 1547 1265 1589 Iamque
1292 1547 1396 1578 decus
1422 1546 1529 1577 caelo.

947 1594 1026 1625 216.
1060 1593 1193 1624 Phoebe
1211 1596 1306 1624 Luna
1331 1600 1393 1631 est,
1420 1596 1518 1623 utSol
1536 1596 1702 1624 Phoebus.

902 1657 947 1661 —
976 1639 1169 1683 noctivago
1204 1650 1326 1671 curru.-
1374 1643 1425 1670 Ita
1456 1642 1615 1676 Egnatius
1648 1649 1703 1677 ap.

903 1690 1003 1716 Macr.
1034 1687 1072 1723 6,
1103 1688 1124 1716 5
1162 1688 1342 1723 noctivaga
1379 1693 1471 1717 astra
1510 1688 1602 1716 dixit.

902 1731 1010 1768 alma,
1038 1734 1124 1768 quod
1147 1735 1234 1762 lucet
1259 1733 1299 1763 cf.
1319 1736 1341 1768 t,
1365 1732 1441 1762 306.
1467 1748 1511 1753 ——
1532 1731 1703 1773 pulsabat

901 1787 1006 1808 sonus
1040 1787 1158 1807 currus
1189 1780 1286 1808 vecti.
1336 1781 1387 1808 Ita
1413 1780 1473 1807 Ov.
1499 1782 1540 1807 Μ.
1567 1779 1598 1816 6,
1633 1779 1699 1807 487

901 1823 981 1863 equi
1006 1822 1199 1864 pulsabant
1222 1822 1371 1864 pedibus
1385 1822 1537 1864 spatium
1557 1822 1704 1855 declivis

906 1867 1055 1910 Olympi.
1104 1873 1218 1906 Itaque
1242 1871 1351 1899 media
1368 1875 1418 1900 est
1446 1879 1522 1899 nox.

945 1915 1022 1945 217.
1048 1915 1186 1946 membr.
1212 1914 1244 1945 d.
1268 1926 1293 1946 c.
1322 1925 1374 1956 q..·
1404 1917 1450 1945 ita
1475 1915 1506 1954 4,
1530 1916 1562 1946 5.

945 1960 1022 1991 218.
1050 1960 1202 2001 velisque
1225 1960 1404 1992 ministrat
1432 1962 1472 1991 cf.
1495 1962 1526 1995 6,
1553 1962 1631 1992 302.

945 2007 1022 2036 220.
1050 2006 1226 2043 comitum,
1252 2009 1328 2044 quia
1355 2017 1428 2038 cum
1456 2017 1494 2037 eo
1514 2009 1546 2037 in
1572 2010 1700 2038 ltaliam

900 2058 1059 2083 venerant
1092 2062 1210 2083 naves.
1258 2056 1334 2091 Ida,
1377 2062 1442 2090 qua
1475 2056 1548 2090 ipse
1581 2061 1700 2085 vectus

899 2105 968 2136 est,
1001 2109 1066 2129 non
1089 2106 1139 2129 est
1166 2105 1299 2130 mutata.
1355 2099 1486 2139 Cybebe
1508 2104 1549 2130 M.
1576 2107 1608 2130 et
1633 2102 1701 2131 alii.

898 2162 942 2165 —
966 2144 1089 2185 Cybele
1104 2148 1206 2183 vulg„
1225 2148 1281 2175 sed
1301 2149 1461 2176 Graecum
1488 2152 1538 2176 est
1556 2141 1701 2187 Κυβέλη

898 2196 927 2220 et
958 2185 1112 2232 Κυβήβη
1136 2197 1168 2221 et
1187 2195 1249 2221 boc
1278 2195 1353 2221 loco
1382 2193 1549 2221 Bacchius
1577 2199 1640 2222 est.

944 2237 1022 2266 221.
1046 2247 1172 2267 numen
1205 2236 1331 2267 habere
1363 2237 1471 2267 maris
1503 2238 1543 2267 cf.
1576 2240 1636 2268 ΟΥ.
1664 2241 1700 2268 F.

896 2283 927 2320 2,
952 2282 1019 2312 642
1052 2282 1210 2313 Termine
1234 2293 1361 2313 numen
1387 2281 1502 2313 habes.
1531 2300 1571 2305 ·-
1603 2292 1700 2324 nym-

895 2327 986 2370 phas
1016 2338 1032 2358 e
1058 2327 1207 2359 nauibus
1233 2339 1314 2359 esse.
1365 2331 1432 2360 Cic.
1456 2332 1542 2359 Part.
1567 2332 1619 2360 Or.
1649 2330 1700 2368 17,

895 2376 959 2404 57:
990 2373 1087 2405 Nihil
1119 2379 1168 2405 est
1198 2379 1269 2405 tam
1299 2373 1494 2405 miserabile
1525 2385 1628 2415 quam
1660 2384 1700 2405 cx

896 2419 994 2451 beato
1022 2419 1137 2450 miser.
1185 2424 1257 2451 Ter.
1274 2424 1356 2451 And.
1389 2421 1415 2459 1,
1445 2421 1473 2460 1,
1499 2419 1541 2449 to
1565 2419 1646 2451 Feci
1660 2430 1700 2451 cx

896 2476 994 2497 seruo
1022 2470 1057 2497 ut
1083 2476 1173 2497 esses
1200 2466 1343 2497 libertus
1364 2465 1462 2497 mihi.

941 2512 1020 2542 2:23.
1047 2514 1094 2543 Cf.
1123 2522 1153 2543 v.
1181 2514 1212 2551 9,
1252 2511 1327 2543 121.
1387 2516 1478 2550 Quod
1505 2521 1624 2548 prorae
1657 2515 1698 2542 ad

895 2561 973 2589 litus
1005 2564 1108 2596 stant,
1148 2569 1212 2589 non
1251 2569 1396 2596 puppes,
1438 2560 1625 2594 explicatur
1655 2568 1699 2589 ex

901 2615 956 2639 eo.
985 2608 1069 2640 quod
1103 2607 1136 2635 in
1163 2607 1270 2635 animo
1298 2615 1361 2635 non
1384 2610 1451 2635 erat
1477 2606 1631 2635 'I'roianis
1655 2614 1699 2636 ex

898 2653 995 2681 Italia
1022 2653 1123 2681 abire.

944 2696 1021 2726 224.
1047 2696 1200 2727 lustrant
1233 2694 1366 2727 choreis
1402 2697 1421 2726 i.
1454 2705 1483 2726 e.
1515 2697 1699 2726 circumna-

897 2749 964 2773 tant
993 2744 1134 2781 choreis,
1172 2746 1308 2772 verbum
1335 2745 1374 2772 de
1396 2751 1430 2772 re
1456 2750 1572 2780 sacra3
1601 2743 1642 2772 cf.
1666 2743 1699 2781 7,

897 2789 974 2819 391.

941 2834 1019 2864 225.
1051 2832 1266 2874 Cymodocea
1289 2835 1373 2864 inter
1396 2836 1552 2864 Nereides
1569 2839 1617 2863 est
1646 2842 1697 2870 ap.

896 2884 975 2911 Hes.
1003 2883 1125 2918 Theog.
1150 2880 1217 2909 245
1243 2885 1275 2909 et
1298 2889 1352 2916 ap.
1384 2882 1440 2910 Sil.
1471 2882 1512 2918 7,
1547 2880 1613 2910 429
1646 2885 1697 2909 est

902 2925 1092 2967 Cymodoce
1136 2925 1369 2967 nympharum
1408 2925 1564 2957 maxima
1610 2928 1697 2956 natu

899 2971 1082 3003 Italidum.

941 3019 1018 3048 ⁶226.
1051 3017 1143 3049 Pone
1171 3015 1270 3058 sequi
1294 3019 1342 3049 sic
1366 3018 1397 3058 6,
1424 3016 1501 3049 751.
