2023 3350
232 123 286 164 32

800 124 836 157 Ρ.
861 123 1053 158 leG1L11
1077 124 1287 159 MARONIS

230 233 418 276 Nudavit
440 247 695 288 caecumque
722 234 871 277 domus
893 237 1030 278 scelus
1054 251 1176 279 omne
1200 237 1365 279 retexit.

232 292 337 332 Tum
366 293 551 334 celerare
575 292 718 344 sugam
744 294 973 346 patriaque
999 294 1200 336 excedere
1224 295 1386 346 suadet,

231 349 529 402 Auxiliumque
559 350 650 390 viae
674 354 836 390 veteres
866 351 1018 391 tellure
1041 351 1224 392 recludit

232 406 490 456 sl'hesauros,
520 407 711 459 ignotum
738 408 905 458 argenti
932 407 1099 460 pondus
1127 412 1169 449 et
1195 409 1300 450 auri.

232 463 310 503 His
336 467 547 504 commota
576 463 721 513 fugam
750 457 862 504 Dido
893 464 1117 517 sociosque
1144 465 1338 518 parabat.

1777 468 1860 508 360

231 521 514 570 Conveniunt,
546 520 697 572 quibus
724 524 799 561 aut
830 520 973 561 odium
996 521 1166 563 crudele
1193 523 1363 576 tyranni

230 579 316 618 Aut
345 581 481 618 metus
511 590 609 617 acer
635 581 747 629 erat3
771 591 915 630 naves,
941 592 1050 632 quae
1072 577 1184 621 forte
1207 584 1398 633 paratae,

231 635 473 687 Corripiunt
502 638 764 688 onerantque
793 648 918 687 aur03
945 639 1171 688 portantur
1200 638 1317 678 avari

230 691 518 745 Pygmalionis
548 705 648 744 opes
672 692 849 745 pelago3
876 692 961 733 dux
988 692 1146 734 femina
1172 693 1289 735 facti.

229 749 445 789 Devenere
474 748 613 799 locos,
644 748 717 789 ubi
745 763 855 790 nunc
880 750 1070 803 ingentia
1098 750 1233 792 cernis

1779 751 1860 792 365

230 805 398 846 Moenia
422 809 748 860 surgentemque
770 821 906 849 novae
931 807 1201 861 Carthaginis
1226 820 1386 859 arcem3

227 862 491 916 Mercatique
522 863 678 915 solum,
704 863 808 905 facti
838 864 890 906 de
916 865 1085 906 nomine
1108 866 1299 919 Byrsam,

229 920 414 961 Taurino
445 924 651 973 quantum
678 926 854 975 possent
881 923 1144 964 circumdare
1172 926 1307 975 tergo.

229 976 312 1018 Sed
339 992 414 1019 vos
439 978 512 1031 qui
542 979 734 1032 tandein,
760 980 912 1033 quibus
939 983 1014 1021 aut
1044 980 1217 1021 venistis
1248 980 1303 1021 ab
1334 978 1452 1020 oris?

229 1035 372 1085 Quove
398 1035 551 1077 tenetis
577 1036 685 1078 iter?

748 1037 977 1087 Quaerenti
1005 1037 1164 1079 talibus
1187 1037 1259 1078 ille

1777 1037 1860 1077 370

230 1092 458 1147 Suspirans
486 1093 656 1146 imoque
679 1095 855 1136 trahens
882 1109 908 1135 a
937 1099 1112 1149 pectore
1135 1107 1299 1136 vocem:

343 1151 376 1191 O
403 1150 501 1201 dea,
532 1151 567 1192 si
594 1152 733 1204 prima
759 1156 953 1206 repetens
982 1153 1036 1194 ab
1066 1153 1228 1206 origine
1256 1164 1443 1205 pergam,

226 1208 284 1249 Et
311 1211 433 1250 vacet
460 1209 631 1250 annales
655 1213 902 1251 nostrorum
932 1210 1080 1252 audire
1108 1210 1316 1261 laborum,

274 1358 349 1388 356.
383 1356 538 1388 Nudavit
564 1361 602 1389 ad
631 1362 772 1400 pectora
800 1363 949 1398 pertinet,
980 1371 1021 1392 ex

227 1414 325 1441 eoque
355 1406 443 1434 aliud
478 1409 610 1434 verbum
641 1409 837 1435 monstrandi
865 1410 905 1436 ad
938 1416 1021 1437 aras

226 1456 275 1480 est
299 1452 530 1480 extricandam.
579 1453 613 1480 Id
644 1452 706 1480 sibi
734 1458 936 1488 sumpserunt
968 1456 1020 1482 vel

227 1498 337 1531 optimi
362 1497 543 1531 scriptores
588 1497 654 1526 Cic.
678 1506 722 1533 pr.
745 1500 783 1526 R.
802 1500 843 1527 A.
869 1497 890 1527 8
918 1508 1020 1539 quum

229 1541 345 1571 eodem
373 1545 522 1582 tempore
555 1544 586 1571 et
618 1551 676 1579 ea,
709 1552 799 1583 quae
828 1543 1020 1584 praeterita

228 1591 319 1623 sunt,
369 1590 399 1618 et
436 1596 492 1626 ea,
543 1596 631 1627 quae
672 1587 835 1618 videntur
878 1588 1020 1626 instare,

224 1635 471 1674 praeparet.
519 1634 565 1661 De
581 1635 755 1670 Zeugmate
773 1635 811 1663 cf.
835 1637 886 1664 Gr.
905 1636 926 1671 g
943 1634 1018 1665 500.

230 1695 268 1698 -
296 1687 449 1715 caccum,
479 1681 649 1708 obscurum
674 1680 712 1709 cf.
739 1679 774 1716 6,
801 1678 876 1709 715.

274 1722 348 1753 357.
376 1721 501 1753 suadet
526 1734 551 1753 c.
581 1725 636 1753 inf.
660 1727 710 1754 Gr.
738 1726 760 1760 g
786 1723 866 1761 425.
898 1728 962 1755 An.
990 1725 1018 1755 3.

274 1767 349 1798 358.
381 1767 518 1798 Tellure
547 1768 715 1805 recludim-
744 1772 765 1800 i.
798 1780 825 1800 e.
858 1780 875 1800 e
909 1774 1021 1801 tellure

227 1816 341 1844 effodit.
398 1816 503 1844 Verba
539 1817 624 1845 enim
665 1825 736 1845 cum
772 1825 808 1846 re
846 1819 1022 1852 composita

227 1862 359 1896 saepius
380 1861 557 1896 simplicem
583 1863 762 1891 ablativum
786 1864 1021 1898 praepositione

228 1915 290 1935 non
323 1907 430 1935 addita
462 1912 649 1942 assumunt;
683 1908 721 1936 cf.
755 1907 916 1948 refulgeo
943 1907 1018 1937 402.

227 1955 317 1981 resto
342 1950 415 1980 679.
461 1956 598 1990 reporto
625 1951 662 1989 2,
698 1951 769 1982 115.
815 1952 956 1995 resigno
990 1953 1019 1989 4,

227 1995 303 2026 24⁴.
339 1995 466 2026 revello
489 1996 565 2026 5⁴6.
603 1996 740 2028 remitto
766 1999 796 2033 5,
822 1997 873 2027 99.
914 1996 1020 2029 reddo

231 2041 302 2071 178.
353 2041 465 2080 refero
487 2041 562 2071 409.
611 2041 718 2081 refluo
742 2042 771 2074 9.
798 2043 849 2073 32.
890 2043 1019 2073 resulto

231 2087 285 2122 10,
314 2087 388 2116 330.
438 2091 574 2127 reporto
606 2091 640 2117 G.
672 2087 704 2122 l,
737 2088 810 2118 275.
861 2088 962 2119 redeo
988 2089 1018 2127 3,

229 2131 280 2162 11.
329 2141 450 2162 revoco
473 2132 502 2170 4,
528 2132 579 2162 28.
599 2150 637 2154 —
664 2133 843 2164 Auxilium
867 2135 944 2164 viae
963 2144 1020 2171 ap-

227 2180 364 2214 positum
390 2181 431 2207 ad
455 2176 653 2215 thesauros,
679 2181 733 2215 qui
756 2181 819 2209 sint
841 2182 1018 2217 auxilium3

227 2226 273 2254 ita
297 2223 372 2253 443.
399 2223 474 2254 636.
513 2222 564 2261 12,
587 2222 640 2254 84.
688 2227 881 2260 Appositum
904 2232 951 2256 est
976 2228 1017 2262 id,

226 2273 306 2306 quod
333 2279 366 2299 re
384 2271 456 2305 ipsa
471 2271 613 2300 efficitur.
657 2271 703 2299 Cf.
725 2268 812 2300 Otho
832 2271 1019 2312 pontificu-

227 2319 282 2346 ως
305 2319 572 2355 auguratusque
593 2314 771 2345 honoratis
793 2315 861 2346 iam
885 2316 1021 2348 senibus

227 2360 439 2391 cumulum
466 2362 631 2398 dignitatis
654 2363 775 2391 addidit
797 2364 831 2392 Τ.
852 2365 889 2392 H.
919 2360 946 2400 1,
964 2362 1016 2393 27.

227 2405 280 2436 44.
328 2408 369 2436 Α.
399 2406 433 2444 2,
461 2406 512 2436 64.

273 2450 348 2481 359.
376 2450 536 2490 ignotum
572 2461 616 2482 sc.
658 2454 879 2491 Pygmalioni,
930 2455 1017 2489 aliis,

226 2502 335 2526 notum
370 2499 503 2535 Didoni,
545 2499 583 2527 cf.
616 2500 693 2527 Iust.
731 2497 786 2535 18,
827 2497 864 2527 4:
911 2500 1017 2536 „Huic

227 2543 412 2579 (Sychaeo)
440 2551 576 2580 magnae
605 2545 659 2572 sed
693 2544 915 2573 dissimulatae
940 2553 1016 2579 opes

226 2593 326 2624 erant,
352 2597 527 2624 aurumque
550 2594 632 2618 metu
660 2590 744 2626 regis
767 2597 827 2617 non
846 2591 935 2619 tectis
960 2591 1015 2618 sed

227 2638 328 2662 terrae
351 2635 533 2663 crediderat.
583 2636 684 2669 Quam
705 2644 769 2664 rem
788 2636 847 2663 etsi
871 2636 1016 2664 homines

226 2679 428 2715 ignorabant,
461 2681 547 2709 fama
570 2685 675 2709 tamen
699 2683 892 2715 loquebatur.
947 2682 1016 2715 Qua

226 2733 283 2758 spe
320 2725 469 2753 incensus
507 2727 699 2761 Pygmalion
738 2735 887 2762 generum
921 2735 1015 2755 suum

227 2769 373 2798 oceidiw‘

274 2813 348 2843 362.
372 2818 522 2854 paratae
547 2824 591 2845 sc.
619 2822 707 2846 erant
740 2822 768 2846 et
797 2815 861 2846 367
885 2824 1015 2846 merca-

227 2857 322 2900 tique
341 2869 385 2889 sc.
412 2865 485 2889 sunt
509 2861 546 2889 cf.
572 2861 609 2896 5,
636 2861 711 2891 362.

271 2903 347 2934 364.
380 2902 620 2945 Pygmalionis
644 2916 741 2947 opes,
767 2917 828 2937 non
855 2916 935 2943 quas
961 2909 1015 2936 ille

225 2952 290 2980 iam
313 2958 391 2980 suas
420 2953 567 2987 putabat;
597 2955 653 2981 sed
677 2961 759 2988 quae
789 2963 830 2982 ex
862 2954 931 2982 iure
955 2954 1015 2981 im-

225 2997 306 3031 perii
331 2997 393 3031 ipsi
420 2998 528 3025 cedere
554 2998 724 3035 debebant,
756 2999 890 3034 eiusque
914 3003 1013 3028 erant.

231 3039 281 3071 Pl.
309 3051 363 3078 pro
387 3050 466 3083 opes
497 3043 578 3072 coni.
602 3051 696 3084 spes,
726 3053 919 3080 versumque
944 3053 1014 3074 cor-

1066 1363 1192 1398 rumpit.
1217 1377 1254 1382 —-
1282 1358 1352 1390 (lux
1370 1356 1515 1397 femina.
1559 1361 1594 1388 Id
1612 1363 1765 1388 attentum
1784 1358 1860 1389 facit

1067 1418 1154 1439 eum.
1180 1409 1235 1443 qui
1259 1408 1363 1443 audit,
1391 1407 1423 1434 iu
1447 1407 1543 1435 tatem
1565 1405 1726 1434 feminam.

1114 1453 1187 1482 365.
1215 1451 1325 1482 cernis
1373 1449 1419 1480 M.
1473 1460 1567 1487 „cum
1610 1450 1743 1480 multis“
1790 1448 1859 1480 Hu.

1068 1508 1182 1529 cernes
1217 1496 1302 1538 PRy
1331 1502 1412 1526 teste
1438 1494 1501 1525 Πὸ.
1533 1497 1553 1525 i.
1580 1506 1606 1525 e.
1633 1497 1741 1526 statim
1769 1498 1860 1526 vide-

1066 1546 1125 1574 bis.
1175 1547 1234 1573 Sed
1268 1544 1373 1573 docuit
1416 1540 1499 1583 Wg.
1531 1551 1624 1571 nunc
1655 1551 1726 1572 cum
1754 1541 1859 1572 futuro

1066 1600 1128 1619 nou
1160 1592 1205 1619 ita
1239 1590 1311 1619 dici.
1359 1590 1410 1617 Ac
1439 1597 1506 1617 rem
1531 1588 1653 1618 conticit
1678 1590 1761 1624 quod
1784 1596 1859 1618 nar-

1067 1641 1170 1665 ratum
1196 1641 1243 1665 est
1270 1637 1309 1664 ad
1338 1632 1412 1663 159.

1113 1680 1186 1710 356.
1215 1689 1324 1710 arcem
1357 1680 1376 1708 i.
1403 1688 1428 1708 e.
1455 1680 1611 1715 Bwsam,
1642 1688 1739 1714 quum
1762 1688 1860 1709 arces

1066 1737 1098 1756 v.
1126 1726 1167 1755 20
1194 1727 1346 1763 significet
1374 1728 1482 1754 urbem
1507 1726 1744 1761 Carthaginem.

1113 1771 1188 1801 367.
1214 1768 1444 1810 mercatique.-
1475 1771 1652 1799 Notissima
1669 1774 1716 1799 est
1733 1772 1770 1799 de
1787 1774 1859 1800 tau-

1067 1819 1135 1848 rino
1165 1819 1248 1847 corio
1277 1818 1403 1850 fabula,
1441 1820 1511 1844 orta
1541 1816 1611 1845 sine
1636 1817 1746 1853 dubio,
1775 1817 1871 1851 quod*

1067 1865 1262 1893 Phoenicum
1288 1870 1399 1892 vocem
1424 1862 1541 1896 Bosra,
1574 1869 1636 1896 qua
1669 1870 1729 1890 arx
1755 1862 1858 1899 signi-

1067 1910 1191 1946 ficatur,
1223 1909 1334 1939 Graeci
1363 1916 1434 1937 cum
1459 1907 1601 1941 ipsorum
1627 1908 1735 1942 aliquo
1760 1915 1859 1937 voca-

1066 1958 1140 1984 bulo
1171 1947 1290 1995 βύρσα
1326 1954 1578 1988 confundebant3
1611 1957 1644 1982 ut
1675 1954 1750 1982 Tac.
1782 1954 1857 1982 hist.

1067 2001 1103 2036 5,
1134 1999 1153 2028 2
1186 2002 1299 2029 Idaeos
1331 2001 1500 2028 Cretenses
1530 2007 1601 2028 cum
1624 1999 1753 2027 Iudaeis
1786 2007 1857 2034 per-

1064 2048 1186 2076 miscet.
1210 2061 1247 2065 —
1271 2047 1359 2074 Delet
1386 2042 1466 2072 Wd.
1486 2046 1567 2079 quod
1593 2046 1676 2074 male
1698 2045 1855 2080 iungitur3

1065 2094 1145 2128 quod
1179 2093 1262 2120 male
1295 2094 1457 2125 narratur,
1495 2098 1592 2124 quum
1628 2091 1758 2119 mercati
1792 2091 1858 2118 sint

1065 2147 1127 2166 non
1152 2139 1254 2166 solam
1280 2138 1434 2172 Byrsam
1460 2137 1543 2170 quod
1563 2136 1695 2171 singula
1720 2136 1802 2164 inter
1821 2143 1856 2164 se

1064 2186 1148 2213 male
1172 2186 1350 2212 cohaerent.
1406 2179 1489 2221 Wg.
1510 2185 1543 2209 ut
1566 2184 1684 2217 servet,
1709 2185 1856 2216 transpo-

1065 2231 1110 2258 nit
1125 2237 1256 2258 versus:
1282 2230 1378 2257 Mero.
1396 2228 1473 2255 Tan.
1490 2228 1568 2255 Dev.
1586 2226 1696 2255 Moen!
1723 2228 1857 2256 Frustra

1072 2272 1121 2303 Pl.
1148 2284 1188 2304 ex
1212 2274 1269 2302 Sil.
1297 2271 1324 2309 1,
1348 2270 1389 2300 2-1
1410 2274 1626 2301 demonstrare
1647 2276 1780 2301 conatur
1797 2275 1856 2301 hos

1065 2329 1180 2349 versus
1210 2320 1275 2348 iam
1299 2321 1397 2347 lectos
1425 2326 1497 2346 esse
1517 2324 1537 2346 a
1561 2317 1650 2346 Silio.
1699 2318 1786 2346 Nihil
1811 2317 1856 2347 ibi

1064 2367 1180 2402 legitur
1212 2372 1307 2400 quam
1346 2368 1418 2392 nota
1455 2366 1534 2391 haec
1567 2363 1715 2399 historia,
1759 2371 1856 2398 quam

1064 2412 1320 2446 interpolatorem
1341 2410 1437 2438 etiam
1459 2416 1479 2437 a
1496 2408 1575 2436 Silio
1595 2409 1775 2443 sumpsisse
1793 2417 1856 2438 non

1064 2457 1169 2485 minus
1187 2456 1348 2490 probabile
1372 2458 1430 2487 est,
1455 2461 1550 2489 quam
1574 2460 1594 2481 a
1613 2455 1709 2488 Vglio
1727 2455 1854 2483 Silium.

1063 2502 1107 2530 At
1151 2498 1296 2538 Piihtig,
1335 2497 1482 2528 Stcndal
1521 2497 1558 2526 71
1599 2508 1640 2528 ex
1678 2500 1855 2529 imitatione

1062 2553 1144 2581 quae
1166 2550 1213 2575 est
1231 2546 1315 2574 Ciris
1338 2543 1400 2573 488
1426 2553 1542 2574 versus
1567 2545 1632 2573 iam
1656 2546 1757 2581 primo
1780 2553 1854 2575 sae-

1063 2594 1134 2620 culo
1160 2593 1257 2621 lectos
1282 2600 1353 2619 esse
1377 2592 1579 2620 demonstrat.

1109 2636 1182 2665 369.
1215 2634 1282 2675 Qui
1319 2635 1456 2666 tandem
1505 2637 1610 2673 signat
1656 2636 1853 2666 sciscitantis

1062 2683 1261 2712 desiderium.

1063 2757 1276 2790 372—326.
1325 2756 1461 2789 Aeneas
1499 2767 1586 2799 quae
1617 2755 1683 2789 sibi
1719 2756 1852 2789 accide-

1349 2804 1418 2835 rint.
1442 2808 1567 2835 narrat.

1109 2859 1181 2891 372.
1208 2865 1363 2902 repetens
1381 2871 1401 2891 a
1417 2861 1532 2902 prima
1551 2859 1697 2902 origine.
1740 2863 1853 2892 Simile

1061 2906 1091 2943 8.
1118 2906 1192 2936 371.
1242 2910 1276 2936 G.
1306 2906 1334 2944 4,
1362 2907 1436 2937 255.
1465 2924 1502 2928 ——
1535 2905 1683 2948 Pergam
1710 2916 1754 2937 sc.
1778 2916 1852 2937 nar-

1061 2961 1141 2982 rare.
1189 2955 1239 2982 lta
1270 2954 1334 2983 Cic.
1362 2955 1453 2983 Verr.
1485 2952 1521 2990 3,
1555 2951 1592 2990 3,
1627 2951 1670 2982 20
1701 2961 1851 2994 pergam

1059 3001 1164 3038 atque
1190 2996 1353 3038 insequar
1378 2996 1530 3038 longius.

1107 3041 1181 3073 373.
1210 3042 1365 3074 Annales
1387 3045 1475 3081 dicit,
1501 3045 1583 3079 quod
1606 3045 1723 3073 multos
1747 3051 1851 3073 annos
