2023 3350
87 212 298 267 Corpora,
337 213 411 267 qui
449 210 647 254 manibus
684 226 890 266 magnum
923 213 1169 256 r·escinde1e
1205 215 1371 257 caelum

83 271 310 325 Adgiessi,
351 270 605 324 superisque
640 271 784 312 Iovem
823 270 1055 313 detrudere
1091 272 1247 326 regnis.

84 328 184 370 Xidi
222 333 264 371 et
297 328 491 370 crudeles
529 327 704 369 dantem
744 327 975 371 Salmonea
1008 344 1183 384 poenaS,

82 385 196 427 Dum
234 386 428 428 flammas
467 386 581 427 Iovis
619 389 661 427 et
698 387 865 428 sonitus
907 388 1106 429 imitatur
1141 388 1323 442 Ο])Ιιη)ἱ.

84 443 301 493 Quattuor
332 445 402 486 hic
437 443 633 485 invectus
668 445 811 497 equis,

81 500 164 543 Per
201 502 379 544 Graium
416 501 602 555 populos
637 502 892 556 mediaeque
926 517 1002 557 per
1037 503 1174 545 Elidis
1213 504 1365 547 urbem

80 558 180 600 Ibat
218 574 366 611 ovans,
405 559 637 613 divomque
673 560 756 601 sibi
793 561 1000 614 poscebat
1039 561 1259 613 honorem,

79 616 288 659 Demens!
331 617 404 671 qui
445 617 614 659 nimbos
655 622 698 659 et
733 632 819 660 non
858 618 1070 661 imitabile
1108 619 1269 661 fulmen

78 675 189 716 Aere
227 678 269 717 et
307 675 590 728 cornipedum
624 676 751 730 pulsu
794 677 1019 719 simularet
1056 691 1278 730 equorum.

78 733 136 774 At
167 737 292 786 pater
333 733 606 787 omnipotens
646 734 780 776 densa
814 735 926 776 inter
959 735 1110 776 nubila
1143 736 1278 777 telum

79 790 325 842 Contorsit3
368 804 454 832 non
491 792 564 833 ille
602 791 739 839 faces,

691 97 929 131 AENEIDOS
958 100 1044 133 LIB.
1077 101 1136 133 VI.
1660 104 1742 144 299

1659 334 1741 374 585

853 448 896 486 et
933 445 1137 500 lampada
1176 460 1387 500 quassans

1656 628 1740 667 590

781 807 858 834 nec
891 793 1036 834 fumea
1073 793 1214 834 taedis

1654 916 1737 955 595

76 847 280 899 Lumina3
316 849 687 903 praecipitemque
722 850 898 892 innnani
935 850 1108 892 turbine
1149 851 1307 904 adegit.

76 906 166 947 Nec
204 919 290 947 non
326 909 369 948 et
404 907 581 962 Tityon,
623 908 782 950 Terrae
819 908 1130 962 omniparentis
1168 909 1401 961 alumnum,

78 963 264 1006 Cernere
301 967 416 1016 erat,
455 980 533 1019 per
573 969 669 1007 tota
707 980 861 1008 novem
899 967 967 1007 cui
1003 966 1153 1019 iugera
1193 981 1349 1021 corpus

74 1021 340 1076 I'orrigitur3
382 1027 613 1077 rostroque
651 1024 851 1065 immanis
883 1024 1027 1065 voltur
1063 1024 1231 1065 obunco

74 1079 328 1122 Immortale
362 1080 481 1123 iecur
514 1081 698 1124 tondens
733 1081 1003 1136 fecundaque
1040 1081 1192 1135 poenis

74 1252 129 1274 ses
167 1248 365 1275 crescebant.
434 1247 519 1276 Freti
557 1247 665 1282 itaque
707 1246 879 1275 altitudine

74 1292 202 1320 caelum
238 1294 371 1322 voluere
414 1296 620 1328 subvertere;
666 1294 722 1321 sed
762 1292 879 1322 confixi

73 1341 149 1366 sunt
176 1337 303 1367 Dianae
326 1343 354 1367 et
380 1339 550 1374 Apollinis
576 1336 682 1368 telis.“

120 1380 197 1412 583.
224 1381 443 1417 rescindere.-
491 1386 569 1414 Item
601 1387 636 1413 G.
673 1380 708 1421 1,
742 1381 808 1411 280
847 1385 879 1413 el

72 1426 276 1458 coniuratos
317 1428 453 1459 caelum
501 1428 698 1459 rescindere
732 1428 881 1468 fratres.

73 1476 188 1504 Claud.
221 1476 349 1512 Gigant.
387 1474 427 1504 31
465 1473 654 1505 rescindite
687 1478 801 1504 turres
835 1473 882 1504 si-

72 1518 208 1550 dereas.
272 1524 329 1550 Est
370 1524 505 1551 verbum
541 1522 682 1551 militare
723 1519 881 1551 scindere

71 1564 210 1597 vallum.
237 1564 274 1604 9,
300 1565 375 1596 146.

118 1611 196 1642 584.
223 1610 393 1654 Aggredi
416 1623 441 1643 c.
469 1613 525 1642 inf.
554 1614 620 1643 Cic.
645 1613 700 1643 Off.
728 1611 764 1650 2,
794 1611 820 1642 1.

118 1658 196 1687 585.
227 1658 436 1688 salmoneus
472 1661 559 1694 apud
601 1661 692 1689 Hom.
730 1661 785 1688 Od.
828 1656 877 1695 ll,

71 1702 137 1733 236
161 1697 334 1742 ἀμύμων,
369 1712 421 1740 ap.
448 1707 626 1735 Hesiodum
652 1707 765 1739 fragm.
798 1698 876 1735 ἄδι-

70 1757 143 1785 κος.
192 1751 314 1780 Postea
341 1756 454 1786 poetae
478 1761 551 1781 eum
577 1753 729 1787 superbia
755 1754 877 1781 elatum

70 1797 143 1826 Iovi
174 1805 210 1826 se
244 1805 456 1832 comparasse
479 1799 623 1829 scribunt
657 1798 695 1828 cf.
722 1799 875 1833 Apollod.

71 1839 110 1878 1,
145 1840 181 1880 9,
213 1840 251 1871 7;
308 1846 505 1873 Salmoneus
536 1845 675 1879 primum
707 1845 740 1872 in
773 1846 877 1873 Thes-

70 1889 158 1917 salia
182 1889 356 1923 habitavit,
380 1899 535 1919 reversus
556 1891 670 1919 deinde
688 1891 721 1918 in
740 1891 875 1927 Elidem,

71 1934 116 1963 ibi
143 1937 253 1964 urbem
279 1936 420 1965 condidit
452 1937 569 1971 (uuam
597 1938 790 1965 Salmonian
816 1913 875 1965 alii

70 1981 179 2009 dicunt
210 1985 243 2010 ut
274 1984 378 2010 Strab.
411 1980 432 2010 S
464 1991 493 2017 p.
527 1981 593 2010 ‘356
624 1983 715 2011 Diod.
745 1981 781 2016 4
811 1982 874 2019 69)

69 2018 248 2075 υβριστὴς
273 2020 310 2056 ὁὲ
336 2019 387 2056 ὧν
409 2036 471 2057 και
496 2024 546 2069 τῷ
575 2023 637 2057 Διὶ
659 2021 875 2065 ἐξισοῦσθαι

69 2065 212 2116 θέλων,
256 2067 317 2101 διὰ
359 2067 426 2112 τὴν
468 2066 532 2104 cios
525 2059 643 2124 βειαν
678 2067 874 2125 ἐκολάσθη·

70 2110 164 2168 ἔλεγε
194 2111 265 2157 ’γὰρ
297 2112 433 2150 ἑαυτὸν
467 2113 561 2148 εἶναι
593 2114 686 2170 Δία,
718 2115 779 2148 καὶ
810 2113 878 2154 τὰς

69 2155 209 2192 ἐκείνου
227 2158 343 2214 (Ξφελ’
324 2172 453 2203 ομενος
467 2161 605 2200 θυσίας
624 2141 744 2214 ἑαυτῷ
763 2170 876 2204 προσ-

69 2202 197 2238 ἔτασσε
222 2203 349 2240 θύειν·
383 2207 445 2240 καὶ
473 2206 614 2260 βύρσας
632 2204 697 2247 μέν
719 2197 876 2249 ἐξηραμ-

68 2247 181 2303 μένας
200 2248 236 2293 ἐξ
255 2248 422 2294 ἅρματος
439 2249 530 2296 μξτὰ
552 2250 713 2307 λεβήτων
732 2252 876 2296 χαλκῶν

70 2292 212 2349 σύρων,
242 2296 335 2340 ἔλεγε
367 2298 547 2341 βρονταν,
581 2297 725 2353 βάλλων
757 2297 794 2332 δὲ
827 2298 876 2337 εἰς

71 2337 235 2395 (ζῦρανὸν
265 2342 473 2385 αἰθομένας
509 2343 722 2398 λαμπάδας,
760 2343 876 2396 ἔνλεᾳεν

69 2382 304 2428 ἀστράπτειν.
359 2387 449 2429 Ζεὺς
482 2388 520 2424 ὁὲ
546 2387 662 2424 αὐτὸν
690 2386 876 2432 κεραυνώ-

70 2441 154 2473 σας,
186 2446 254 2488 την
283 2437 500 2469 κτισθεῖσαν
530 2432 592 2469 υπ’
625 2432 743 2469 αὐτοῦ
771 2434 876 2469 πόλιν

68 2478 129 2511 καὶ
152 2477 240 2518 τοὺς
263 2478 457 2523 οἰκήτορας
482 2478 640 2525 ἠφάνισε
663 2480 816 2522 πάντας.

115 2528 192 2557 586.
224 2527 296 2558 uidi
318 2529 458 2560 dantem
487 2547 526 2551 -—
552 2530 647 2561 dnm.
689 2533 873 2568 Simplicis-

67 2574 155 2603 sima
186 2576 374 2610 explicandi
406 2578 488 2606 ratio
518 2579 648 2607 videtur
674 2581 772 2612 haec,
807 2586 872 2613 qua

68 2620 207 2650 dicimus
229 2622 264 2650 in
288 2631 324 2651 eo
349 2624 538 2652 constitisse
563 2632 699 2658 poenam
722 2627 872 2660 superbo,

67 2668 151 2701 quod
175 2668 273 2697 etiam
297 2668 331 2696 in
355 2670 490 2698 Tartaro
511 2671 623 2698 Iovem
647 2670 774 2699 iubetur
798 2671 872 2699 imi-

67 2713 140 2741 tari.
190 2715 279 2749 Quod
299 2722 397 2749 quam
421 2723 545 2744 vanum
567 2716 607 2744 sit
633 2724 731 2750 quum
754 2724 873 2752 cogno-

69 2759 168 2797 verit,
201 2761 234 2788 in
267 2765 435 2790 aeternum
464 2765 571 2790 tamen
601 2761 707 2791 facere
736 2763 871 2799 cogitur.

67 2805 139 2834 lam
159 2813 243 2841 quae
261 2811 364 2841 potest
382 2815 487 2842 poena
504 2808 683 2844 excogitari
704 2809 873 2837 acerbior?

67 2850 177 2880 Simili
200 2854 292 2882 modo
318 2854 452 2888 punitur
474 2853 569 2882 Ixion
590 2862 623 2882 v.
651 2851 728 2882 603.
785 2851 871 2893 Wg.

67 2902 140 2931 post
157 2907 289 2934 poenas
307 2905 471 2934 punctum,
496 2905 568 2934 post
588 2896 728 2938 Olympi
747 2907 874 2929 comma

66 2944 175 2977 posuit
196 2945 356 2980 refertque
378 2955 410 2974 v.
431 2943 497 2974 586
519 2946 559 2974 ad
586 2946 765 2980 sequentia.
810 2943 872 2974 Rb.

67 2996 100 3017 v.
124 2987 189 3019 586
221 2992 472 3028 dittographiam
505 2991 603 3020 sumit
635 2999 710 3020 esse
732 3000 766 3021 v.
793 2989 873 3019 590.

68 3031 106 3063 91
137 3040 167 3065 et
193 3037 289 3067 uncis
314 3038 468 3075 inclusit;
493 3037 673 3067 assentitur
702 3034 766 3066 Ld.
811 3039 875 3067 Sed

926 1242 992 1274 586
1020 1245 1140 1275 indicat
1161 1254 1308 1285 poenam,
1336 1244 1413 1276 590.
1434 1243 1473 1275 91
1498 1255 1620 1282 poenae
1639 1255 1737 1278 caus-

927 1298 1007 1320 sam.

975 1335 1052 1366 588.
1080 1339 1275 1367 Salmoneus
1319 1347 1417 1374 quum
1465 1347 1521 1373 per
1563 1341 1737 1370 Graeciam

928 1383 1090 1418 profectus
1121 1389 1185 1416 est.
1229 1390 1294 1413 tum
1330 1394 1386 1420 per
1417 1387 1544 1422 urbem,
1584 1394 1668 1421 quae
1703 1387 1736 1416 in

928 1430 1035 1458 media
1066 1435 1114 1459 est
1148 1431 1248 1458 Elide.
1309 1432 1416 1463 ..ilinc
1456 1436 1505 1459 est
1544 1432 1735 1469 indignatio,

928 1477 1011 1510 quod
1048 1476 1080 1504 in
1107 1484 1145 1505 ea
1171 1477 1304 1505 civitate
1326 1480 1438 1506 lovem
1465 1478 1670 1517 imitabatur,
1701 1479 1735 1508 iu

928 1530 989 1557 quo
1017 1523 1205 1556 specialiter
1231 1524 1376 1558 luppiter
1401 1524 1550 1553 colitur.·'
1579 1527 1611 1553 S.

974 1566 1051 1596 591.
1079 1565 1274 1598 simularet.
1317 1570 1559 1599 Coniunctivus
1581 1578 1735 1600 caussam

928 1614 1086 1649 continet3
1119 1615 1151 1643 in
1174 1624 1210 1643 eo
1233 1616 1318 1644 enim
1340 1617 1424 1645 inest
1445 1617 1624 1652 dementia,
1650 1618 1734 1652 quod

926 1667 962 1688 se
993 1660 1116 1689 imitari
1142 1669 1239 1696 posse
1264 1663 1389 1696 putavit
1416 1663 1507 1691 Iovis
1537 1663 1660 1691 fulmen
1692 1663 1733 1692 cf.

925 1707 965 1734 ad
993 1704 1026 1741 2,
1054 1704 1130 1735 346.
1184 1705 1385 1737 Simularat
1414 1710 1496 1743 qumi
1519 1713 1567 1737 est
1594 1710 1627 1738 in
1652 1712 1733 1738 Mss.

925 1752 1048 1786 aliquot
1088 1753 1303 1791 improbatur,
1348 1755 1431 1789 quod
1465 1763 1498 1783 v.
1540 1754 1606 1783 586
1647 1755 1733 1784 idem

923 1798 988 1826 iam
1014 1798 1132 1827 dictum
1159 1802 1217 1827 est.

969 1843 1046 1872 592.
1075 1842 1186 1873 densa
1211 1842 1302 1873 inter
1326 1842 1462 1874 nubila.
1512 1846 1579 1881 Quo
1604 1847 1733 1875 densio—

923 1898 975 1918 res
1007 1892 1127 1925 nubes,
1168 1899 1205 1919 eo
1238 1892 1482 1920 vehementiora
1519 1900 1593 1920 esse
1626 1895 1733 1921 solent

922 1936 1065 1965 fulmina
1090 1941 1118 1965 et
1145 1937 1273 1965 imbres.
1325 1936 1369 1966 At
1397 1937 1435 1967 cf.
1468 1934 1504 1974 1,
1533 1936 1610 1966 543.

970 1980 1047 2010 593.
1080 1979 1211 2011 Fumea
1233 1980 1382 2012 Iumina.
1410 1991 1494 2018 quae
1519 1985 1623 2013 taedis
1644 1984 1731 2023 fiunt,

926 2043 964 2047 —
1002 2025 1115 2057 Ἰἰινόο
1141 2030 1259 2058 adesse
1285 2031 1367 2058 solet
1392 2030 1533 2058 fulmini.

971 2071 1048 2102 594.
1076 2071 1202 2115 adegit
1221 2083 1266 2104 sc.
1288 2076 1329 2104 ad
1350 2078 1483 2105 umbras
1506 2076 1538 2104 in
1558 2077 1731 2106 'l'artarum

922 2119 962 2149 cf.
991 2117 1028 2155 4,
1057 2117 1110 2148 25.

971 2162 1048 2193 595.
1075 2173 1138 2193 nec
1171 2174 1238 2194 non
1275 2168 1305 2195 ee
1339 2167 1378 2195 cf.
1413 2167 1451 2204 5,
1488 2165 1563 2196 too.
1594 2184 1632 2187 —
1672 2165 1730 2196 Τί-

924 2212 1025 2250 syon.-
1052 2211 1182 2246 Tityus,
1208 2220 1301 2246 quem
1320 2214 1421 2241 Terra
1440 2214 1634 2249 procreavit,
1659 2215 1728 2243 vim

923 2257 1029 2286 voluit
1062 2257 1180 2286 inferre
1206 2259 1360 2287 Latonae.
1411 2260 1456 2287 Ol)
1488 2261 1569 2294 quod
1599 2259 1729 2288 facinus

923 2305 963 2332 ab
990 2304 1147 2337 Apolline
1173 2304 1304 2340 sagittis
1336 2304 1508 2339 traiectus,
1547 2313 1568 2333 a
1593 2306 1672 2334 Iove
1695 2306 1727 2333 in

923 2351 1095 2378 Tartarum
1126 2351 1276 2378 detrusus
1306 2354 1365 2378 est.
1399 2366 1437 2370 —
1473 2352 1562 2379 Idem
1593 2352 1630 2379 de
1656 2351 1728 2379 eius

922 2403 1027 2431 poena
1044 2400 1073 2424 et
1091 2396 1315 2432 magnitudine
1334 2400 1467 2425 narrant
1483 2398 1577 2426 Lucr.
1601 2395 1630 2431 3,
1650 2394 1726 2426 997.

924 2444 983 2471 Ov.
1011 2443 1053 2470 M.
1079 2438 1111 2471 4.
1138 2440 1214 2470 456.
1258 2442 1328 2470 Tib.
1359 2440 1387 2477 1.
1416 2441 1445 2479 3,
1473 2440 1526 2471 7⁴.
1571 2444 1666 2477 Prop.
1694 2441 1726 2481 3,

919 2486 956 2523 3,
985 2485 1026 2514 67
1061 2488 1200 2522 praeivit
1226 2489 1318 2516 Hom.
1346 2490 1401 2517 Od.
1436 2486 1491 2524 ll,
1517 2486 1582 2516 577
1607 2497 1655 2523 sq.
1685 2504 1723 2508 —

918 2531 1174 2572 omniparentis
1200 2532 1316 2567 F2312,
1343 2531 1594 2572 omnipotentis
1617 2536 1660 2563 al.
1685 2543 1727 2564 ex

917 2588 1045 2614 errore.
1085 2577 1335 2619 omnipotentis
1370 2577 1507 2608 FtMtR
1539 2584 1568 2609 et
1601 2581 1726 2609 Nonius

919 2634 946 2655 S.
981 2634 1013 2654 v.
1047 2622 1229 2657 alumnus
1262 2634 1303 2654 ex
1329 2630 1513 2655 correctura
1542 2627 1662 2655 erroris
1695 2630 1726 2655 et

919 2680 960 2700 ex
987 2680 1019 2700 x.
1057 2669 1122 2699 592
1155 2676 1269 2700 ortum
1306 2687 1344 2691 -
1378 2672 1424 2701 Cf.
1461 2673 1556 2701 Lucr.
1589 2672 1627 2709 5,
1659 2670 1724 2701 260

925 2715 1033 2746 Terra
1064 2714 1289 2755 omniparens
1325 2715 1448 2746 eadem
1485 2725 1601 2747 rerum
1635 2726 1726 2747 com*

919 2770 1023 2792 mune
1045 2760 1256 2802 sepulcrum.

965 2806 1042 2836 596.
1068 2816 1206 2837 σει-ἠειθ
1231 2810 1307 2837 erat
1337 2808 1376 2837 ef.
1401 2817 1434 2837 x.
1461 2806 1537 2838 266.

965 2852 1043 2882 598.
1070 2851 1228 2883 tondens.
1279 2855 1388 2883 Secuti
1408 2859 1485 2883 sunt-
1502 2856 1560 2884 Sil.
1584 2852 1636 2893 13,
1657 2852 1723 2884 839

920 2908 1010 2940 quae
1033 2898 1222 2929 tondentur
1244 2898 1456 2939 praecordia
1481 2903 1594 2930 rostro
1615 2898 1724 2931 alitis.

919 2948 995 2974 Seu.
1021 2946 1139 2982 Agam.
1177 2943 1216 2974 18
1254 2943 1314 2974 ubi
1348 2943 1466 2975 tondet
1503 2944 1578 2976 ales
1613 2944 1724 2976 avida

913 2989 1108 3030 fecundum
1130 2988 1234 3020 iecur.
1276 2992 1420 3021 'Pondere
1443 2993 1531 3022 enim
1549 3001 1648 3028 saepe
1666 3001 1723 3028 pro

919 3039 1106 3076 depascere,
1129 3038 1287 3067 devorare
1311 3042 1346 3067 ut
1369 3036 1399 3077 3,
1425 3036 1503 3068 537.
1548 3041 1584 3068 G.
1611 3035 1642 3077 1,
1669 3037 1721 3069 15.
