2023 3350
702 97 936 130 AENEIDOS
965 98 1051 130 LtB.
1074 99 1137 131 XI.

87 215 239 258 Cetera
269 212 557 265 confusaeque
595 210 813 264 ingentem
853 210 996 253 caedis
1030 225 1230 254 acervum

84 274 172 314 Nec
207 284 382 313 numero
419 283 496 311 nec
533 269 698 310 honore
736 274 948 322 cremant3
987 274 1090 312 tunc
1124 269 1314 324 undique
1350 270 1463 313 vasti

84 330 291 372 Certatim
330 327 492 369 crebris
534 325 750 368 collucent
788 327 960 380 ignibus
999 328 1105 382 agri.

83 388 228 429 Tertia
261 387 335 428 lux
368 383 553 439 gelidam
591 385 709 426 caelo
747 383 985 427 dimoverat
1017 385 1235 427 umbram:

1655 388 1738 427 210

83 445 321 487 Maerentes
357 443 493 484 altum
527 442 712 484 cinerem
750 446 792 484 et
828 443 1008 485 confusa
1048 443 1234 485 ruebant

84 502 193 544 Ossa
226 501 348 552 focis,
384 499 617 554 tepidoque
654 500 894 542 onerabant
933 515 1091 555 aggere
1127 504 1283 542 terrae.

82 560 175 601 Iam
213 572 312 600 vero
352 558 395 599 in
430 558 576 604 tectis,
612 558 869 612 praedivitis
909 559 1017 600 urbe
1056 559 1212 609 Latini,

81 616 340 670 Praecipuus
381 615 531 669 fragor
572 620 615 657 et
649 616 766 670 longi
802 630 903 669 pars
940 617 1129 659 maxima
1167 617 1319 657 luctus.

81 674 162 715 Hic
198 678 377 724 matres,
417 674 684 728 miseraeque
717 689 867 726 nurus,
905 674 974 716 hic
1011 688 1113 716 cara
1141 688 1338 715 sororum

1653 677 1734 715 215

79 732 260 773 Pectora
294 736 580 778 maerentum,
613 732 824 786 puerique
860 733 1111 786 parentibus
1139 732 1233 773 orbi

79 790 231 831 Dirum
268 793 546 831 exsecrantur
578 789 740 831 bellum
771 790 987 843 Turnique
1022 790 1291 844 hymenaeos.

79 847 227 901 Ipsum
263 847 392 888 armis
434 848 659 901 ipsumque
695 847 844 888 iubent
879 848 1112 890 decernere
1153 847 1280 898 ferro,

80 905 162 956 Qui
202 919 381 958 regnum
422 906 577 947 Italiae
621 909 663 948 et
698 906 860 959 primos
902 905 984 947 sibi
1022 909 1176 960 poscat
1213 905 1412 947 honores.

126 1039 203 1070 207.
236 1044 351 1071 cetera
391 1050 434 1071 sc.
475 1050 609 1077 corpora
647 1047 676 1071 et
714 1041 883 1079 confusae

80 1085 200 1116 caedis
231 1089 251 1116 i.
279 1097 306 1116 e.
333 1095 502 1117 caesorum
531 1088 583 1122 (ιιι
614 1086 669 1120 10,
697 1086 781 1123 245,
809 1091 885 1117 abs-

80 1138 217 1162 tractum
262 1142 318 1168 pro
362 1139 508 1163 concreto
540 1135 579 1163 cf.
619 1133 653 1164 3.
690 1132 775 1169 471)
813 1135 884 1163 sine

78 1180 209 1208 nomine
243 1187 396 1208 acervum
429 1185 589 1215 cremant,
627 1188 691 1208 non
732 1185 885 1209 curantes

78 1225 228 1262 singulos
260 1222 327 1254 PL:
353 1226 573 1259 ..Praeferanu
605 1227 635 1254 si
660 1227 762 1255 codex
785 1229 883 1255 habe-

78 1276 141 1300 ret:
163 1269 366 1311 Ceteraqzze,
383 1270 561 1312 ingentem
577 1270 746 1306 confusae
767 1270 885 1301 caedis

79 1316 282 1346 acervum.'·‘

127 1360 203 1391 208.
231 1363 278 1391 Cf.
297 1363 469 1392 formulam
486 1371 549 1398 qua
565 1368 691 1398 praeter
704 1364 789 1392 alios
805 1372 885 1391 usus

77 1413 127 1438 est
156 1409 251 1438 Caes.
274 1409 338 1437 BG.
359 1408 389 1445 6,
425 1408 462 1438 13
492 1407 613 1448 aliquo
639 1412 718 1438 sunt
745 1418 887 1439 numero

79 1457 186 1495 atque
204 1451 343 1484 honore.
373 1471 410 1475 -
439 1463 504 1496 qne
529 1455 568 1484 cf.
596 1456 674 1484 Exc.
710 1452 737 1491 1,
763 1452 792 1483 2.

125 1509 203 1540 211.
231 1514 451 1541 maerentes:
498 1515 608 1549 „Sane
642 1508 796 1540 maerere
835 1517 885 1540 est

77 1565 151 1587 cum
176 1558 307 1586 silentio
331 1559 448 1593 dolere.
465 1556 556 1595 flere
574 1558 711 1587 ubertim
728 1558 885 1587 lacrimas

77 1604 244 1633 demittere
269 1604 309 1633 cf.
338 1602 403 1639 59.,
430 1602 574 1643 plorare
598 1612 671 1634 cum
695 1613 776 1633 voce
801 1604 884 1641 flere,

76 1647 252 1690 plangere
278 1658 352 1679 cum
372 1650 538 1685 aliquibus
564 1651 657 1680 dictis
683 1651 886 1679 miserabili-

76 1698 138 1725 bus
170 1700 282 1731 pectus
316 1701 372 1725 aut
404 1697 523 1726 taciem
559 1698 709 1733 tundere,
760 1694 885 1737 lugere

77 1743 176 1771 etiam
214 1750 287 1771 cum
328 1743 459 1771 habitus
502 1741 714 1771 mutatione.“
756 1744 787 1770 S.
843 1758 881 1762 —

79 1786 190 1818 altum
221 1785 388 1824 ἄπει-επις
428 1789 522 1817 multi
557 1789 656 1824 igitur
682 1788 781 1816 simul
808 1796 884 1816 con-

79 1834 214 1863 cremati
238 1837 323 1862 sunt.
354 1849 391 1853 —
428 1831 589 1862 Ruebant
610 1836 698 1863 verb.
725 1834 824 1863 activ.
843 1834 882 1863 cf.

86 1878 112 1913 1,
140 1877 181 1907 85
207 1879 228 1907 i.
256 1888 283 1908 e.
318 1880 436 1914 raptim
466 1882 692 1915 congerebant.
742 1880 780 1909 cf.
807 1881 883 1909 Hor.

79 1927 146 1954 Sat.
162 1923 191 1961 2,
216 1924 248 1961 5,
266 1922 308 1953 22
330 1923 421 1954 unde
438 1922 585 1955 divitias
601 1923 762 1965 aerisque
786 1933 885 1955 ruam

83 1966 254 2000 acervos?

126 2014 202 2044 213.
237 2013 324 2045 Urbe
352 2020 400 2045 est
436 2016 612 2051 eprIcatio
644 2016 738 2046 vocis
783 2014 882 2046 tectis

79 2062 119 2092 cf.
150 2060 200 2098 10,
225 2059 302 2090 601.
332 2077 369 2081 -
402 2063 613 2097 opponuntur
631 2070 679 2100 ea,
703 2070 786 2098 quae
803 2063 880 2092 fiunt

78 2109 113 2137 in
138 2110 233 2146 urbe,
276 2109 318 2136 iis
342 2115 425 2142 quae
450 2108 484 2136 iu
510 2116 632 2143 campo.
688 2124 725 2128 —
778 2117 880 2148 prae-

79 2151 203 2184 divitis
225 2162 336 2190 ..more
361 2156 480 2183 Graeco
509 2153 550 2189 (i.
576 2163 602 2183 e.
631 2155 761 2184 Homeri
796 2156 880 2190 apud

79 2208 173 2236 quem
198 2205 354 2235 perpetua
383 2204 460 2229 sunt
488 2201 629 2235 epitheta
653 2201 693 2230 cf.
724 2199 806 2236 195)
830 2202 880 2230 in-

79 2254 257 2284 congruum
278 2247 353 2275 huic
377 2247 446 2276 loco
471 2247 611 2281 posuit.··
636 2249 668 2275 S.
703 2247 878 2276 Adiectiva

79 2293 121 2321 ad
140 2293 349 2321 substantiva
372 2293 483 2321 addita
511 2297 567 2321 aut
595 2293 782 2322 necessaria
806 2297 882 2322 suut

79 2342 137 2367 aut
158 2339 327 2372 ornantia3
369 2340 407 2368 de
428 2339 638 2376 necessariis,
660 2346 742 2374 quae
764 2341 881 2369 abesse

78 2389 240 2419 nequeunt
271 2385 433 2414 sententia
469 2387 669 2422 postulante,
706 2386 740 2414 in
765 2386 883 2420 quibus

80 2430 229 2459 consistit
257 2438 340 2465 pura
373 2434 403 2460 et
438 2430 600 2466 incompta
630 2432 743 2468 oratio,
779 2432 885 2461 dicere

80 2483 145 2504 non
156 2477 277 2505 attinet.
309 2477 466 2505 ornantia
481 2485 565 2512 quae
577 2477 727 2507 dicuntur
740 2478 885 2507 maxime

80 2521 233 2550 videntur
269 2523 402 2557 propria
437 2530 511 2552 esse
543 2524 662 2560 poetis,
707 2525 763 2552 sed
807 2529 885 2553 sunt

80 2566 180 2595 etiam
218 2568 410 2597 oratoribus.
458 2570 494 2598 Id
531 2574 639 2598 autem
670 2574 746 2598 ante
773 2570 883 2599 omnia

81 2613 340 2642 constituendum
365 2617 429 2650 est,
463 2615 537 2649 quid
562 2623 641 2644 vere
661 2615 787 2645 dicatur
813 2616 883 2651 epi-

79 2661 189 2687 theton
214 2666 336 2688 ornans
369 2664 399 2688 et
430 2662 587 2694 quomodo
622 2661 745 2690 differat
773 2669 794 2691 a
825 2670 881 2691 ne-

80 2704 244 2740 cessari03
294 2705 341 2733 ita
379 2705 465 2734 enim
504 2708 642 2736 alterum·
672 2707 707 2736 in
742 2709 881 2737 alterum

80 2751 214 2787 transit,
255 2754 289 2778 ut
319 2749 378 2779 vix
409 2755 515 2780 certus
546 2753 704 2782 terminus
728 2754 882 2782 constitui

79 2804 179 2832 posse
207 2796 369 2825 videatur.
417 2797 577 2826 Ornantia
605 2803 712 2828 autem
740 2800 882 2834 epitheta

80 2843 219 2872 dicimus
244 2849 301 2879 ea,
338 2848 422 2877 quae
452 2843 494 2871 ad
519 2845 698 2874 sententiae
720 2853 881 2874 summam

80 2889 272 2918 necessaria
295 2889 423 2924 quidem
447 2897 510 2917 non
543 2894 634 2926 sunt,
672 2899 740 2920 rem
774 2895 882 2920 tamen

81 2935 227 2970 aliquam
248 2935 436 2965 accuratius
458 2934 634 2971 depingunt
655 2940 685 2964 et
710 2937 881 2966 clariorem

81 2981 187 3010 oculis
211 2981 398 3017 subiiciunt,
423 2985 458 3010 ut
481 2982 556 3015 plus
580 2981 691 3010 videre
711 2982 881 3012 videamur

81 3027 204 3057 adiecto
244 3027 423 3065 adiectum,
471 3034 569 3062 quam
609 3027 742 3057 omisso.
800 3030 882 3058 Sunt

931 1047 1039 1071 autem
1065 1051 1175 1072 eorum
1209 1043 1423 1078 epithetorum
1453 1039 1577 1069 diversi
1605 1040 1734 1076 gradus.

933 1089 1060 1123 Optima
1085 1094 1160 1117 sunt
1182 1089 1260 1122 illa.
1293 1096 1375 1123 quae
1407 1086 1556 1123 proxima
1579 1091 1655 1114 sunt
1679 1095 1735 1114 ne-

931 1135 1104 1169 cessariis.
1147 1143 1230 1170 quae
1260 1136 1305 1163 ita
1334 1142 1402 1163 rem
1435 1133 1581 1168 aliquam
1606 1133 1731 1160 descri—

935 1183 1024 1214 bunt,
1050 1185 1084 1209 ut
1108 1182 1305 1210 adiectivum
1330 1183 1446 1209 abesse
1460 1186 1557 1215 aegre
1582 1178 1736 1209 feramus.

933 1231 966 1254 ut
1008 1234 1128 1255 novam
1177 1228 1408 1263 cogitationum
1453 1226 1571 1254 seriem
1608 1225 1735 1260 aperiat

931 1271 992 1306 (cf.
1022 1270 1180 1301 'l'acitum
1211 1274 1415 1312 pertentant
1440 1268 1581 1311 gaudia
1604 1273 1734 1310 pectus

931 1318 1016 1354 al.):
1058 1319 1256 1347 atliectivuin
1293 1324 1400 1347 autem
1440 1325 1504 1346 non
1546 1318 1636 1345 modo
1669 1325 1735 1345 rem

931 1364 1060 1392 omnino
1085 1365 1266 1400 describat.
1299 1365 1355 1392 sed
1381 1372 1449 1392 rem
1476 1371 1517 1391 ex
1542 1367 1683 1397 tempore
1706 1368 1735 1390 et

930 1412 1002 1439 loco
1026 1414 1173 1445 enatam,
1224 1415 1257 1439 ut
1289 1419 1353 1438 non
1390 1409 1438 1438 rei
1468 1409 1597 1437 omnino
1625 1413 1735 1443 aptum

931 1456 983 1493 sit,
1009 1457 1065 1484 sed
1090 1457 1188 1484 etiam
1213 1457 1283 1485 loco
1306 1464 1367 1490 quo
1393 1459 1598 1490 memoratur,
1623 1459 1652 1483 et
1677 1455 1737 1482 alii

931 1506 1043 1536 aptum
1071 1510 1136 1530 non
1162 1503 1213 1530 sit.
1266 1502 1345 1531 Eius
1373 1501 1505 1538 generis
1534 1502 1638 1529 multa
1660 1506 1735 1529 sunt

930 1548 1082 1584 Virgilii3
1130 1548 1178 1577 sic
1228 1545 1416 1577 stridentia
1459 1545 1606 1587 tingunt
1651 1554 1736 1575 aera

932 1591 1024 1622 lacu.
1058 1595 1101 1623 al.
1150 1595 1300 1623 Alterius
1332 1594 1461 1630 generis
1490 1597 1566 1622 sunt
1595 1593 1736 1628 epitheta

932 1644 1102 1675 perpetua,
1139 1641 1194 1669 vel
1221 1647 1305 1676 quae
1327 1645 1403 1675 apta
1427 1644 1501 1668 sunt
1526 1639 1735 1668 substantivo

933 1686 1053 1720 ubique
1078 1690 1106 1714 et
1129 1687 1307 1721 inhaerent,
1333 1692 1364 1715 ut
1385 1694 1447 1715 non
1471 1694 1507 1714 eo
1531 1686 1736 1720 potissimum

930 1733 1017 1767 loco.
1057 1740 1118 1766 quo
1142 1733 1320 1764 adduntur,
1355 1733 1411 1760 sed
1448 1732 1599 1760 omnibus
1641 1732 1735 1766 locis,

931 1778 1049 1812 quibus
1079 1779 1323 1807 substantivum
1364 1777 1498 1813 legitur,
1539 1781 1624 1807 recte
1660 1778 1734 1806 addi

931 1824 1073 1858 possim
1099 1830 1138 1852 ea
1158 1824 1256 1852 etiam
1281 1823 1465 1852 constantia
1490 1828 1576 1852 recte
1599 1823 1734 1852 dixeris.

930 1874 961 1898 et
986 1871 1141 1904 pleraque
1166 1874 1241 1898 sunt
1266 1870 1413 1905 Homeri.
1435 1871 1493 1897 sed
1516 1878 1579 1898 non
1599 1869 1734 1905 Virgilii

930 1921 960 1944 et
1003 1922 1087 1950 quae
1123 1915 1297 1945 afferuntur
1331 1914 1364 1953 1,
1398 1913 1462 1943 212
1501 1915 1626 1952 frusta
1668 1918 1734 1944 tre-

931 1959 1075 1990 mentia.
1115 1961 1152 1998 5,
1178 1959 1253 1990 158.
1284 1960 1342 1997 10,
1370 1959 1431 1989 197
1462 1958 1573 2001 longa
1597 1958 1732 1989 carina.

931 2005 971 2043 9,
1015 2005 1080 2035 293
1123 2005 1268 2047 pulcher·
1312 2004 1422 2036 Iulus.
1471 2005 1537 2035 623&
1586 2004 1735 2036 crinitus

935 2051 1069 2093 Apollo.
1102 2051 1166 2081 645
1200 2050 1376 2092 spirantes
1407 2061 1534 2090 aurae,
1565 2055 1608 2082 al.
1641 2057 1729 2082 recta

927 2099 1191 2134 interpretatione
1205 2100 1288 2128 satis
1298 2104 1372 2134 puto
1385 2099 1606 2128 defenduntur.
1631 2101 1733 2128 Multo

934 2146 1044 2174 minus
1080 2146 1220 2182 Virgilio
1256 2146 1446 2180 imputanda
1481 2150 1556 2174 sunt
1593 2145 1733 2180 epitheta

926 2191 1114 2228 incongrua.
1128 2196 1161 2220 ut
1178 2196 1397 2221 memorantur
1407 2189 1732 2231 2,516praecipites

924 2235 1105 2267 columbae
1117 2245 1200 2273 quae
1216 2239 1337 2274 sedent⁷
1353 2236 1401 2271 10,
1430 2235 1496 2264 230
1514 2234 1728 2277 praecipites-

927 2291 1051 2320 naves‚
1078 2291 1161 2319 quae
1186 2289 1272 2313 stant
1295 2284 1329 2312 in
1357 2284 1461 2317 litore,
1489 2280 1542 2316 11,
1570 2280 1633 2310 195
1655 2281 1734 2320 fer-

929 2332 1045 2359 ventes
1074 2333 1183 2365 rotae.
1213 2337 1296 2365 quae
1312 2338 1376 2357 non
1388 2333 1567 2357 moventur.
1595 2329 1650 2358 Sic
1667 2331 1730 2358 h.l.

931 2376 1068 2404 divitiae
1094 2376 1206 2405 Latini
1237 2380 1470 2411 memorantur.
1506 2378 1539 2403 ut
1571 2375 1732 2404 hominem

930 2426 1037 2451 cetera
1068 2422 1292 2451 beatissimum
1332 2421 1468 2450 summis
1498 2421 1596 2450 malis
1630 2422 1731 2456 premi

929 2468 1111 2497 videamus.
1161 2469 1208 2497 De
1233 2468 1307 2497 eius
1339 2467 1469 2496 divitiis
1501 2467 1539 2496 cf.
1570 2466 1626 2503 10,
1656 2465 1729 2496 170.

930 2511 983 2551 12,
1008 2512 1061 2542 23.
1116 2510 1166 2542 ΡΙ.
1194 2514 1278 2543 coni.
1318 2511 1342 2542 1.
1378 2522 1407 2542 υ.
1443 2511 1541 2542 tectis
1577 2511 1730 2542 ardescit

929 2557 966 2589 in
992 2557 1074 2588 urbe
1103 2556 1142 2588 L.
1171 2557 1209 2588 P.
1227 2559 1260 2598 s.

976 2614 1052 2645 214.
1076 2617 1248 2645 Geertzius
1278 2620 1308 2644 et
1346 2612 1417 2644 Mo.
1455 2612 1561 2656 longe
1594 2624 1612 2645 e
1641 2617 1730 2645 codd.

927 2665 966 2693 bc
990 2663 1220 2692 restituendum
1246 2662 1482 2691 iudicaverunt.

974 2706 1051 2737 215.
1079 2716 1163 2737 cara
1190 2715 1348 2737 sororum
1365 2709 1507 2746 pectora
1533 2707 1573 2736 cf.
1597 2704 1628 2744 4,
1654 2705 1730 2736 132.

928 2755 1034 2783 Carae
1061 2761 1192 2783 sorores
1217 2757 1310 2788 sunt,
1351 2760 1435 2787 quae
1472 2760 1569 2782 carae
1600 2753 1731 2783 fuerunt

926 2800 1074 2835 mortui&
1099 2804 1195 2835 atque
1223 2807 1266 2828 ex
1287 2807 1324 2828 eo
1353 2805 1480 2835 amore,
1521 2807 1584 2834 quo
1616 2801 1731 2829 mortui

926 2853 984 2875 eas
1009 2845 1171 2880 prosecuti
1197 2849 1287 2881 sunt,
1321 2852 1446 2874 summo
1472 2846 1582 2875 dolore
1606 2848 1728 2875 ardent.

927 2892 969 2920 Ut
998 2893 1104 2920 solent
1127 2891 1275 2920 homines
1304 2891 1447 2920 maxime
1479 2892 1559 2929 sibi,
1595 2900 1679 2928 quae
1711 2901 1731 2922 a

926 2938 1064 2966 mortuis
1095 2940 1179 2966 bona
1209 2941 1418 2973 acceperant,
1455 2938 1489 2966 in
1519 2939 1608 2968 luctu
1635 2948 1731 2969 revo-

929 2990 1016 3013 care.
1066 2985 1181 3018 Itaque
1205 2991 1288 3018 opus
1311 2991 1375 3012 non
1399 2987 1450 3012 est
1471 2993 1544 3013 cum
1575 2981 1636 3014 Plo
1660 2994 1731 3015 mu-

928 3033 997 3059 tare
1025 3037 1110 3059 cara
1137 3037 1272 3060 sorores
1293 3031 1437 3070 pectora
1457 3035 1663 3062 maerentes.
