2023 3350
301 117 382 156 60ss

866 114 900 144 P.
929 113 1118 145 VIRGILII
1143 115 1350 147 MARONIS

298 231 374 271 llic
410 232 550 268 tamen
591 225 730 278 clipeo
771 224 937 266 obiecto
977 238 1205 267 conversus
1242 227 1285 267 in
1320 227 1486 269 hostem

297 287 393 328 Ibat
430 289 471 324 et
505 283 709 323 auxilium
749 281 876 323 ducto
916 295 1117 323 mucrone
1154 283 1350 335 petebat;

297 347 433 392 Quum
465 344 564 381 rota
600 339 879 393 praecipitem
914 343 956 381 et
990 353 1200 393 procursu
1238 341 1427 382 concitus
1463 341 1554 382 axis

296 397 471 451 Impulit
501 396 763 450 effunditque
803 397 912 448 solo3
954 396 1202 449 Turnusque
1239 401 1406 439 secutus

1836 396 1920 436 380

295 457 428 497 imam
464 455 576 495 inter
614 453 782 507 galeam
819 454 970 495 summi
1006 453 1195 495 thoracis
1233 457 1275 494 et
1311 467 1408 495 oras

295 512 484 554 Abstulit
525 525 623 553 ense
662 516 793 565 caput
828 515 1112 565 truncumque
1150 509 1324 563 reliquit
1360 525 1526 552 arenae.

408 570 549 623 Atque
580 583 630 610 ea
660 569 759 610 dum
800 569 959 622 campis
997 569 1135 610 victor
1174 568 1249 608 dat
1287 567 1438 610 funera
1473 569 1649 619 Turnus,

294 628 463 669 Interea
495 628 667 668 Aenean
702 627 948 668 Mnestheus
985 630 1027 667 et
1064 625 1173 667 fidus
1208 624 1394 666 Achates

294 685 586 738 Ascaniusque
622 698 761 725 comes
801 684 954 725 castris
992 687 1183 726 statuere
1217 686 1450 733 cruentum,

1838 682 1920 721 385

293 743 494 784 Alternos
530 742 659 795 longa
694 742 899 783 nitentem
935 741 1109 795 cuspide
1144 753 1326 793 gressus.

293 800 436 842 Saevit
474 803 515 841 et
550 800 735 840 infracta
770 800 961 841 luctatur
999 798 1207 840 arundine
1248 797 1379 838 telum

290 858 469 910 Eripere
504 857 748 910 auxilioque
785 858 916 909 viam,
960 871 1069 910 quae
1106 856 1323 909 proxima,
1359 852 1518 908 poscit:

290 916 403 957 Ense
444 919 588 956 secent
626 915 715 956 lato
747 914 896 956 volnus
931 915 1090 968 telique

291 972 550 1014 Rescindant
583 972 774 1025 penitus⁷
814 986 989 1026 seseque
1025 973 1069 1013 in
1105 970 1219 1012 bella
1253 970 1487 1011 remittant.

1126 912 1338 954 latebram

1840 965 1922 1003 390

290 1031 465 1084 Iamque
500 1030 653 1071 aderat
694 1029 864 1071 Phoebo
899 1034 998 1071 ante
1035 1029 1143 1070 alios
1186 1028 1365 1069 dilectus
1402 1026 1518 1080 Iapis

289 1088 472 1138 Iasides,
514 1088 603 1129 acri
640 1087 857 1142 quondam
894 1088 962 1129 cui
1003 1090 1154 1140 captus
1190 1099 1334 1127 amore

290 1147 387 1199 Ipse
427 1160 526 1187 suas
560 1149 695 1196 artes,
738 1159 815 1187 sua
849 1159 1047 1196 munera,
1084 1144 1225 1185 laetus
1262 1142 1415 1196 Apollo

289 1204 527 1257 Augurium
568 1203 863 1256 citharamque
901 1202 1034 1243 dabat
1072 1201 1315 1254 celeresque
1355 1198 1548 1252 sagittas.

288 1261 385 1311 Ille,
422 1265 471 1302 ut
507 1260 690 1315 depositi
729 1260 944 1314 proferret
986 1260 1077 1302 fata
1116 1259 1319 1313 parentis,

1838 1254 1920 1292 395

290 1319 407 1360 Scire
447 1322 684 1373 potestates
724 1318 957 1360 herbarum
995 1330 1205 1371 usumque
1244 1313 1441 1357 medendi

335 1491 410 1522 378.
441 1490 563 1521 ducere
589 1490 765 1533 gladium,
797 1494 968 1529 stringere:
1014 1489 1081 1520 zie-

289 1538 364 1568 hen.
413 1539 465 1567 Sic
497 1539 602 1567 addito
642 1536 776 1575 vagina
802 1540 860 1567 Ov.
888 1540 921 1567 F.
946 1537 975 1569 4,
1003 1538 1080 1566 929.

289 1586 346 1614 Sil.
364 1582 395 1620 8,
423 1582 498 1612 342.
531 1581 620 1612 Duci
644 1585 741 1613 etiam
767 1585 892 1613 securis
909 1585 1026 1613 dicitur
1041 1583 1080 1612 cf.

288 1632 362 1660 Val.
389 1632 433 1658 Fi.
461 1627 487 1662 1,
517 1627 578 1657 122
608 1627 713 1658 ducta
740 1637 904 1658 resonare
942 1626 1082 1668 bipenni

288 1674 404 1706 litora.

335 1720 409 1749 379.
434 1717 663 1760 praecipitem
685 1716 823 1758 impulit
849 1720 887 1749 cf.
913 1717 942 1754 4,
970 1717 1021 1747 22.

334 1766 408 1794 380.
437 1768 588 1794 secutus:
627 1765 646 1792 i.
672 1773 700 1793 e.
738 1766 846 1794 statim
878 1774 973 1800 quum
1012 1767 1082 1793 solo

285 1817 370 1841 esset
390 1811 519 1840 effusus.
553 1825 589 1830 —-
621 1808 762 1848 Impulit
780 1808 1014 1850 effunditque:
1044 1812 1082 1839 de

289 1858 482 1893 temporibus
506 1856 545 1886 cf.
574 1854 602 1892 2,
627 1853 702 1884 466.

334 1902 408 1932 381.
439 1901 483 1932 1⁴32
509 1902 599 1931 tertio
624 1903 703 1937 loco,
729 1907 762 1931 ut
788 1900 818 1935 2.
845 1899 922 1930 690.

286 1980 477 2013 383—440.
525 1977 661 2010 Aeneas
679 1978 825 2010 Veneris
850 1986 915 2019 ope
931 1976 1082 2010 refectus

517 2036 552 2067 in
574 2044 725 2077 pugnam
754 2034 852 2066 redit.

331 2095 406 2126 383.
433 2094 494 2125 dat
518 2095 648 2133 funera
675 2095 713 2125 cf.
742 2093 771 2133 2,
797 2092 871 2123 698.

330 2142 406 2172 386.
433 2141 585 2171 alternos*
606 2149 749 2181 gressus
773 2138 961 2175 nitentem‚·
983 2149 1081 2169 unum

284 2191 369 2219 enim
391 2190 493 2218 femur
515 2188 663 2216 saucium
688 2191 746 2216 est.
797 2187 910 2214 Simile
934 2187 1008 2214 Val.
1030 2187 1076 2215 Fi.

286 2236 315 2267 2,
347 2234 388 2263 93
414 2235 597 2263 Vulcanum
636 2235 726 2262 caelo
758 2233 912 2261 deiectum
953 2233 1080 2261 Lemnii

284 2283 390 2311 fovent
414 2279 569 2310 alternos
580 2287 690 2319 aegro
716 2281 931 2307 cunctantem
949 2275 1083 2317 poplite

284 2335 438 2368 gressus.
486 2328 523 2354 Et
549 2325 713 2353 Hannibal
732 2324 834 2353 femur
849 2325 977 2360 tragula
995 2325 1078 2353 ictus

283 2370 373 2413 tegit
391 2369 500 2411 clipeo
520 2370 642 2408 susum
661 2377 723 2410 per
745 2367 896 2398 membra
912 2377 1077 2405 cruorem,

283 2416 457 2458 tardoque
497 2413 672 2456 paulatim
709 2417 741 2444 et
780 2413 883 2444 dubio
921 2413 1077 2456 vestigia

282 2462 362 2493 nisu
389 2461 566 2492 alternata
592 2459 734 2490 trahens
763 2469 906 2489 aversus
938 2459 980 2490 ab
1008 2469 1076 2499 ag·—

282 2517 367 2550 gere
388 2505 477 2538 cedit
503 2508 561 2536 Sil.
591 2505 618 2543 1,
649 2504 724 2534 551.
780 2503 969 2544 Lapsantis
996 2505 1074 2543 sul-

281 2558 354 2586 tum
379 2555 543 2584 truncata
570 2550 711 2591 cuspide
734 2559 877 2592 gressus
902 2551 932 2589 6,
956 2550 1008 2581 79.

330 2599 405 2629 387.
439 2595 550 2628 saevit
581 2606 647 2635 „sc.
683 2598 760 2633 quia
798 2606 861 2626 non
903 2601 1003 2632 potest
1039 2598 1072 2626 in

284 2648 369 2676 heila
392 2642 597 2681 procedere;“
625 2646 656 2672 S.
705 2644 809 2678 Quare
830 2644 901 2678 ipse
925 2644 1072 2672 vulteri-

283 2702 357 2728 pere
383 2693 481 2720 tetum
505 2694 535 2719 et
559 2698 684 2725 quoquo
708 2690 799 2718 modo
825 2690 951 2718 extrahi
974 2690 1070 2726 iubet,

282 2744 317 2768 ut
340 2741 448 2774 posset
471 2737 574 2765 redire
597 2736 631 2764 in
656 2735 823 2770 proelium.
848 2750 892 2756 —-
916 2732 1072 2773 infracta

281 2785 320 2814 cf.
343 2793 373 2813 v.
400 2780 428 2812 1.
458 2797 495 2802 —
524 2779 678 2810 luctatur
702 2778 851 2820 eripere.-
885 2781 939 2810 Sic
961 2778 1073 2810 luctor

283 2838 355 2860 cum
387 2828 544 2858 infinitivo
576 2827 720 2863 iungitur
753 2828 811 2856 ov.
844 2828 886 2855 M.
923 2826 954 2864 5,
990 2824 1067 2856 354.

284 2874 337 2909 15,
363 2873 438 2903 300.
488 2874 535 2903 Cf.
564 2871 593 2910 2,
619 2871 671 2901 36.

330 2918 404 2949 389.
433 2917 585 2949 latebras
615 2921 658 2947 Μ.
683 2926 748 2947 sec.
778 2913 840 2946 Rb.
866 2915 948 2951 (rec.
983 2913 1067 2954 La.)

284 2966 317 2994 in
331 2966 444 2995 ceteris
461 2967 540 2994 Mss.
555 2964 631 3000 quid
643 2964 683 2993 sit
699 2960 760 2993 Rb.
775 2966 869 2999 tacet,
891 2963 945 2991 dat
960 2967 1069 2993 autem

285 3008 462 3040 latebram.
495 3012 528 3039 Id
553 3011 587 3039 in
611 3011 646 3038 P.
668 3013 698 3038 et
722 3009 756 3038 in
778 3008 856 3038 aliis
878 3009 1069 3038 Heinsianis

1128 1500 1201 1520 esse
1235 1491 1375 1526 videtur,
1411 1486 1472 1519 Hs.
1504 1490 1537 1518 in
1568 1486 1623 1518 ΜΞ
1658 1484 1812 1516 latebras
1846 1493 1920 1514 esse

1128 1537 1238 1572 refert,
1280 1537 1312 1564 in
1343 1534 1394 1564 Ml
1424 1533 1605 1564 latebram.
1653 1534 1757 1568 Spitta
1780 1533 1815 1560 P.
1838 1533 1920 1560 Son-

1129 1584 1326 1611 dershausen
1352 1579 1392 1608 67
1420 1578 1589 1609 latebram
1623 1580 1798 1614 improbat⁷
1837 1578 1919 1612 quod

1127 1628 1307 1664 singularis
1331 1630 1456 1662 praeter
1478 1629 1508 1655 11.
1535 1628 1642 1655 locum
1665 1633 1729 1654 non
1751 1627 1865 1653 exstet.

1175 1683 1249 1714 391.
1281 1683 1391 1724 Iapyx
1411 1684 1543 1721 ΜΡΒγΙ]
1566 1691 1628 1712 rec.
1652 1680 1726 1719 Rb„
1751 1684 1834 1718 quod
1861 1684 1918 1710 110-

1128 1731 1247 1759 minem
1281 1739 1354 1759 cum
1391 1730 1513 1758 notiore
1544 1733 1640 1758 vento
1674 1728 1916 1758 confundebant.

1127 1777 1218 1811 Iapis
1242 1777 1322 1804 Mss.
1346 1776 1441 1810 mali,
1485 1779 1618 1810 „aptum
1647 1783 1759 1804 nomen
1786 1775 1917 1804 medico.

1127 1829 1203 1851 nam
1237 1817 1369 1850 ἰᾶσθαι
1403 1820 1517 1849 Graeci
1555 1820 1664 1849 dicunt
1702 1819 1849 1850 curare.“
1882 1823 1915 1849 S.

1132 1865 1221 1896 lasis
1246 1867 1328 1896 coni.
1361 1863 1412 1895 Pl.
1461 1868 1525 1895 Nec
1558 1866 1666 1895 minus
1695 1868 1793 1896 Iasus
1829 1870 1919 1902 pater

1127 1914 1270 1942 medicus
1294 1913 1399 1942 fuisse
1419 1913 1555 1948 videtur,
1580 1915 1615 1940 ut
1626 1920 1668 1941 ex
1685 1912 1818 1947 antiquo
1831 1921 1917 1942 more

1127 1961 1204 1988 talis
1229 1966 1282 1987 ars
1310 1966 1329 1988 a
1355 1963 1444 1993 patre
1468 1959 1508 1986 ad
1533 1958 1633 1986 filium
1657 1958 1795 1987 transiit.

1174 2004 1248 2033 394.
1276 2006 1396 2040 Apollo
1413 2004 1555 2041 augurii,
1574 2004 1725 2041 musices,
1739 2004 1917 2041 sagittandi

1126 2051 1206 2080 artis
1228 2052 1317 2086 deus,
1339 2051 1378 2080 cf.
1401 2052 1461 2079 Ov.
1482 2051 1524 2078 M.
1554 2046 1583 2086 l,
1609 2047 1675 2077 517
1700 2058 1760 2086 sq„
1783 2051 1821 2079 de
1843 2051 1915 2079 suis

1125 2097 1334 2126 facultatibus
1357 2097 1501 2131 aliquam
1517 2099 1624 2124 amato
1647 2092 1766 2124 dabat.
1793 2097 1840 2125 De
1856 2099 1915 2126 hoc

1126 2143 1309 2178 imperfecto
1333 2143 1372 2172 cf.
1390 2141 1420 2178 6,
1446 2140 1521 2170 468.
1537 2142 1641 2170 Dabat
1654 2149 1770 2170 revera
1784 2143 1914 2178 Apollo,

1125 2190 1180 2218 sed
1204 2189 1259 2217 ilie
1284 2197 1345 2217 non
1375 2188 1508 2223 accepit.
1546 2202 1584 2206 —
1619 2184 1714 2216 dedit
1735 2189 1778 2216 M.
1804 2188 1915 2223 „Vera

1124 2235 1218 2264 lectio
1245 2239 1294 2263 est
1317 2231 1436 2269 dabat,
1460 2240 1535 2262 nam
1555 2241 1619 2262 non
1640 2230 1756 2262 deuiis*
1780 2235 1814 2262 S.
1846 2235 1914 2264 Ac-

1125 2281 1209 2315 cepit-
1233 2284 1333 2309 artem
1357 2280 1523 2309 medicam.

1171 2323 1246 2354 395.
1273 2322 1423 2365 depositi
1468 2325 1510 2361 „i.
1549 2333 1577 2353 e.
1617 2324 1791 2361 desperati;
1837 2333 1913 2355 nam

1124 2372 1316 2401 consuetudo
1340 2375 1423 2408 erat,
1460 2374 1494 2400 ut
1516 2370 1675 2406 desperati
1696 2374 1771 2399 ante
1793 2370 1912 2400 ianuas

1123 2419 1374 2453 collocarentur,
1415 2418 1471 2446 vel
1497 2420 1531 2445 ut
1559 2420 1735 2446 extremum
1759 2417 1912 2451 spiritum

1122 2465 1285 2492 redderem
1310 2467 1429 2497 terrae,
1471 2464 1526 2492 vel
1546 2466 1581 2491 ut
1604 2466 1737 2497 possent
1759 2469 1780 2490 a
1804 2466 1912 2492 trans-

1120 2510 1270 2539 euntibus
1289 2509 1367 2537 forte
1390 2509 1507 2539 curari.
1531 2508 1586 2542 qui
1610 2508 1783 2543 aliquando
1807 2509 1910 2538 simili

1119 2557 1349 2584 laboraverant
1362 2556 1479 2583 morbo.
1507 2555 1572 2584 Cic.
1596 2552 1707 2589 (Verr.
1724 2552 1754 2590 2,
1771 2552 1799 2591 1,
1818 2552 1848 2591 2,
1867 2554 1908 2590 5)

1123 2600 1275 2642 Aegram
1303 2603 1335 2629 et
1357 2607 1465 2639 prope
1487 2596 1680 2639 depositam
1700 2597 1913 2639 reipublicae

1118 2643 1290 2686 ρανίεηι.ιι
1316 2647 1347 2674 S.
1379 2647 1438 2675 Ov.
1451 2646 1503 2674 Tr.
1532 2644 1562 2683 3,
1588 2643 1617 2682 3,
1644 2642 1686 2673 4⁰
1707 2642 1907 2684 Depositum

1118 2699 1179 2721 nec
1205 2689 1264 2730 qui
1288 2699 1341 2719 me
1356 2689 1465 2729 fleat,
1498 2688 1592 2720 ullus
1620 2688 1696 2719 erit.
1741 2704 1783 2710 —
1825 2697 1908 2730 pro-

1111 2736 1241 2775 ferret:
1288 2736 1333 2765 ita
1355 2737 1431 2766 Hor.
1457 2737 1490 2766 C.
1520 2734 1549 2774 1,
1576 2733 1628 2773 15,
1660 2734 1700 2764 33
1733 2732 1907 2765 Iracunda

1118 2780 1207 2811 diem
1232 2781 1386 2822 proferet
1416 2779 1480 2811 llio
1505 2779 1628 2812 classis
1652 2777 1812 2811 Achillei.

1163 2825 1237 2856 396.
1264 2829 1454 2867 potestates
1476 2825 1658 2857 herbarum
1683 2826 1722 2856 cf.
1737 2823 1767 2863 7,
1792 2822 1843 2854 19.
1864 2842 1901 2847 -

1117 2881 1229 2910 usum,
1253 2877 1337 2903 recte
1360 2881 1456 2908 quum
1481 2874 1558 2902 talis
1581 2873 1625 2903 sit
1647 2879 1712 2910 ara,
1739 2878 1822 2906 quae
1839 2879 1902 2902 non

1115 2919 1318 2948 meditatione
1346 2919 1450 2954 possit
1477 2919 1603 2956 confici,
1641 2918 1697 2947 sed
1727 2917 1901 2952 plurimum

1116 2965 1227 2994 debeat
1250 2965 1468 3000 experientiae
1490 2970 1520 2994 et
1541 2963 1618 2994 usui
1629 2969 1751 2997 rerum;
1776 2963 1901 2994 chirur-

1117 3010 1172 3045 gia
1200 3011 1285 3039 enim
1310 3011 1465 3047 signatur.
