2023 3350
706 103 946 137 AENEIDOS
975 105 1061 136 LIB.
1088 105 1183 136 VIII.
1203 134 1215 157 ι

1689 103 1771 142 395

119 222 176 264 Et
210 221 319 263 vitta
355 222 552 273 comptos
587 218 725 259 voluit
759 218 1041 271 praetendere
1075 230 1232 267 ramOS,

119 280 215 321 Non
256 278 453 332 equidem
489 276 684 327 extimui,
725 276 924 317 Danaum
963 274 1078 329 quod
1125 274 1282 316 ductor
1313 277 1356 315 et
1393 274 1540 325 Arcas,

122 336 333 390 Quodque
356 334 419 376 ab
458 334 594 387 stirpe
633 333 747 375 fores
784 333 962 387 geminis
995 332 1248 374 coniunctus
1284 331 1466 383 Atridis,

1692 332 1773 370 130

121 393 206 436 Sed
249 407 343 435 mea
380 406 446 433 me
486 391 624 432 virtus
659 395 702 433 et
745 395 896 432 sancta
939 390 1118 431 oracula
1153 390 1307 441 divom,

122 452 391 505 Cognatique
426 452 593 502 patres,
627 452 706 490 tua
743 449 871 490 terris
911 448 1050 489 didita
1085 447 1203 489 fama

124 509 390 551 Coniunxere
420 507 501 547 tibi
537 510 579 547 et
612 507 715 548 fatis
754 520 879 560 egere
912 505 1139 546 volentem.

119 566 367 616 Dardanus,
409 565 568 606 Iliacae
606 565 768 618 primus
808 568 933 616 pater
964 563 1084 604 urbis
1119 566 1162 604 et
1203 564 1367 613 auctor,

121 624 316 673 Electra,
354 626 404 663 ut
443 621 564 663 Graii
605 621 859 676 perhibent,
892 620 1116 662 Atlantide
1159 623 1313 671 cretus,

121 680 362 722 Advehitur
399 679 608 730 Teucros3
649 680 869 720 Electram
909 679 1122 719 maximus
1159 677 1283 718 Atlas

121 738 291 789 Edidit,
327 737 543 778 aetherios
585 737 766 778 humero
808 737 881 790 qui
919 737 1101 777 sustinet
1137 735 1272 776 orbes.

121 796 256 837 Vobis
293 795 532 836 Mercurius
566 798 693 848 pater
731 797 813 846 est,
852 808 978 847 quem
1012 792 1198 834 candida
1239 791 1358 833 Maia

123 853 324 907 Cyllenae
369 852 508 905 gelido
549 855 804 905 conceptum
838 852 998 892 vertice
1040 850 1172 901 fudit3

122 911 180 952 At
217 911 397 961 Maiam,
432 910 592 951 auditis
629 910 664 951 si
704 909 940 962 quidquam
978 907 1210 957 credimus,
1253 906 1388 957 Atlas,

1698 908 1778 946 140

123 968 243 1010 Idem
273 967 396 1009 Atlas
436 971 631 1021 generat,
670 967 777 1008 caeli
820 966 894 1020 qui
927 965 1070 1007 sidera
1107 964 1234 1006 tollit.

124 1026 194 1067 Sic
236 1039 368 1078 genus
408 1024 634 1066 amborum
673 1023 831 1065 scindit
867 1038 911 1065 se
950 1022 1159 1076 sanguine
1200 1020 1254 1061 ab
1292 1032 1391 1061 uno,

124 1083 204 1124 His
241 1082 376 1124 fretus
417 1097 503 1124 non
538 1083 707 1135 legatos
749 1095 886 1135 neque
921 1081 1064 1134 prima
1101 1093 1180 1133 per
1215 1080 1355 1118 artem

125 1141 408 1182 Tentamenta
441 1140 506 1181 tui
538 1139 704 1193 pepigi;
742 1153 830 1188 me,
863 1152 932 1179 me
971 1138 1064 1190 ipse
1101 1148 1329 1188 meumque

126 1197 274 1240 Obieci
313 1201 446 1251 caput
485 1201 528 1239 et
562 1197 745 1251 supplex
780 1195 836 1236 ad
867 1196 1017 1236 limina
1051 1194 1160 1235 veni.

1700 1195 1780 1233 145

127 1255 241 1297 Gens
282 1254 449 1306 eadem,
490 1268 600 1308 quae
638 1258 701 1301 te,
739 1252 902 1294 crudeli
938 1251 1109 1293 Daunia
1140 1250 1254 1291 bello

128 1313 397 1366 Insequitur3
436 1326 514 1353 nos
549 1312 590 1353 ‘si
629 1311 812 1365 pellant,
850 1309 959 1351 nihil
997 1308 1118 1350 afore
1162 1306 1354 1357 credunt,

128 1370 240 1420 Quin
276 1384 444 1411 omnem
484 1368 739 1423 Hesperiam
780 1368 953 1422 penitus
987 1381 1064 1408 sua
1105 1364 1183 1407 sub
1222 1365 1325 1417 iuga
1362 1362 1551 1414 mittant,

127 1428 185 1469 Et
218 1442 358 1479 mare,
396 1427 511 1482 quod
544 1440 696 1480 supra,
737 1427 930 1475 teneant,
968 1423 1172 1478 quodque
1208 1420 1348 1463 adluit
1384 1420 1511 1462 infra.

126 1485 303 1540 Accipe,
338 1485 479 1539 daque
518 1483 657 1526 fidem.
727 1483 835 1525 Sunt
871 1482 997 1524 nobis
1038 1481 1170 1523 fortia
1205 1479 1319 1522 bello

127 1633 224 1676 giuli
259 1633 333 1665 lovi
363 1638 619 1675 comprecatam
646 1632 811 1675 oportuit.
859 1636 932 1663 Ter.

128 1684 257 1711 Pliorm.
290 1681 322 1718 1,
347 1681 388 1718 2,
412 1681 456 1710 90
479 1681 539 1722 qui
565 1678 650 1710 mihi
675 1678 723 1709 sic
750 1682 833 1709 oret.

182 1737 253 1767 130.
279 1735 415 1778 gemini
438 1739 572 1767 Atridae
596 1738 638 1767 cf.
668 1736 701 1774 1,
730 1736 806 1766 162.

180 1795 256 1824 131.
285 1803 360 1823 mea
385 1803 437 1823 me
461 1792 595 1824 virtus.-
628 1795 743 1828 „Haec
768 1793 934 1828 arrogatio

132 1842 174 1870 ad
199 1843 356 1869 honorem
377 1841 521 1869 Evandri
546 1839 718 1875 pertinet.“
745 1842 777 1868 S.
828 1839 876 1868 cf.
907 1838 934 1874 I,

132 1885 209 1915 379.
259 1889 339 1914 Stat.
377 1888 438 1914 Th.
478 1885 514 1922 1,
555 1884 630 1913 644.
687 1882 762 1914 ‚Non
808 1883 936 1913 missus

134 1929 308 1967 Advenio,
339 1939 415 1960 mea
442 1939 494 1959 me
513 1928 627 1969 pietas
651 1932 681 1958 el
708 1928 845 1959 conscia
866 1928 937 1958 vir-

133 1979 190 2007 tus
224 1973 301 2004 Has
339 1983 442 2016 egere
480 1973 570 2004 vias.
593 1991 638 1995 —
673 1972 826 2004 oracula
860 1977 936 2004 data

136 2027 211 2052 sunt
238 2021 275 2058 6,
300 2021 355 2050 97.

184 2077 257 2107 132.
284 2073 432 2116 cognati
447 2078 568 2116 patres
588 2074 807 2106 coniunxere.
856 2080 940 2105 Nota

134 2126 304 2153 Romanae
329 2124 463 2157 linguae
485 2123 629 2151 indolem
655 2130 675 2151 a
697 2128 812 2151 nostra
829 2122 938 2150 diver-

137 2177 220 2200 sam.
270 2169 317 2198 ef.
342 2168 404 2205 12,
436 2167 514 2197 219.
542 2183 588 2187 -
614 2166 716 2198 terris
742 2165 856 2197 clidim
875 2166 938 2205 fa-

137 2223 212 2251 ma,
241 2215 280 2243 cf.
306 2214 345 2251 7,
381 2212 452 2242 144.

185 2269 259 2299 133.
279 2267 372 2308 fatis
399 2278 502 2311 egere
525 2268 717 2299 volentem.-
747 2269 872 2305 fecere,
906 2271 939 2296 ut

136 2317 244 2346 libens
279 2316 440 2353 facerem,
482 2324 566 2351 quae
604 2324 706 2351 cogor
733 2315 820 2344 fatis.
881 2311 937 2343 Kl.

138 2370 196 2398 pro
218 2359 309 2397 fatis
334 2362 418 2390 coni.
448 2360 550 2391 votis.

189 2405 262 2436 134.
293 2404 400 2436 Pater
436 2405 531 2436 urbis
572 2411 642 2443 est,
690 2407 744 2441 qui
787 2405 938 2434 condidit.

140 2453 206 2483 cic.
230 2454 269 2481 de
295 2453 359 2481 div.
393 2452 425 2490 1,
449 2451 489 2491 2,
513 2452 534 2482 3
561 2449 666 2482 huius
692 2449 786 2481 urbis
811 2458 940 2492 parens

144 2495 326 2528 Romulus.

191 2542 265 2572 135.
291 2545 330 2573 ut
376 2540 479 2572 Graii
506 2540 707 2583 perhibent:
739 2545 854 2576 Itaque
894 2542 943 2570 rei

140 2594 247 2620 testes
280 2589 413 2617 invocat
443 2590 539 2623 ipsos
572 2589 717 2617 Evandri
750 2590 941 2623 populares.

142 2637 196 2666 Sic
214 2643 300 2664 nunc
319 2635 417 2663 etiam
442 2632 526 2674 Wg.
547 2635 646 2668 quiin
659 2635 709 2662 ed.
724 2635 847 2662 maiore
863 2641 942 2668 poe-

140 2686 207 2711 tam
222 2681 482 2717 vituperaverat,
507 2688 602 2714 quem
621 2684 758 2708 secutus
775 2676 824 2708 ΡΙ.
836 2680 942 2708 eiecto

146 2725 250 2757 Graii
275 2726 359 2755 coni.
387 2723 530 2754 Electra
546 2727 668 2761 matre,
693 2727 731 2754 ut
750 2722 944 2764 perhibent,

143 2773 227 2809 (iam
252 2772 307 2807 qui
331 2776 405 2801 sunt
430 2771 505 2806 hi?)
535 2768 737 2805 Atlantide,
766 2773 890 2799 cretus.

193 2817 266 2847 136.
294 2814 484 2847 advehitur
505 2814 673 2846 Teucros.-
702 2817 751 2845 De
768 2823 883 2846 accuS.
903 2815 945 2844 cf.

144 2861 183 2902 4,
224 2862 298 2892 106.
346 2865 384 2892 In
422 2862 554 2892 nomine
596 2859 745 2891 Teucros
777 2861 944 2898 prolepsis

144 2914 204 2938 est.
231 2925 275 2929 --
306 2905 483 2938 Maximus
511 2905 612 2937 Atlas
637 2911 668 2936 ut
701 2907 734 2943 l,
761 2906 838 2936 741.

193 2953 268 2983 138.
294 2951 450 2983 candida
475 2954 515 2982 cf.
541 2952 580 2990 5,
607 2952 684 2982 571.

194 2998 269 3029 139.
302 2997 444 3040 Cyllene
487 3007 584 3029 mons
622 2999 655 3028 in
698 2997 948 3034 septentrionali

1701 1482 1781 1520 150

981 1634 1145 1663 Arcadiae
1179 1638 1271 1668 parte
1309 1634 1349 1661 ad
1381 1633 1540 1661 Pellenen
1573 1631 1676 1668 situs,
1719 1640 1783 1660 non

982 1682 1096 1715 procul
1131 1686 1148 1707 a
1180 1680 1343 1713 Sicyone3
1384 1678 1416 1706 in
1454 1686 1493 1706 eo
1527 1679 1681 1712 templum
1715 1682 1784 1706 erat

981 1726 1154 1758 Mercurii,
1178 1725 1231 1758 qui
1255 1725 1287 1752 in
1314 1732 1352 1751 eo
1379 1727 1476 1751 natus
1499 1732 1578 1751 esse
1605 1723 1784 1760 dicebatur,

982 1777 1013 1800 et
1041 1772 1116 1799 inde
1143 1770 1284 1804 Cyllenii
1309 1777 1427 1797 nomen
1454 1769 1563 1796 traxit.

1032 1816 1107 1845 141.
1136 1818 1222 1844 Idem
1250 1815 1381 1849 repetit,
1410 1816 1493 1848 quod
1525 1815 1620 1842 niodo
1654 1815 1782 1842 dixerat

983 1871 1014 1891 v.
1040 1862 1113 1890 137.
1162 1862 1244 1890 Eius
1270 1861 1316 1888 rei
1342 1868 1465 1889 caussa
1492 1864 1554 1895 est,
1578 1860 1662 1893 quod
1690 1860 1720 1888 in
1745 1868 1784 1888 eo

982 1905 1136 1943 Atlante,
1161 1909 1288 1936 caelum
1315 1906 1368 1940 qui
1404 1905 1557 1940 sustinet,
1583 1905 1676 1940 (nam
1706 1913 1786 1939 nos-

983 1959 1058 1983 sunt
1085 1962 1164 1982 esse
1183 1954 1254 1981 eius
1273 1952 1414 1980 nominis
1438 1951 1514 1986 alii)
1540 1952 1709 1979 amborum
1729 1958 1786 1985 ge-

984 2008 1063 2028 nera
1088 2003 1223 2034 coeunt,
1251 1999 1338 2032 quod
1364 1997 1396 2025 in
1423 2005 1461 2025 eo
1489 1997 1599 2024 nititur
1623 1997 1786 2030 cognatio.

983 2048 1055 2074 Non
1085 2045 1194 2072 inanis
1219 2044 1317 2078 igitur
1349 2047 1398 2072 est
1433 2045 1515 2071 haec
1543 2042 1692 2077 repetitio
1725 2050 1787 2071 nec

984 2090 1192 2118 imbecillitas
1218 2089 1360 2117 dicendi.

1035 2134 1108 2163 142.
1139 2131 1278 2162 Scindit
1302 2141 1350 2168 se,
1376 2137 1408 2161 nl
1430 2132 1550 2161 fluvius
1575 2133 1607 2161 in
1631 2134 1715 2161 duos
1738 2135 1788 2161 al-

985 2188 1080 2209 veos.
1131 2179 1185 2208 Sic
1217 2176 1416 2217 diffundere
1436 2178 1470 2213 7,
1497 2177 1575 2206 708.

1036 2223 1111 2253 143.
1138 2227 1207 2254 Non
1234 2231 1295 2256 ego
1320 2231 1378 2257 per
1401 2223 1498 2256 alios,
1527 2230 1633 2256 neque
1654 2230 1712 2257 per
1734 2230 1789 2251 ar-

987 2271 1146 2299 tificiosas
1183 2270 1318 2298 fraudes
1352 2272 1382 2296 el
1417 2270 1575 2302 ambages
1608 2272 1694 2295 tuam
1727 2276 1789 2296 vo-

986 2319 1143 2345 luntatem
1169 2317 1344 2350 explorare
1371 2314 1474 2342 volui.
1490 2329 1535 2332 —
1554 2310 1705 2353 legatos,
1728 2321 1791 2353 per

987 2364 1097 2391 artem
1122 2360 1162 2390 cf.
1187 2360 1224 2398 6,
1251 2359 1329 2389 692.

1034 2417 1109 2447 144.
1139 2414 1191 2446 Pl.
1218 2413 1344 2456 pepigi
1373 2420 1473 2444 mutat
1504 2415 1536 2443 in
1562 2410 1670 2454 petii!
1719 2417 1791 2443 Non

986 2461 1138 2503 pepigit,
1163 2471 1228 2491 non
1255 2461 1407 2496 pactione
1434 2462 1543 2494 aliqua
1569 2460 1631 2489 sihi
1657 2463 1791 2489 tutelam

987 2509 1142 2546 firmavit,
1167 2509 1226 2537 sed
1250 2508 1324 2543 ipse
1351 2516 1388 2536 se
1415 2507 1538 2535 obtulit.

1035 2565 1108 2595 145.
1143 2562 1262 2594 Obieci
1302 2566 1426 2603 caput,
1469 2563 1511 2592 cf.
1546 2562 1620 2591 Liv.
1645 2561 1706 2600 22,
1747 2561 1792 2591 40

991 2609 1154 2641 Hostium
1182 2618 1217 2638 se
1243 2607 1321 2639 telis
1344 2606 1484 2647 potins,
1517 2616 1621 2647 quarn
1660 2605 1792 2647 suffra-

989 2655 1063 2698 giis
1085 2655 1256 2686 iratorum
1283 2652 1411 2684 civium
1438 2655 1544 2692 caput
1568 2651 1792 2683 obiecturum.

1038 2711 1112 2742 146.
1144 2709 1236 2740 Gens
1255 2708 1411 2744 Daunia,
1431 2711 1584 2746 „Rutula
1604 2718 1625 2739 a
1641 2707 1793 2748 Dauno,“

990 2762 1023 2789 S.
1073 2758 1175 2788 'furni
1199 2761 1301 2792 patre.
1351 2757 1492 2785 versum
1517 2756 1602 2784 eiicit
1629 2753 1692 2785 Rb.

1037 2813 1113 2844 149.
1139 2817 1231 2843 Mare
1245 2819 1408 2852 superum
1425 2816 1475 2841 est
1494 2812 1716 2849 Adriaticum,
1738 2809 1794 2840 in-

988 2860 1103 2899 ferum
1130 2862 1346 2894 Tyrrhenum.
1399 2854 1451 2886 Pl.
1474 2858 1558 2887 eiicil
1588 2863 1617 2887 et
1643 2855 1705 2886 Rb.
1734 2859 1795 2886 ad-

993 2907 1102 2941 ditque
1130 2907 1243 2941 „Haec
1262 2906 1358 2939 plane
1381 2903 1513 2938 sapiunt
1540 2905 1689 2938 glossam
1707 2905 1795 2932 Geo-

993 2953 1194 2990 graphicam.
1245 2950 1359 2979 Omnis
1396 2949 1561 2985 Hesperia
1590 2949 1675 2979 satis
1710 2946 1794 2979 est.“

996 3000 1061 3029 Cur
1085 2998 1184 3033 igitur
1208 2996 1282 3032 quis
1309 2995 1454 3025 addidit?
