<?xml version="1.0" encoding="UTF-8"?>
<!DOCTYPE html PUBLIC "-//W3C//DTD XHTML 1.0 Transitional//EN"
    "http://www.w3.org/TR/xhtml1/DTD/xhtml1-transitional.dtd">
<html xmlns="http://www.w3.org/1999/xhtml" xml:lang="en" lang="en">
 <head>
  <title>
</title>
<meta http-equiv="Content-Type" content="text/html;charset=utf-8" />
  <meta name='ocr-system' content='tesseract 3.04.00' />
  <meta name='ocr-capabilities' content='ocr_page ocr_carea ocr_par ocr_line ocrx_word'/>
</head>
<body>
  <div class='ocr_page' id='page_1' title='image "aeneisvi00virguoft_0524.png"; bbox 0 0 2023 3350; ppageno 0'>
   <div class='ocr_carea' id='block_1_1' title="bbox 251 116 335 154">
    <p class='ocr_par' dir='ltr' id='par_1_1' title="bbox 251 116 335 154">
     <span class='ocr_line' id='line_1_1' title="bbox 251 116 335 154; baseline -0.012 0"><span class='ocrx_word' id='word_1_1' title='bbox 251 116 335 154; x_wconf 68' lang='lat'>498</span> 
     </span>
    </p>
   </div>
   <div class='ocr_carea' id='block_1_2' title="bbox 825 112 1313 146">
    <p class='ocr_par' dir='ltr' id='par_1_2' title="bbox 825 112 1313 146">
     <span class='ocr_line' id='line_1_2' title="bbox 825 112 1313 146; baseline 0.004 -3"><span class='ocrx_word' id='word_1_2' title='bbox 825 113 858 143; x_wconf 81' lang='lat' dir='ltr'>P.</span> <span class='ocrx_word' id='word_1_3' title='bbox 888 112 993 143; x_wconf 72' lang='lat' dir='ltr'>vilui</span> <span class='ocrx_word' id='word_1_4' title='bbox 1003 113 1078 144; x_wconf 80' lang='lat' dir='ltr'>{Lll</span> <span class='ocrx_word' id='word_1_5' title='bbox 1105 112 1313 146; x_wconf 76' lang='lat' dir='ltr'><strong>MAROMS</strong></span> 
     </span>
    </p>
   </div>
   <div class='ocr_carea' id='block_1_3' title="bbox 254 222 1483 280">
    <p class='ocr_par' dir='ltr' id='par_1_3' title="bbox 254 222 1483 280">
     <span class='ocr_line' id='line_1_3' title="bbox 254 222 1483 280; baseline -0.002 -12"><span class='ocrx_word' id='word_1_6' title='bbox 254 225 516 280; x_wconf 71' lang='lat' dir='ltr'>Languentis</span> <span class='ocrx_word' id='word_1_7' title='bbox 557 222 695 276; x_wconf 78' lang='lat' dir='ltr'>pelagi</span> <span class='ocrx_word' id='word_1_8' title='bbox 735 226 778 263; x_wconf 89' lang='lat' dir='ltr'>et</span> <span class='ocrx_word' id='word_1_9' title='bbox 815 223 1016 265; x_wconf 87' lang='lat' dir='ltr'>brevibus</span> <span class='ocrx_word' id='word_1_10' title='bbox 1055 237 1099 264; x_wconf 85' lang='lat' dir='ltr'>se</span> <span class='ocrx_word' id='word_1_11' title='bbox 1137 224 1311 265; x_wconf 86' lang='lat' dir='ltr'>credere</span> <span class='ocrx_word' id='word_1_12' title='bbox 1350 225 1483 276; x_wconf 86' lang='lat' dir='ltr'>saltu,</span> 
     </span>
    </p>
   </div>
   <div class='ocr_carea' id='block_1_4' title="bbox 254 280 637 326">
    <p class='ocr_par' dir='ltr' id='par_1_4' title="bbox 254 280 637 326">
     <span class='ocr_line' id='line_1_4' title="bbox 254 280 637 326; baseline -0.013 0"><span class='ocrx_word' id='word_1_13' title='bbox 254 285 333 326; x_wconf 86' lang='lat' dir='ltr'>Per</span> <span class='ocrx_word' id='word_1_14' title='bbox 373 296 512 325; x_wconf 86' lang='lat' dir='ltr'>remos</span> <span class='ocrx_word' id='word_1_15' title='bbox 552 280 637 322; x_wconf 87' lang='lat' dir='ltr'>alii.</span> 
     </span>
    </p>
   </div>
   <div class='ocr_carea' id='block_1_5' title="bbox 698 279 1373 334">
    <p class='ocr_par' dir='ltr' id='par_1_5' title="bbox 698 279 1373 334">
     <span class='ocr_line' id='line_1_5' title="bbox 698 279 1373 334; baseline 0.004 -13"><span class='ocrx_word' id='word_1_16' title='bbox 698 279 955 333; x_wconf 79' lang='lat' dir='ltr'>Speculatus</span> <span class='ocrx_word' id='word_1_17' title='bbox 991 281 1124 322; x_wconf 87' lang='lat' dir='ltr'>litora</span> <span class='ocrx_word' id='word_1_18' title='bbox 1157 281 1373 334; x_wconf 84' lang='lat' dir='ltr'>Tarchon,</span> 
     </span>
    </p>
   </div>
   <div class='ocr_carea' id='block_1_6' title="bbox 1806 282 1888 323">
    <p class='ocr_par' dir='ltr' id='par_1_6' title="bbox 1806 282 1888 323">
     <span class='ocr_line' id='line_1_6' title="bbox 1806 282 1888 323; baseline 0.012 -1"><span class='ocrx_word' id='word_1_19' title='bbox 1806 282 1888 323; x_wconf 85' lang='lat'>290</span> 
     </span>
    </p>
   </div>
   <div class='ocr_carea' id='block_1_7' title="bbox 253 337 1595 563">
    <p class='ocr_par' dir='ltr' id='par_1_7' title="bbox 253 337 1595 506">
     <span class='ocr_line' id='line_1_7' title="bbox 253 337 1595 391; baseline 0.001 -10"><span class='ocrx_word' id='word_1_20' title='bbox 253 342 347 391; x_wconf 87' lang='lat' dir='ltr'>Qua</span> <span class='ocrx_word' id='word_1_21' title='bbox 382 339 493 381; x_wconf 86' lang='lat' dir='ltr'>vada</span> <span class='ocrx_word' id='word_1_22' title='bbox 522 351 608 379; x_wconf 90' lang='lat' dir='ltr'>non</span> <span class='ocrx_word' id='word_1_23' title='bbox 641 337 809 390; x_wconf 78' lang='lat' dir='ltr'>spirant</span> <span class='ocrx_word' id='word_1_24' title='bbox 844 352 921 380; x_wconf 91' lang='lat' dir='ltr'>nec</span> <span class='ocrx_word' id='word_1_25' title='bbox 960 337 1100 380; x_wconf 86' lang='lat' dir='ltr'>fracta</span> <span class='ocrx_word' id='word_1_26' title='bbox 1134 344 1424 382; x_wconf 77' lang='lat' dir='ltr'>remurmurat</span> <span class='ocrx_word' id='word_1_27' title='bbox 1457 339 1595 390; x_wconf 84' lang='lat' dir='ltr'>unda,</span> 
     </span>
     <span class='ocr_line' id='line_1_8' title="bbox 255 393 1463 450; baseline 0 -11"><span class='ocrx_word' id='word_1_28' title='bbox 255 397 338 439; x_wconf 85' lang='lat' dir='ltr'>Sed</span> <span class='ocrx_word' id='word_1_29' title='bbox 375 410 493 438; x_wconf 88' lang='lat' dir='ltr'>mare</span> <span class='ocrx_word' id='word_1_30' title='bbox 525 393 783 436; x_wconf 83' lang='lat' dir='ltr'>inoffensum</span> <span class='ocrx_word' id='word_1_31' title='bbox 822 396 1031 438; x_wconf 80' lang='lat' dir='ltr'>crescenti</span> <span class='ocrx_word' id='word_1_32' title='bbox 1068 395 1288 438; x_wconf 80' lang='lat' dir='ltr'>adlabitur</span> <span class='ocrx_word' id='word_1_33' title='bbox 1324 402 1463 450; x_wconf 86' lang='lat' dir='ltr'>aestu,</span> 
     </span>
     <span class='ocr_line' id='line_1_9' title="bbox 255 452 1379 506; baseline 0.001 -11"><span class='ocrx_word' id='word_1_34' title='bbox 255 455 451 495; x_wconf 85' lang='lat' dir='ltr'>Advertit</span> <span class='ocrx_word' id='word_1_35' title='bbox 492 452 638 494; x_wconf 85' lang='lat' dir='ltr'>subito</span> <span class='ocrx_word' id='word_1_36' title='bbox 677 466 854 506; x_wconf 86' lang='lat' dir='ltr'>proram</span> <span class='ocrx_word' id='word_1_37' title='bbox 893 453 1120 506; x_wconf 85' lang='lat' dir='ltr'>sociosque</span> <span class='ocrx_word' id='word_1_38' title='bbox 1158 457 1379 506; x_wconf 84' lang='lat' dir='ltr'>precatur:</span> 
     </span>
    </p>

    <p class='ocr_par' dir='ltr' id='par_1_8' title="bbox 254 510 1448 563">
     <span class='ocr_line' id='line_1_10' title="bbox 254 510 1448 563; baseline 0.002 -11"><span class='ocrx_word' id='word_1_39' title='bbox 254 513 395 561; x_wconf 83' lang='lat' dir='ltr'>Nune,</span> <span class='ocrx_word' id='word_1_40' title='bbox 435 525 458 553; x_wconf 95' lang='lat' dir='ltr'>o</span> <span class='ocrx_word' id='word_1_41' title='bbox 491 511 603 552; x_wconf 86' lang='lat' dir='ltr'>lecta</span> <span class='ocrx_word' id='word_1_42' title='bbox 640 524 812 562; x_wconf 85' lang='lat' dir='ltr'>manus,</span> <span class='ocrx_word' id='word_1_43' title='bbox 847 511 1002 552; x_wconf 84' lang='lat' dir='ltr'>validis</span> <span class='ocrx_word' id='word_1_44' title='bbox 1030 510 1264 552; x_wconf 85' lang='lat' dir='ltr'>incumbite</span> <span class='ocrx_word' id='word_1_45' title='bbox 1299 514 1448 563; x_wconf 73' lang='lat' dir='ltr'>remis,</span> 
     </span>
    </p>
   </div>
   <div class='ocr_carea' id='block_1_8' title="bbox 254 568 1384 620">
    <p class='ocr_par' dir='ltr' id='par_1_9' title="bbox 254 568 1384 620">
     <span class='ocr_line' id='line_1_11' title="bbox 254 568 1384 620; baseline 0 -9"><span class='ocrx_word' id='word_1_46' title='bbox 254 569 430 620; x_wconf 82' lang='lat' dir='ltr'>Tollite,</span> <span class='ocrx_word' id='word_1_47' title='bbox 477 568 587 609; x_wconf 86' lang='lat' dir='ltr'>ferte</span> <span class='ocrx_word' id='word_1_48' title='bbox 619 571 756 620; x_wconf 84' lang='lat' dir='ltr'>rates;</span> <span class='ocrx_word' id='word_1_49' title='bbox 788 568 1006 611; x_wconf 86' lang='lat' dir='ltr'>inimicam</span> <span class='ocrx_word' id='word_1_50' title='bbox 1042 568 1192 610; x_wconf 87' lang='lat' dir='ltr'>findite</span> <span class='ocrx_word' id='word_1_51' title='bbox 1232 571 1384 611; x_wconf 83' lang='lat' dir='ltr'>rostris</span> 
     </span>
    </p>
   </div>
   <div class='ocr_carea' id='block_1_9' title="bbox 254 625 1519 738">
    <p class='ocr_par' dir='ltr' id='par_1_10' title="bbox 254 625 1519 738">
     <span class='ocr_line' id='line_1_12' title="bbox 255 625 1519 680; baseline -0.001 -12"><span class='ocrx_word' id='word_1_52' title='bbox 255 627 378 668; x_wconf 87' lang='lat' dir='ltr'>Hanc</span> <span class='ocrx_word' id='word_1_53' title='bbox 411 630 591 676; x_wconf 82' lang='lat' dir='ltr'>terram,</span> <span class='ocrx_word' id='word_1_54' title='bbox 627 625 877 680; x_wconf 85' lang='lat' dir='ltr'>sulcumque</span> <span class='ocrx_word' id='word_1_55' title='bbox 906 627 989 668; x_wconf 84' lang='lat' dir='ltr'>sibi</span> <span class='ocrx_word' id='word_1_56' title='bbox 1022 629 1192 680; x_wconf 87' lang='lat' dir='ltr'>premat</span> <span class='ocrx_word' id='word_1_57' title='bbox 1226 626 1321 680; x_wconf 83' lang='lat' dir='ltr'>ipsa</span> <span class='ocrx_word' id='word_1_58' title='bbox 1361 627 1519 669; x_wconf 86' lang='lat' dir='ltr'>carina.</span> 
     </span>
     <span class='ocr_line' id='line_1_13' title="bbox 254 683 1348 738; baseline -0.001 -12"><span class='ocrx_word' id='word_1_59' title='bbox 254 685 470 738; x_wconf 83' lang='lat' dir='ltr'>Frangere</span> <span class='ocrx_word' id='word_1_60' title='bbox 504 697 581 724; x_wconf 90' lang='lat' dir='ltr'>nec</span> <span class='ocrx_word' id='word_1_61' title='bbox 616 683 694 724; x_wconf 85' lang='lat' dir='ltr'>tali</span> <span class='ocrx_word' id='word_1_62' title='bbox 734 684 914 738; x_wconf 87' lang='lat' dir='ltr'>puppim</span> <span class='ocrx_word' id='word_1_63' title='bbox 950 684 1136 725; x_wconf 84' lang='lat' dir='ltr'>statione</span> <span class='ocrx_word' id='word_1_64' title='bbox 1176 697 1348 736; x_wconf 84' lang='lat' dir='ltr'>recuso,</span> 
     </span>
    </p>
   </div>
   <div class='ocr_carea' id='block_1_10' title="bbox 255 740 812 795">
    <p class='ocr_par' dir='ltr' id='par_1_11' title="bbox 255 740 812 795">
     <span class='ocr_line' id='line_1_14' title="bbox 255 740 812 795; baseline -0.002 -12"><span class='ocrx_word' id='word_1_65' title='bbox 255 743 442 795; x_wconf 88' lang='lat' dir='ltr'>Arrepta</span> <span class='ocrx_word' id='word_1_66' title='bbox 482 740 639 782; x_wconf 90' lang='lat' dir='ltr'>tellure</span> <span class='ocrx_word' id='word_1_67' title='bbox 670 741 812 782; x_wconf 81' lang='lat' dir='ltr'>semel.</span> 
     </span>
    </p>
   </div>
   <div class='ocr_carea' id='block_1_11' title="bbox 873 741 1399 795">
    <p class='ocr_par' dir='ltr' id='par_1_12' title="bbox 873 741 1399 795">
     <span class='ocr_line' id='line_1_15' title="bbox 873 741 1399 795; baseline 0.002 -13"><span class='ocrx_word' id='word_1_68' title='bbox 873 741 990 791; x_wconf 84' lang='lat' dir='ltr'>Quae</span> <span class='ocrx_word' id='word_1_69' title='bbox 1030 741 1137 782; x_wconf 88' lang='lat' dir='ltr'>talia</span> <span class='ocrx_word' id='word_1_70' title='bbox 1166 745 1399 795; x_wconf 83' lang='lat' dir='ltr'>postquam</span> 
     </span>
    </p>
   </div>
   <div class='ocr_carea' id='block_1_12' title="bbox 255 798 1306 852">
    <p class='ocr_par' dir='ltr' id='par_1_13' title="bbox 255 798 1306 852">
     <span class='ocr_line' id='line_1_16' title="bbox 255 798 1306 852; baseline -0.001 -11"><span class='ocrx_word' id='word_1_71' title='bbox 255 799 422 841; x_wconf 85' lang='lat' dir='ltr'>Effatus</span> <span class='ocrx_word' id='word_1_72' title='bbox 458 798 670 849; x_wconf 86' lang='lat' dir='ltr'>Tarchon,</span> <span class='ocrx_word' id='word_1_73' title='bbox 714 799 819 840; x_wconf 82' lang='lat' dir='ltr'>socii</span> <span class='ocrx_word' id='word_1_74' title='bbox 854 812 1114 852; x_wconf 83' lang='lat' dir='ltr'>consurgere</span> <span class='ocrx_word' id='word_1_75' title='bbox 1153 800 1306 849; x_wconf 83' lang='lat' dir='ltr'>tonsis,</span> 
     </span>
    </p>
   </div>
   <div class='ocr_carea' id='block_1_13' title="bbox 256 856 1319 911">
    <p class='ocr_par' dir='ltr' id='par_1_14' title="bbox 256 856 1319 911">
     <span class='ocr_line' id='line_1_17' title="bbox 256 856 1319 911; baseline -0.002 -12"><span class='ocrx_word' id='word_1_76' title='bbox 256 856 594 911; x_wconf 82' lang='lat' dir='ltr'>Spumantesque</span> <span class='ocrx_word' id='word_1_77' title='bbox 632 859 751 898; x_wconf 86' lang='lat' dir='ltr'>rates</span> <span class='ocrx_word' id='word_1_78' title='bbox 785 857 897 898; x_wconf 84' lang='lat' dir='ltr'>arvis</span> <span class='ocrx_word' id='word_1_79' title='bbox 936 856 1094 898; x_wconf 84' lang='lat' dir='ltr'>inferre</span> <span class='ocrx_word' id='word_1_80' title='bbox 1131 856 1319 908; x_wconf 70' lang='lat' dir='ltr'>Latinis,</span> 
     </span>
    </p>
   </div>
   <div class='ocr_carea' id='block_1_14' title="bbox 1809 854 1891 892">
    <p class='ocr_par' dir='ltr' id='par_1_15' title="bbox 1809 854 1891 892">
     <span class='ocr_line' id='line_1_18' title="bbox 1809 854 1891 892; baseline 0 0"><span class='ocrx_word' id='word_1_81' title='bbox 1809 854 1891 892; x_wconf 85' lang='lat'>300</span> 
     </span>
    </p>
   </div>
   <div class='ocr_carea' id='block_1_15' title="bbox 256 913 1434 956">
    <p class='ocr_par' dir='ltr' id='par_1_16' title="bbox 256 913 1434 956">
     <span class='ocr_line' id='line_1_19' title="bbox 256 913 1434 956; baseline -0.002 0"><span class='ocrx_word' id='word_1_82' title='bbox 256 916 401 956; x_wconf 89' lang='lat' dir='ltr'>Donec</span> <span class='ocrx_word' id='word_1_83' title='bbox 436 917 581 955; x_wconf 84' lang='lat' dir='ltr'>rostra</span> <span class='ocrx_word' id='word_1_84' title='bbox 615 916 761 955; x_wconf 90' lang='lat' dir='ltr'>tenent</span> <span class='ocrx_word' id='word_1_85' title='bbox 796 914 955 956; x_wconf 85' lang='lat' dir='ltr'>siccum</span> <span class='ocrx_word' id='word_1_86' title='bbox 993 918 1036 956; x_wconf 91' lang='lat' dir='ltr'>et</span> <span class='ocrx_word' id='word_1_87' title='bbox 1071 913 1220 956; x_wconf 86' lang='lat' dir='ltr'>sedere</span> <span class='ocrx_word' id='word_1_88' title='bbox 1263 914 1434 956; x_wconf 80' lang='lat' dir='ltr'>carinae</span> 
     </span>
    </p>
   </div>
   <div class='ocr_carea' id='block_1_16' title="bbox 257 972 673 1014">
    <p class='ocr_par' dir='ltr' id='par_1_17' title="bbox 257 972 673 1014">
     <span class='ocr_line' id='line_1_20' title="bbox 257 972 673 1014; baseline -0.002 -2"><span class='ocrx_word' id='word_1_89' title='bbox 257 972 413 1014; x_wconf 85' lang='lat' dir='ltr'>Omnes</span> <span class='ocrx_word' id='word_1_90' title='bbox 450 972 673 1013; x_wconf 85' lang='lat' dir='ltr'>innocuae.</span> 
     </span>
    </p>
   </div>
   <div class='ocr_carea' id='block_1_17' title="bbox 733 971 1507 1026">
    <p class='ocr_par' dir='ltr' id='par_1_18' title="bbox 733 971 1507 1026">
     <span class='ocr_line' id='line_1_21' title="bbox 733 971 1507 1026; baseline -0.004 -13"><span class='ocrx_word' id='word_1_91' title='bbox 733 971 816 1013; x_wconf 79' lang='lat' dir='ltr'>Sed</span> <span class='ocrx_word' id='word_1_92' title='bbox 851 986 934 1013; x_wconf 90' lang='lat' dir='ltr'>non</span> <span class='ocrx_word' id='word_1_93' title='bbox 974 972 1133 1026; x_wconf 83' lang='lat' dir='ltr'>puppis</span> <span class='ocrx_word' id='word_1_94' title='bbox 1168 976 1262 1019; x_wconf 83' lang='lat' dir='ltr'>tua,</span> <span class='ocrx_word' id='word_1_95' title='bbox 1299 971 1507 1013; x_wconf 89' lang='lat' dir='ltr'>Tarchon.</span> 
     </span>
    </p>
   </div>
   <div class='ocr_carea' id='block_1_18' title="bbox 213 1028 1561 1083">
    <p class='ocr_par' dir='ltr' id='par_1_19' title="bbox 213 1028 1561 1083">
     <span class='ocr_line' id='line_1_22' title="bbox 213 1028 1561 1083; baseline -0.003 -12"><span class='ocrx_word' id='word_1_96' title='bbox 213 1069 219 1076; x_wconf 89' lang='grc'>,</span> <span class='ocrx_word' id='word_1_97' title='bbox 256 1030 469 1083; x_wconf 85' lang='lat' dir='ltr'>Namque,</span> <span class='ocrx_word' id='word_1_98' title='bbox 505 1028 668 1070; x_wconf 79' lang='lat' dir='ltr'>inflicta</span> <span class='ocrx_word' id='word_1_99' title='bbox 706 1029 843 1080; x_wconf 78' lang='lat' dir='ltr'>vadis,</span> <span class='ocrx_word' id='word_1_100' title='bbox 881 1030 1009 1071; x_wconf 77' lang='lat' dir='ltr'>dorso</span> <span class='ocrx_word' id='word_1_101' title='bbox 1052 1030 1153 1071; x_wconf 87' lang='lat' dir='ltr'>dum</span> <span class='ocrx_word' id='word_1_102' title='bbox 1197 1029 1356 1083; x_wconf 80' lang='lat' dir='ltr'>pendet</span> <span class='ocrx_word' id='word_1_103' title='bbox 1393 1029 1561 1080; x_wconf 86' lang='lat' dir='ltr'>iniquo,</span> 
     </span>
    </p>
   </div>
   <div class='ocr_carea' id='block_1_19' title="bbox 257 1148 1058 1551">
    <p class='ocr_par' dir='ltr' id='par_1_20' title="bbox 257 1148 1054 1222">
     <span class='ocr_line' id='line_1_23' title="bbox 257 1148 1054 1183; baseline 0 -7"><span class='ocrx_word' id='word_1_104' title='bbox 257 1153 432 1182; x_wconf 77' lang='lat' dir='ltr'>antequam</span> <span class='ocrx_word' id='word_1_105' title='bbox 473 1154 562 1176; x_wconf 80' lang='lat' dir='ltr'>nova</span> <span class='ocrx_word' id='word_1_106' title='bbox 603 1148 689 1176; x_wconf 71' lang='lat' dir='ltr'>[inda</span> <span class='ocrx_word' id='word_1_107' title='bbox 722 1150 962 1183; x_wconf 61' lang='lat' dir='ltr'>subsequaiun</span> <span class='ocrx_word' id='word_1_108' title='bbox 1000 1148 1054 1176; x_wconf 81' lang='lat' dir='ltr'>alii</span> 
     </span>
     <span class='ocr_line' id='line_1_24' title="bbox 259 1193 534 1222; baseline 0.004 -1"><span class='ocrx_word' id='word_1_109' title='bbox 259 1193 357 1222; x_wconf 83' lang='lat' dir='ltr'>remis</span> <span class='ocrx_word' id='word_1_110' title='bbox 382 1193 534 1222; x_wconf 74' lang='lat' dir='ltr'>nitentes.</span> 
     </span>
    </p>

    <p class='ocr_par' dir='ltr' id='par_1_21' title="bbox 259 1235 1058 1497">
     <span class='ocr_line' id='line_1_25' title="bbox 307 1235 1054 1280; baseline -0.001 -13"><span class='ocrx_word' id='word_1_111' title='bbox 307 1238 382 1267; x_wconf 85' lang='grc'>189.</span> <span class='ocrx_word' id='word_1_112' title='bbox 412 1235 606 1278; x_wconf 78' lang='lat' dir='ltr'>Languens</span> <span class='ocrx_word' id='word_1_113' title='bbox 630 1236 795 1280; x_wconf 81' lang='lat' dir='ltr'>pelagus.</span> <span class='ocrx_word' id='word_1_114' title='bbox 826 1242 938 1274; x_wconf 77' lang='lat' dir='ltr'>Neque</span> <span class='ocrx_word' id='word_1_115' title='bbox 976 1241 1006 1267; x_wconf 89' lang='grc'>11.</span> <span class='ocrx_word' id='word_1_116' title='bbox 1033 1240 1054 1267; x_wconf 85' lang='lat' dir='ltr'>l.</span> 
     </span>
     <span class='ocr_line' id='line_1_26' title="bbox 259 1282 1055 1314; baseline 0 -2"><span class='ocrx_word' id='word_1_117' title='bbox 259 1292 319 1313; x_wconf 89' lang='lat' dir='ltr'>nec</span> <span class='ocrx_word' id='word_1_118' title='bbox 371 1283 456 1313; x_wconf 82' lang='lat' dir='ltr'>infra</span> <span class='ocrx_word' id='word_1_119' title='bbox 486 1284 518 1312; x_wconf 90' lang='lat' dir='ltr'>in</span> <span class='ocrx_word' id='word_1_120' title='bbox 556 1284 721 1314; x_wconf 82' lang='lat' dir='ltr'>crescenti</span> <span class='ocrx_word' id='word_1_121' title='bbox 755 1282 925 1314; x_wconf 83' lang='lat' dir='ltr'>allabitur</span> <span class='ocrx_word' id='word_1_122' title='bbox 956 1287 1055 1314; x_wconf 73' lang='lat' dir='ltr'>aestu</span> 
     </span>
     <span class='ocr_line' id='line_1_27' title="bbox 260 1329 1056 1366; baseline -0.003 -6"><span class='ocrx_word' id='word_1_123' title='bbox 260 1337 368 1360; x_wconf 82' lang='lat' dir='ltr'>sermo</span> <span class='ocrx_word' id='word_1_124' title='bbox 401 1335 453 1358; x_wconf 81' lang='lat' dir='ltr'>est</span> <span class='ocrx_word' id='word_1_125' title='bbox 487 1330 526 1358; x_wconf 79' lang='lat' dir='ltr'>(ie</span> <span class='ocrx_word' id='word_1_126' title='bbox 560 1329 649 1358; x_wconf 85' lang='lat' dir='ltr'>fluxu</span> <span class='ocrx_word' id='word_1_127' title='bbox 688 1330 823 1366; x_wconf 74' lang='lat' dir='ltr'>(Flam)</span> <span class='ocrx_word' id='word_1_128' title='bbox 865 1335 896 1359; x_wconf 85' lang='grc'>81</span> <span class='ocrx_word' id='word_1_129' title='bbox 929 1330 1056 1359; x_wconf 83' lang='lat' dir='ltr'>refluxu</span> 
     </span>
     <span class='ocr_line' id='line_1_28' title="bbox 261 1375 1057 1411; baseline 0 -7"><span class='ocrx_word' id='word_1_130' title='bbox 261 1375 388 1411; x_wconf 65' lang='lat' dir='ltr'>(abbe)</span> <span class='ocrx_word' id='word_1_131' title='bbox 416 1375 472 1410; x_wconf 79' lang='lat' dir='ltr'>qui</span> <span class='ocrx_word' id='word_1_132' title='bbox 495 1375 578 1404; x_wconf 83' lang='grc'>111181</span> <span class='ocrx_word' id='word_1_133' title='bbox 603 1384 640 1404; x_wconf 91' lang='lat' dir='ltr'>se</span> <span class='ocrx_word' id='word_1_134' title='bbox 665 1377 776 1405; x_wconf 74' lang='lat' dir='ltr'>multis</span> <span class='ocrx_word' id='word_1_135' title='bbox 802 1377 893 1405; x_wconf 83' lang='lat' dir='ltr'>horis</span> <span class='ocrx_word' id='word_1_136' title='bbox 923 1377 1057 1411; x_wconf 70' lang='lat' dir='ltr'>distant,</span> 
     </span>
     <span class='ocr_line' id='line_1_29' title="bbox 260 1421 1058 1458; baseline 0 -8"><span class='ocrx_word' id='word_1_137' title='bbox 260 1422 320 1450; x_wconf 80' lang='lat' dir='ltr'>sed</span> <span class='ocrx_word' id='word_1_138' title='bbox 344 1422 384 1449; x_wconf 89' lang='lat' dir='ltr'>de</span> <span class='ocrx_word' id='word_1_139' title='bbox 413 1421 509 1450; x_wconf 78' lang='lat' dir='ltr'>undis</span> <span class='ocrx_word' id='word_1_140' title='bbox 538 1421 570 1449; x_wconf 88' lang='lat' dir='ltr'>in</span> <span class='ocrx_word' id='word_1_141' title='bbox 605 1426 699 1450; x_wconf 84' lang='lat' dir='ltr'>aestu</span> <span class='ocrx_word' id='word_1_142' title='bbox 726 1421 941 1458; x_wconf 81' lang='lat' dir='ltr'>(Brandung)</span> <span class='ocrx_word' id='word_1_143' title='bbox 975 1424 1058 1450; x_wconf 87' lang='lat' dir='ltr'>alla-</span> 
     </span>
     <span class='ocr_line' id='line_1_30' title="bbox 260 1467 725 1497; baseline 0.004 -2"><span class='ocrx_word' id='word_1_144' title='bbox 260 1467 411 1496; x_wconf 73' lang='lat' dir='ltr'>bentibus</span> <span class='ocrx_word' id='word_1_145' title='bbox 442 1472 472 1495; x_wconf 88' lang='grc'>81</span> <span class='ocrx_word' id='word_1_146' title='bbox 492 1468 725 1497; x_wconf 72' lang='lat' dir='ltr'>relabentibus.</span> 
     </span>
    </p>

    <p class='ocr_par' dir='ltr' id='par_1_22' title="bbox 306 1511 1057 1551">
     <span class='ocr_line' id='line_1_31' title="bbox 306 1511 1057 1551; baseline -0.001 -11"><span class='ocrx_word' id='word_1_147' title='bbox 306 1511 383 1540; x_wconf 82' lang='grc'>290.</span> <span class='ocrx_word' id='word_1_148' title='bbox 409 1518 472 1551; x_wconf 87' lang='lat' dir='ltr'>per</span> <span class='ocrx_word' id='word_1_149' title='bbox 495 1519 606 1541; x_wconf 86' lang='lat' dir='ltr'>remos</span> <span class='ocrx_word' id='word_1_150' title='bbox 630 1512 812 1549; x_wconf 75' lang='lat' dir='ltr'>„scaphis“</span> <span class='ocrx_word' id='word_1_151' title='bbox 839 1515 872 1541; x_wconf 89' lang='lat' dir='ltr'>S.</span> <span class='ocrx_word' id='word_1_152' title='bbox 912 1513 947 1541; x_wconf 88' lang='lat' dir='ltr'>Id</span> <span class='ocrx_word' id='word_1_153' title='bbox 973 1512 1057 1541; x_wconf 73' lang='lat' dir='ltr'>salis</span> 
     </span>
    </p>
   </div>
   <div class='ocr_carea' id='block_1_20' title="bbox 258 1558 1057 1684">
    <p class='ocr_par' dir='ltr' id='par_1_23' title="bbox 258 1558 1057 1684">
     <span class='ocr_line' id='line_1_32' title="bbox 261 1558 1056 1593; baseline -0.001 -7"><span class='ocrx_word' id='word_1_154' title='bbox 261 1560 401 1586; x_wconf 83' lang='lat' dir='ltr'>obscure</span> <span class='ocrx_word' id='word_1_155' title='bbox 434 1558 553 1586; x_wconf 80' lang='lat' dir='ltr'>dicium</span> <span class='ocrx_word' id='word_1_156' title='bbox 585 1563 688 1587; x_wconf 68' lang='lat' dir='ltr'>esser.</span> <span class='ocrx_word' id='word_1_157' title='bbox 715 1575 757 1578; x_wconf 90' lang='lat'><strong>—</strong></span> <span class='ocrx_word' id='word_1_158' title='bbox 783 1560 884 1587; x_wconf 71' lang='lat' dir='ltr'>Recte</span> <span class='ocrx_word' id='word_1_159' title='bbox 910 1558 1056 1593; x_wconf 55' lang='lat' dir='ltr'>„remis”</span> 
     </span>
     <span class='ocr_line' id='line_1_33' title="bbox 262 1603 1057 1641; baseline 0 -9"><span class='ocrx_word' id='word_1_160' title='bbox 262 1612 319 1639; x_wconf 81' lang='lat' dir='ltr'>pro</span> <span class='ocrx_word' id='word_1_161' title='bbox 342 1603 448 1632; x_wconf 84' lang='lat' dir='ltr'>comis</span> <span class='ocrx_word' id='word_1_162' title='bbox 472 1603 580 1632; x_wconf 80' lang='lat' dir='ltr'>liuore</span> <span class='ocrx_word' id='word_1_163' title='bbox 608 1604 732 1641; x_wconf 82' lang='lat' dir='ltr'>infixis,</span> <span class='ocrx_word' id='word_1_164' title='bbox 775 1604 892 1639; x_wconf 81' lang='lat' dir='ltr'>quibus</span> <span class='ocrx_word' id='word_1_165' title='bbox 929 1604 996 1632; x_wconf 84' lang='lat' dir='ltr'>nixi</span> <span class='ocrx_word' id='word_1_166' title='bbox 1024 1604 1057 1632; x_wconf 90' lang='lat' dir='ltr'>in</span> 
     </span>
     <span class='ocr_line' id='line_1_34' title="bbox 258 1646 684 1684; baseline 0 -6"><span class='ocrx_word' id='word_1_167' title='bbox 258 1650 338 1678; x_wconf 75' lang='lat' dir='ltr'>liius</span> <span class='ocrx_word' id='word_1_168' title='bbox 361 1648 567 1684; x_wconf 79' lang='lat' dir='ltr'>prosiliuni.“</span> <span class='ocrx_word' id='word_1_169' title='bbox 617 1646 684 1679; x_wconf 86' lang='lat' dir='ltr'>Hn.</span> 
     </span>
    </p>
   </div>
   <div class='ocr_carea' id='block_1_21' title="bbox 260 1690 1061 3053">
    <p class='ocr_par' dir='ltr' id='par_1_24' title="bbox 260 1690 1061 2505">
     <span class='ocr_line' id='line_1_35' title="bbox 305 1690 1057 1734; baseline -0.003 -11"><span class='ocrx_word' id='word_1_170' title='bbox 305 1693 384 1723; x_wconf 83' lang='lat'>291.</span> <span class='ocrx_word' id='word_1_171' title='bbox 409 1692 548 1733; x_wconf 80' lang='lat' dir='ltr'>spirant</span> <span class='ocrx_word' id='word_1_172' title='bbox 579 1694 651 1723; x_wconf 76' lang='lat' dir='ltr'>Mhi</span> <span class='ocrx_word' id='word_1_173' title='bbox 684 1702 749 1724; x_wconf 87' lang='lat' dir='ltr'>rec.</span> <span class='ocrx_word' id='word_1_174' title='bbox 776 1691 845 1723; x_wconf 89' lang='lat' dir='ltr'>Hn.</span> <span class='ocrx_word' id='word_1_175' title='bbox 879 1691 962 1734; x_wconf 83' lang='lat' dir='ltr'>Wg.</span> <span class='ocrx_word' id='word_1_176' title='bbox 992 1690 1057 1726; x_wconf 83' lang='lat' dir='ltr'>Ld.</span> 
     </span>
     <span class='ocr_line' id='line_1_36' title="bbox 261 1738 1058 1779; baseline -0.004 -9"><span class='ocrx_word' id='word_1_177' title='bbox 261 1742 381 1779; x_wconf 81' lang='lat' dir='ltr'>sperat</span> <span class='ocrx_word' id='word_1_178' title='bbox 405 1738 545 1779; x_wconf 74' lang='lat' dir='ltr'>Pnyb2c</span> <span class='ocrx_word' id='word_1_179' title='bbox 583 1748 649 1769; x_wconf 86' lang='lat' dir='ltr'>rec.</span> <span class='ocrx_word' id='word_1_180' title='bbox 694 1738 756 1769; x_wconf 85' lang='lat' dir='ltr'>Rb.</span> <span class='ocrx_word' id='word_1_181' title='bbox 800 1744 832 1768; x_wconf 89' lang='grc'>81</span> <span class='ocrx_word' id='word_1_182' title='bbox 866 1742 960 1768; x_wconf 82' lang='lat' dir='ltr'>Serv.</span> <span class='ocrx_word' id='word_1_183' title='bbox 1004 1740 1058 1774; x_wconf 77' lang='lat' dir='ltr'>qui</span> 
     </span>
     <span class='ocr_line' id='line_1_37' title="bbox 260 1786 1057 1823; baseline -0.001 -9"><span class='ocrx_word' id='word_1_184' title='bbox 260 1788 355 1823; x_wconf 81' lang='lat' dir='ltr'>„Non</span> <span class='ocrx_word' id='word_1_185' title='bbox 376 1790 527 1821; x_wconf 76' lang='lat' dir='ltr'>sperant:</span> <span class='ocrx_word' id='word_1_186' title='bbox 576 1786 693 1821; x_wconf 77' lang='lat' dir='ltr'>legitur</span> <span class='ocrx_word' id='word_1_187' title='bbox 733 1790 764 1814; x_wconf 89' lang='grc'>81</span> <span class='ocrx_word' id='word_1_188' title='bbox 798 1788 936 1823; x_wconf 78' lang='lat' dir='ltr'>sperat,</span> <span class='ocrx_word' id='word_1_189' title='bbox 972 1786 1057 1819; x_wconf 80' lang='lat' dir='ltr'>quod</span> 
     </span>
     <span class='ocr_line' id='line_1_38' title="bbox 260 1831 1057 1861; baseline 0 -2"><span class='ocrx_word' id='word_1_190' title='bbox 260 1836 291 1860; x_wconf 78' lang='lat' dir='ltr'>et</span> <span class='ocrx_word' id='word_1_191' title='bbox 319 1831 437 1860; x_wconf 88' lang='lat' dir='ltr'>melius</span> <span class='ocrx_word' id='word_1_192' title='bbox 463 1836 524 1860; x_wconf 77' lang='lat' dir='ltr'>est.</span> <span class='ocrx_word' id='word_1_193' title='bbox 573 1833 654 1861; x_wconf 81' lang='lat' dir='ltr'>Nam</span> <span class='ocrx_word' id='word_1_194' title='bbox 681 1833 756 1860; x_wconf 85' lang='lat' dir='ltr'>dum</span> <span class='ocrx_word' id='word_1_195' title='bbox 786 1833 872 1860; x_wconf 82' lang='lat' dir='ltr'>vada</span> <span class='ocrx_word' id='word_1_196' title='bbox 897 1839 975 1859; x_wconf 83' lang='lat' dir='ltr'>esse</span> <span class='ocrx_word' id='word_1_197' title='bbox 993 1839 1057 1859; x_wconf 89' lang='lat' dir='ltr'>non</span> 
     </span>
     <span class='ocr_line' id='line_1_39' title="bbox 263 1876 1057 1914; baseline -0.001 -8"><span class='ocrx_word' id='word_1_198' title='bbox 263 1881 387 1914; x_wconf 78' lang='lat' dir='ltr'>sperat,</span> <span class='ocrx_word' id='word_1_199' title='bbox 422 1877 534 1906; x_wconf 76' lang='lat' dir='ltr'>incidit</span> <span class='ocrx_word' id='word_1_200' title='bbox 572 1877 605 1906; x_wconf 85' lang='lat' dir='ltr'>in</span> <span class='ocrx_word' id='word_1_201' title='bbox 644 1876 718 1906; x_wconf 54' lang='lat' dir='ltr'>east·</span> <span class='ocrx_word' id='word_1_202' title='bbox 788 1878 880 1906; x_wconf 86' lang='lat' dir='ltr'>Unde</span> <span class='ocrx_word' id='word_1_203' title='bbox 922 1881 1057 1912; x_wconf 79' lang='lat' dir='ltr'>apparet</span> 
     </span>
     <span class='ocr_line' id='line_1_40' title="bbox 261 1920 1058 1960; baseline -0.001 -9"><span class='ocrx_word' id='word_1_204' title='bbox 261 1930 334 1951; x_wconf 89' lang='lat' dir='ltr'>eum</span> <span class='ocrx_word' id='word_1_205' title='bbox 387 1923 512 1958; x_wconf 83' lang='lat' dir='ltr'>legisse</span> <span class='ocrx_word' id='word_1_206' title='bbox 572 1924 658 1958; x_wconf 86' lang='lat' dir='ltr'>quod</span> <span class='ocrx_word' id='word_1_207' title='bbox 705 1931 748 1952; x_wconf 85' lang='lat' dir='ltr'>ex</span> <span class='ocrx_word' id='word_1_208' title='bbox 798 1920 936 1960; x_wconf 81' lang='lat' dir='ltr'>spirant</span> <span class='ocrx_word' id='word_1_209' title='bbox 984 1930 1058 1951; x_wconf 89' lang='lat' dir='ltr'>cor-</span> 
     </span>
     <span class='ocr_line' id='line_1_41' title="bbox 261 1969 1058 2007; baseline 0 -11"><span class='ocrx_word' id='word_1_210' title='bbox 261 1974 390 2004; x_wconf 73' lang='lat' dir='ltr'>ruptum</span> <span class='ocrx_word' id='word_1_211' title='bbox 428 1973 496 2004; x_wconf 83' lang='lat' dir='ltr'>est,</span> <span class='ocrx_word' id='word_1_212' title='bbox 543 1971 700 2007; x_wconf 77' lang='lat' dir='ltr'>sperant,</span> <span class='ocrx_word' id='word_1_213' title='bbox 730 1969 828 2003; x_wconf 82' lang='lat' dir='ltr'>idque</span> <span class='ocrx_word' id='word_1_214' title='bbox 857 1976 920 1998; x_wconf 81' lang='lat' dir='ltr'>suo</span> <span class='ocrx_word' id='word_1_215' title='bbox 955 1970 1058 1996; x_wconf 74' lang='lat' dir='ltr'>Marte</span> 
     </span>
     <span class='ocr_line' id='line_1_42' title="bbox 262 2014 1057 2050; baseline 0.001 -9"><span class='ocrx_word' id='word_1_216' title='bbox 262 2015 482 2050; x_wconf 81' lang='lat' dir='ltr'>emendasse,</span> <span class='ocrx_word' id='word_1_217' title='bbox 526 2018 559 2042; x_wconf 85' lang='grc'>111</span> <span class='ocrx_word' id='word_1_218' title='bbox 599 2016 711 2048; x_wconf 73' lang='lat' dir='ltr'>aliqua</span> <span class='ocrx_word' id='word_1_219' title='bbox 750 2018 842 2043; x_wconf 73' lang='lat' dir='ltr'>esset</span> <span class='ocrx_word' id='word_1_220' title='bbox 885 2014 1057 2050; x_wconf 76' lang='lat' dir='ltr'>senieniia,</span> 
     </span>
     <span class='ocr_line' id='line_1_43' title="bbox 263 2059 1057 2095; baseline 0.001 -8"><span class='ocrx_word' id='word_1_221' title='bbox 263 2060 414 2094; x_wconf 82' lang='lat' dir='ltr'>quamvis</span> <span class='ocrx_word' id='word_1_222' title='bbox 469 2059 568 2088; x_wconf 78' lang='lat' dir='ltr'>falsa.</span> <span class='ocrx_word' id='word_1_223' title='bbox 640 2061 721 2095; x_wconf 83' lang='lat' dir='ltr'>Quid</span> <span class='ocrx_word' id='word_1_224' title='bbox 773 2060 881 2088; x_wconf 68' lang='lat' dir='ltr'>enim?</span> <span class='ocrx_word' id='word_1_225' title='bbox 941 2062 1057 2094; x_wconf 76' lang='lat' dir='ltr'>Sperat</span> 
     </span>
     <span class='ocr_line' id='line_1_44' title="bbox 261 2105 1059 2141; baseline 0 -8"><span class='ocrx_word' id='word_1_226' title='bbox 261 2105 304 2134; x_wconf 87' lang='lat' dir='ltr'>ibi</span> <span class='ocrx_word' id='word_1_227' title='bbox 334 2113 399 2134; x_wconf 83' lang='lat' dir='ltr'>non</span> <span class='ocrx_word' id='word_1_228' title='bbox 433 2113 513 2134; x_wconf 85' lang='lat' dir='ltr'>esse</span> <span class='ocrx_word' id='word_1_229' title='bbox 550 2106 655 2141; x_wconf 74' lang='lat' dir='ltr'>vada,</span> <span class='ocrx_word' id='word_1_230' title='bbox 690 2105 742 2134; x_wconf 89' lang='lat' dir='ltr'>ubi</span> <span class='ocrx_word' id='word_1_231' title='bbox 767 2107 852 2134; x_wconf 83' lang='lat' dir='ltr'>unda</span> <span class='ocrx_word' id='word_1_232' title='bbox 879 2113 943 2133; x_wconf 89' lang='lat' dir='ltr'>non</span> <span class='ocrx_word' id='word_1_233' title='bbox 969 2105 1059 2133; x_wconf 82' lang='lat' dir='ltr'>fran-</span> 
     </span>
     <span class='ocr_line' id='line_1_45' title="bbox 261 2147 1057 2189; baseline 0 -10"><span class='ocrx_word' id='word_1_234' title='bbox 261 2151 367 2185; x_wconf 66' lang='lat' dir='ltr'>gitur?</span> <span class='ocrx_word' id='word_1_235' title='bbox 393 2166 437 2170; x_wconf 94' lang='lat'>—</span> <span class='ocrx_word' id='word_1_236' title='bbox 466 2147 613 2189; x_wconf 77' lang='lat' dir='ltr'>Spirant</span> <span class='ocrx_word' id='word_1_237' title='bbox 638 2156 686 2180; x_wconf 79' lang='lat' dir='ltr'>esi</span> <span class='ocrx_word' id='word_1_238' title='bbox 718 2156 869 2180; x_wconf 76' lang='lat' dir='ltr'>aestuant</span> <span class='ocrx_word' id='word_1_239' title='bbox 900 2152 943 2179; x_wconf 76' lang='lat' dir='ltr'>ita</span> <span class='ocrx_word' id='word_1_240' title='bbox 969 2153 1006 2179; x_wconf 88' lang='lat' dir='ltr'>G.</span> <span class='ocrx_word' id='word_1_241' title='bbox 1032 2153 1057 2186; x_wconf 75' lang='grc' dir='ltr'>Ι,</span> 
     </span>
     <span class='ocr_line' id='line_1_46' title="bbox 262 2194 1054 2236; baseline 0.001 -12"><span class='ocrx_word' id='word_1_242' title='bbox 262 2194 329 2225; x_wconf 78' lang='grc'>327</span> <span class='ocrx_word' id='word_1_243' title='bbox 349 2195 534 2236; x_wconf 83' lang='lat' dir='ltr'>servetque</span> <span class='ocrx_word' id='word_1_244' title='bbox 553 2194 660 2234; x_wconf 85' lang='lat' dir='ltr'>fretis</span> <span class='ocrx_word' id='word_1_245' title='bbox 672 2194 890 2235; x_wconf 75' lang='lat' dir='ltr'>spirantibus</span> <span class='ocrx_word' id='word_1_246' title='bbox 914 2204 1054 2236; x_wconf 83' lang='lat' dir='ltr'>aequor.</span> 
     </span>
     <span class='ocr_line' id='line_1_47' title="bbox 261 2243 1053 2279; baseline 0 -9"><span class='ocrx_word' id='word_1_247' title='bbox 261 2243 374 2276; x_wconf 76' lang='lat' dir='ltr'>ltaque</span> <span class='ocrx_word' id='word_1_248' title='bbox 395 2244 503 2270; x_wconf 89' lang='lat' dir='ltr'>locum</span> <span class='ocrx_word' id='word_1_249' title='bbox 528 2243 670 2279; x_wconf 71' lang='lat' dir='ltr'>quaerit,</span> <span class='ocrx_word' id='word_1_250' title='bbox 708 2243 759 2271; x_wconf 77' lang='lat' dir='ltr'>uhi</span> <span class='ocrx_word' id='word_1_251' title='bbox 795 2251 859 2271; x_wconf 89' lang='lat' dir='ltr'>non</span> <span class='ocrx_word' id='word_1_252' title='bbox 886 2243 1000 2270; x_wconf 81' lang='lat' dir='ltr'>ebullit</span> <span class='ocrx_word' id='word_1_253' title='bbox 1024 2247 1053 2270; x_wconf 86' lang='grc'>81</span> 
     </span>
     <span class='ocr_line' id='line_1_48' title="bbox 262 2288 1055 2325; baseline 0 -9"><span class='ocrx_word' id='word_1_254' title='bbox 262 2291 394 2317; x_wconf 71' lang='lat' dir='ltr'>aestuat</span> <span class='ocrx_word' id='word_1_255' title='bbox 415 2295 519 2325; x_wconf 82' lang='lat' dir='ltr'>aqua,</span> <span class='ocrx_word' id='word_1_256' title='bbox 563 2289 623 2317; x_wconf 78' lang='lat' dir='ltr'>sed</span> <span class='ocrx_word' id='word_1_257' title='bbox 650 2288 767 2316; x_wconf 71' lang='lat' dir='ltr'>leniter</span> <span class='ocrx_word' id='word_1_258' title='bbox 799 2289 840 2317; x_wconf 76' lang='lat' dir='ltr'>ad</span> <span class='ocrx_word' id='word_1_259' title='bbox 866 2288 944 2316; x_wconf 78' lang='lat' dir='ltr'>liius</span> <span class='ocrx_word' id='word_1_260' title='bbox 971 2290 1055 2317; x_wconf 85' lang='lat' dir='ltr'>alla-</span> 
     </span>
     <span class='ocr_line' id='line_1_49' title="bbox 262 2332 1055 2370; baseline 0.001 -9"><span class='ocrx_word' id='word_1_261' title='bbox 262 2334 345 2361; x_wconf 77' lang='lat' dir='ltr'>bitur</span> <span class='ocrx_word' id='word_1_262' title='bbox 369 2333 547 2369; x_wconf 84' lang='grc'>8118111111,</span> <span class='ocrx_word' id='word_1_263' title='bbox 587 2336 672 2368; x_wconf 84' lang='lat' dir='ltr'>quod</span> <span class='ocrx_word' id='word_1_264' title='bbox 698 2334 748 2370; x_wconf 84' lang='grc'>111,</span> <span class='ocrx_word' id='word_1_265' title='bbox 785 2335 837 2362; x_wconf 86' lang='lat' dir='ltr'>ubi</span> <span class='ocrx_word' id='word_1_266' title='bbox 876 2341 965 2362; x_wconf 71' lang='lat' dir='ltr'>{nare</span> <span class='ocrx_word' id='word_1_267' title='bbox 1002 2332 1055 2362; x_wconf 86' lang='lat' dir='ltr'>in-</span> 
     </span>
     <span class='ocr_line' id='line_1_50' title="bbox 263 2376 1057 2418; baseline 0 -10"><span class='ocrx_word' id='word_1_268' title='bbox 263 2376 430 2418; x_wconf 84' lang='lat' dir='ltr'>offensum</span> <span class='ocrx_word' id='word_1_269' title='bbox 446 2384 497 2407; x_wconf 77' lang='lat' dir='ltr'>est</span> <span class='ocrx_word' id='word_1_270' title='bbox 520 2379 539 2407; x_wconf 84' lang='grc'>1.</span> <span class='ocrx_word' id='word_1_271' title='bbox 553 2387 581 2407; x_wconf 89' lang='grc'>8.</span> <span class='ocrx_word' id='word_1_272' title='bbox 608 2380 660 2408; x_wconf 82' lang='lat' dir='ltr'>ubi</span> <span class='ocrx_word' id='word_1_273' title='bbox 687 2381 805 2408; x_wconf 81' lang='lat' dir='ltr'>vadum</span> <span class='ocrx_word' id='word_1_274' title='bbox 828 2380 952 2408; x_wconf 81' lang='lat' dir='ltr'>sensim</span> <span class='ocrx_word' id='word_1_275' title='bbox 977 2382 1057 2408; x_wconf 86' lang='lat' dir='ltr'>sub·-</span> 
     </span>
     <span class='ocr_line' id='line_1_51' title="bbox 263 2424 1061 2460; baseline 0.003 -8"><span class='ocrx_word' id='word_1_276' title='bbox 263 2424 404 2452; x_wconf 79' lang='lat' dir='ltr'>niitliiur.</span> <span class='ocrx_word' id='word_1_277' title='bbox 452 2426 500 2453; x_wconf 75' lang='lat' dir='ltr'>lbi</span> <span class='ocrx_word' id='word_1_278' title='bbox 539 2426 625 2460; x_wconf 73' lang='lat' dir='ltr'>cupii</span> <span class='ocrx_word' id='word_1_279' title='bbox 663 2428 814 2454; x_wconf 81' lang='lat' dir='ltr'>Tarchon</span> <span class='ocrx_word' id='word_1_280' title='bbox 854 2433 982 2454; x_wconf 84' lang='lat' dir='ltr'>summa</span> <span class='ocrx_word' id='word_1_281' title='bbox 1026 2426 1061 2454; x_wconf 74' lang='lat' dir='ltr'>vi</span> 
     </span>
     <span class='ocr_line' id='line_1_52' title="bbox 263 2470 882 2505; baseline 0.002 -7"><span class='ocrx_word' id='word_1_282' title='bbox 263 2472 432 2505; x_wconf 74' lang='lat' dir='ltr'>appellere</span> <span class='ocrx_word' id='word_1_283' title='bbox 457 2472 510 2498; x_wconf 77' lang='lat' dir='ltr'>vel</span> <span class='ocrx_word' id='word_1_284' title='bbox 536 2470 699 2505; x_wconf 80' lang='lat' dir='ltr'>naufragii</span> <span class='ocrx_word' id='word_1_285' title='bbox 724 2471 882 2505; x_wconf 75' lang='lat' dir='ltr'>periculo.</span> 
     </span>
    </p>

    <p class='ocr_par' dir='ltr' id='par_1_25' title="bbox 261 2514 1060 2691">
     <span class='ocr_line' id='line_1_53' title="bbox 308 2514 1060 2553; baseline 0.004 -10"><span class='ocrx_word' id='word_1_286' title='bbox 308 2514 386 2544; x_wconf 78' lang='lat'>293.</span> <span class='ocrx_word' id='word_1_287' title='bbox 411 2522 551 2553; x_wconf 86' lang='lat' dir='ltr'>proram</span> <span class='ocrx_word' id='word_1_288' title='bbox 584 2515 694 2545; x_wconf 80' lang='lat' dir='ltr'>socios</span> <span class='ocrx_word' id='word_1_289' title='bbox 721 2516 776 2545; x_wconf 76' lang='grc'>1112</span> <span class='ocrx_word' id='word_1_290' title='bbox 807 2525 871 2545; x_wconf 85' lang='lat' dir='ltr'>rec.</span> <span class='ocrx_word' id='word_1_291' title='bbox 900 2514 963 2546; x_wconf 71' lang='lat' dir='ltr'>Ro.</span> <span class='ocrx_word' id='word_1_292' title='bbox 995 2514 1060 2546; x_wconf 69' lang='lat' dir='ltr'>Lrl.</span> 
     </span>
     <span class='ocr_line' id='line_1_54' title="bbox 261 2558 1060 2603; baseline 0.003 -14"><span class='ocrx_word' id='word_1_293' title='bbox 261 2568 388 2600; x_wconf 80' lang='lat' dir='ltr'>proras</span> <span class='ocrx_word' id='word_1_294' title='bbox 412 2558 522 2590; x_wconf 83' lang='lat' dir='ltr'>socios</span> <span class='ocrx_word' id='word_1_295' title='bbox 551 2562 696 2601; x_wconf 71' lang='lat' dir='ltr'>Mlebc</span> <span class='ocrx_word' id='word_1_296' title='bbox 741 2570 806 2591; x_wconf 89' lang='lat' dir='ltr'>rec.</span> <span class='ocrx_word' id='word_1_297' title='bbox 838 2560 922 2603; x_wconf 82' lang='lat' dir='ltr'>Wg.</span> <span class='ocrx_word' id='word_1_298' title='bbox 953 2569 1060 2601; x_wconf 90' lang='lat' dir='ltr'>prora</span> 
     </span>
     <span class='ocr_line' id='line_1_55' title="bbox 263 2604 1058 2648; baseline 0.003 -14"><span class='ocrx_word' id='word_1_299' title='bbox 263 2604 373 2635; x_wconf 80' lang='lat' dir='ltr'>socios</span> <span class='ocrx_word' id='word_1_300' title='bbox 406 2608 443 2635; x_wconf 81' lang='lat' dir='ltr'>R.</span> <span class='ocrx_word' id='word_1_301' title='bbox 477 2607 525 2646; x_wconf 77' lang='lat' dir='ltr'>Cf.</span> <span class='ocrx_word' id='word_1_302' title='bbox 557 2614 587 2636; x_wconf 78' lang='lat' dir='ltr'>v.</span> <span class='ocrx_word' id='word_1_303' title='bbox 614 2605 679 2636; x_wconf 82' lang='grc'>297</span> <span class='ocrx_word' id='word_1_304' title='bbox 708 2609 761 2636; x_wconf 85' lang='lat' dir='ltr'>ubi</span> <span class='ocrx_word' id='word_1_305' title='bbox 788 2606 937 2646; x_wconf 85' lang='lat' dir='ltr'>puppim</span> <span class='ocrx_word' id='word_1_306' title='bbox 961 2608 1058 2648; x_wconf 80' lang='lat' dir='ltr'>Mylb</span> 
     </span>
     <span class='ocr_line' id='line_1_56' title="bbox 262 2649 730 2691; baseline 0.006 -12"><span class='ocrx_word' id='word_1_307' title='bbox 262 2649 394 2690; x_wconf 81' lang='lat' dir='ltr'>puppis</span> <span class='ocrx_word' id='word_1_308' title='bbox 417 2651 480 2691; x_wconf 67' lang='lat' dir='ltr'>72c</span> <span class='ocrx_word' id='word_1_309' title='bbox 504 2659 640 2691; x_wconf 80' lang='lat' dir='ltr'>puppes</span> <span class='ocrx_word' id='word_1_310' title='bbox 666 2655 730 2682; x_wconf 84' lang='lat' dir='ltr'>PR.</span> 
     </span>
    </p>

    <p class='ocr_par' dir='ltr' id='par_1_26' title="bbox 307 2695 1059 2735">
     <span class='ocr_line' id='line_1_57' title="bbox 307 2695 1059 2735; baseline 0.003 -10"><span class='ocrx_word' id='word_1_311' title='bbox 307 2696 384 2726; x_wconf 74' lang='lat'>294.</span> <span class='ocrx_word' id='word_1_312' title='bbox 407 2695 540 2726; x_wconf 81' lang='lat' dir='ltr'>validis</span> <span class='ocrx_word' id='word_1_313' title='bbox 566 2696 753 2727; x_wconf 81' lang='lat' dir='ltr'>incumbite</span> <span class='ocrx_word' id='word_1_314' title='bbox 778 2696 882 2727; x_wconf 82' lang='lat' dir='ltr'>remis</span> <span class='ocrx_word' id='word_1_315' title='bbox 907 2699 948 2728; x_wconf 83' lang='lat' dir='ltr'>cf.</span> <span class='ocrx_word' id='word_1_316' title='bbox 964 2698 1059 2735; x_wconf 83' lang='lat'>5‚15.</span> 
     </span>
    </p>

    <p class='ocr_par' dir='ltr' id='par_1_27' title="bbox 260 2740 1060 2953">
     <span class='ocr_line' id='line_1_58' title="bbox 306 2740 1060 2774; baseline 0.003 -3"><span class='ocrx_word' id='word_1_317' title='bbox 306 2741 382 2771; x_wconf 76' lang='lat'>⁶295.</span> <span class='ocrx_word' id='word_1_318' title='bbox 408 2740 522 2772; x_wconf 84' lang='lat' dir='ltr'>tollite</span> <span class='ocrx_word' id='word_1_319' title='bbox 541 2744 560 2772; x_wconf 85' lang='lat' dir='ltr'>i.</span> <span class='ocrx_word' id='word_1_320' title='bbox 589 2752 617 2772; x_wconf 87' lang='lat' dir='ltr'>e.</span> <span class='ocrx_word' id='word_1_321' title='bbox 639 2745 776 2773; x_wconf 69' lang='lat' dir='ltr'>attollite</span> <span class='ocrx_word' id='word_1_322' title='bbox 804 2749 937 2773; x_wconf 83' lang='lat' dir='ltr'>sirenue</span> <span class='ocrx_word' id='word_1_323' title='bbox 962 2745 1060 2774; x_wconf 87' lang='lat' dir='ltr'>remi-</span> 
     </span>
     <span class='ocr_line' id='line_1_59' title="bbox 263 2786 1058 2828; baseline 0.004 -12"><span class='ocrx_word' id='word_1_324' title='bbox 263 2789 369 2822; x_wconf 83' lang='lat' dir='ltr'>gando</span> <span class='ocrx_word' id='word_1_325' title='bbox 395 2796 514 2817; x_wconf 84' lang='lat' dir='ltr'>remos.</span> <span class='ocrx_word' id='word_1_326' title='bbox 567 2786 712 2828; x_wconf 77' lang='lat' dir='ltr'>Tollite,</span> <span class='ocrx_word' id='word_1_327' title='bbox 741 2789 836 2828; x_wconf 85' lang='lat' dir='ltr'>ferte</span> <span class='ocrx_word' id='word_1_328' title='bbox 853 2791 915 2827; x_wconf 80' lang='lat' dir='ltr'>„ad</span> <span class='ocrx_word' id='word_1_329' title='bbox 941 2791 1058 2820; x_wconf 87' lang='lat' dir='ltr'>celeri—</span> 
     </span>
     <span class='ocr_line' id='line_1_60' title="bbox 262 2833 1060 2874; baseline 0.005 -13"><span class='ocrx_word' id='word_1_330' title='bbox 262 2837 360 2862; x_wconf 74' lang='lat' dir='ltr'>tatem</span> <span class='ocrx_word' id='word_1_331' title='bbox 384 2834 502 2863; x_wconf 77' lang='lat' dir='ltr'>dicium</span> <span class='ocrx_word' id='word_1_332' title='bbox 528 2838 587 2863; x_wconf 75' lang='lat' dir='ltr'>esi.</span> <span class='ocrx_word' id='word_1_333' title='bbox 627 2833 772 2874; x_wconf 81' lang='lat' dir='ltr'>findite,</span> <span class='ocrx_word' id='word_1_334' title='bbox 799 2840 831 2864; x_wconf 88' lang='grc'>111</span> <span class='ocrx_word' id='word_1_335' title='bbox 860 2836 958 2864; x_wconf 79' lang='lat' dir='ltr'>eiiam</span> <span class='ocrx_word' id='word_1_336' title='bbox 972 2841 1060 2866; x_wconf 83' lang='lat' dir='ltr'>terra</span> 
     </span>
     <span class='ocr_line' id='line_1_61' title="bbox 260 2879 1058 2914; baseline 0.005 -7"><span class='ocrx_word' id='word_1_337' title='bbox 260 2879 336 2913; x_wconf 75' lang='lat' dir='ltr'>ipsa</span> <span class='ocrx_word' id='word_1_338' title='bbox 368 2881 605 2914; x_wconf 80' lang='lat' dir='ltr'>quodammodo</span> <span class='ocrx_word' id='word_1_339' title='bbox 636 2882 756 2910; x_wconf 72' lang='lat' dir='ltr'>sentiat</span> <span class='ocrx_word' id='word_1_340' title='bbox 794 2882 901 2910; x_wconf 71' lang='lat' dir='ltr'>hostis</span> <span class='ocrx_word' id='word_1_341' title='bbox 933 2884 1058 2911; x_wconf 79' lang='lat' dir='ltr'>adven-</span> 
     </span>
     <span class='ocr_line' id='line_1_62' title="bbox 262 2927 421 2953; baseline 0.006 -1"><span class='ocrx_word' id='word_1_342' title='bbox 262 2927 364 2953; x_wconf 73' lang='grc'>111111.“</span> <span class='ocrx_word' id='word_1_343' title='bbox 389 2928 421 2953; x_wconf 93' lang='lat' dir='ltr'>S.</span> 
     </span>
    </p>

    <p class='ocr_par' dir='ltr' id='par_1_28' title="bbox 262 2968 1057 3053">
     <span class='ocr_line' id='line_1_63' title="bbox 304 2968 1057 3008; baseline 0.009 -12"><span class='ocrx_word' id='word_1_344' title='bbox 304 2968 382 2998; x_wconf 73' lang='lat'>297.</span> <span class='ocrx_word' id='word_1_345' title='bbox 409 2968 554 3001; x_wconf 75' lang='lat' dir='ltr'>..Statio</span> <span class='ocrx_word' id='word_1_346' title='bbox 601 2976 652 3000; x_wconf 79' lang='lat' dir='ltr'>est</span> <span class='ocrx_word' id='word_1_347' title='bbox 691 2977 804 3007; x_wconf 76' lang='lat' dir='ltr'>portus</span> <span class='ocrx_word' id='word_1_348' title='bbox 852 2974 1057 3008; x_wconf 72' lang='lat' dir='ltr'>temporalis.</span> 
     </span>
     <span class='ocr_line' id='line_1_64' title="bbox 262 3018 1057 3053; baseline 0.009 -11"><span class='ocrx_word' id='word_1_349' title='bbox 262 3018 342 3043; x_wconf 73' lang='lat' dir='ltr'>Nam</span> <span class='ocrx_word' id='word_1_350' title='bbox 363 3018 486 3052; x_wconf 78' lang='lat' dir='ltr'>portus</span> <span class='ocrx_word' id='word_1_351' title='bbox 512 3022 573 3053; x_wconf 73' lang='lat' dir='ltr'>esi,</span> <span class='ocrx_word' id='word_1_352' title='bbox 599 3018 651 3046; x_wconf 80' lang='grc' dir='ltr'>111ιί</span> <span class='ocrx_word' id='word_1_353' title='bbox 678 3019 853 3049; x_wconf 74' lang='lat' dir='ltr'>hiematur:</span> <span class='ocrx_word' id='word_1_354' title='bbox 878 3020 937 3047; x_wconf 69' lang='lat' dir='ltr'>seii</span> <span class='ocrx_word' id='word_1_355' title='bbox 963 3021 1057 3049; x_wconf 79' lang='lat' dir='ltr'>modo</span> 
     </span>
    </p>
   </div>
   <div class='ocr_carea' id='block_1_22' title="bbox 1091 1139 1901 3054">
    <p class='ocr_par' dir='ltr' id='par_1_29' title="bbox 1099 1139 1895 1268">
     <span class='ocr_line' id='line_1_65' title="bbox 1102 1139 1895 1181; baseline -0.011 -4"><span class='ocrx_word' id='word_1_356' title='bbox 1102 1148 1199 1177; x_wconf 74' lang='lat' dir='ltr'>siano</span> <span class='ocrx_word' id='word_1_357' title='bbox 1227 1148 1353 1176; x_wconf 86' lang='lat' dir='ltr'>siccum</span> <span class='ocrx_word' id='word_1_358' title='bbox 1389 1149 1468 1176; x_wconf 77' lang='lat' dir='ltr'>litus</span> <span class='ocrx_word' id='word_1_359' title='bbox 1501 1140 1695 1181; x_wconf 77' lang='lat' dir='ltr'>significai.“</span> <span class='ocrx_word' id='word_1_360' title='bbox 1754 1139 1895 1170; x_wconf 79' lang='lat' dir='ltr'>Naufra-</span> 
     </span>
     <span class='ocr_line' id='line_1_66' title="bbox 1101 1186 1895 1231; baseline -0.01 -9"><span class='ocrx_word' id='word_1_361' title='bbox 1101 1194 1188 1228; x_wconf 88' lang='lat' dir='ltr'>gium</span> <span class='ocrx_word' id='word_1_362' title='bbox 1213 1202 1278 1222; x_wconf 89' lang='lat' dir='ltr'>non</span> <span class='ocrx_word' id='word_1_363' title='bbox 1303 1201 1402 1231; x_wconf 86' lang='lat' dir='ltr'>curo,</span> <span class='ocrx_word' id='word_1_364' title='bbox 1437 1193 1468 1222; x_wconf 83' lang='lat' dir='ltr'>si</span> <span class='ocrx_word' id='word_1_365' title='bbox 1498 1192 1593 1221; x_wconf 81' lang='grc'>1110111)</span> <span class='ocrx_word' id='word_1_366' title='bbox 1626 1195 1743 1218; x_wconf 73' lang='lat' dir='ltr'>terram</span> <span class='ocrx_word' id='word_1_367' title='bbox 1768 1186 1895 1222; x_wconf 82' lang='lat' dir='ltr'>ceperi-</span> 
     </span>
     <span class='ocr_line' id='line_1_67' title="bbox 1099 1247 1184 1268; baseline -0.012 0"><span class='ocrx_word' id='word_1_368' title='bbox 1099 1247 1184 1268; x_wconf 88' lang='lat' dir='ltr'>mus.</span> 
     </span>
    </p>

    <p class='ocr_par' dir='ltr' id='par_1_30' title="bbox 1145 1279 1836 1325">
     <span class='ocr_line' id='line_1_68' title="bbox 1145 1279 1836 1325; baseline -0.006 -13"><span class='ocrx_word' id='word_1_369' title='bbox 1145 1284 1223 1313; x_wconf 74' lang='grc'>298.</span> <span class='ocrx_word' id='word_1_370' title='bbox 1249 1285 1304 1313; x_wconf 89' lang='lat' dir='ltr'>Sic</span> <span class='ocrx_word' id='word_1_371' title='bbox 1328 1282 1484 1323; x_wconf 78' lang='lat' dir='ltr'>arripere</span> <span class='ocrx_word' id='word_1_372' title='bbox 1509 1283 1547 1319; x_wconf 81' lang='grc'>9,</span> <span class='ocrx_word' id='word_1_373' title='bbox 1573 1279 1622 1309; x_wconf 82' lang='grc'>13.</span> <span class='ocrx_word' id='word_1_374' title='bbox 1830 1318 1836 1325; x_wconf 40' lang='lat'><strong>¹</strong></span> 
     </span>
    </p>

    <p class='ocr_par' dir='ltr' id='par_1_31' title="bbox 1091 1321 1901 2095">
     <span class='ocr_line' id='line_1_69' title="bbox 1146 1321 1895 1364; baseline -0.012 -6"><span class='ocrx_word' id='word_1_375' title='bbox 1146 1329 1223 1358; x_wconf 83' lang='lat'>301.</span> <span class='ocrx_word' id='word_1_376' title='bbox 1256 1328 1410 1359; x_wconf 73' lang='lat' dir='ltr'>siccum:</span> <span class='ocrx_word' id='word_1_377' title='bbox 1451 1331 1501 1358; x_wconf 76' lang='lat' dir='ltr'>Ita</span> <span class='ocrx_word' id='word_1_378' title='bbox 1526 1331 1562 1357; x_wconf 88' lang='lat' dir='ltr'>G.</span> <span class='ocrx_word' id='word_1_379' title='bbox 1595 1327 1621 1364; x_wconf 91' lang='lat' dir='ltr'>l,</span> <span class='ocrx_word' id='word_1_380' title='bbox 1646 1323 1713 1354; x_wconf 85' lang='lat'>363</span> <span class='ocrx_word' id='word_1_381' title='bbox 1740 1321 1777 1353; x_wconf 87' lang='lat' dir='ltr'>in</span> <span class='ocrx_word' id='word_1_382' title='bbox 1807 1329 1895 1350; x_wconf 83' lang='lat' dir='ltr'>slcco</span> 
     </span>
     <span class='ocr_line' id='line_1_70' title="bbox 1101 1368 1897 1414; baseline -0.011 -10"><span class='ocrx_word' id='word_1_383' title='bbox 1101 1373 1227 1404; x_wconf 79' lang='lat' dir='ltr'>ludunt</span> <span class='ocrx_word' id='word_1_384' title='bbox 1245 1373 1393 1414; x_wconf 80' lang='lat' dir='ltr'>fulicae,</span> <span class='ocrx_word' id='word_1_385' title='bbox 1419 1377 1498 1404; x_wconf 84' lang='lat' dir='ltr'>Luc.</span> <span class='ocrx_word' id='word_1_386' title='bbox 1515 1374 1547 1410; x_wconf 83' lang='lat'>5,</span> <span class='ocrx_word' id='word_1_387' title='bbox 1573 1371 1640 1402; x_wconf 76' lang='lat'>5¹03</span> <span class='ocrx_word' id='word_1_388' title='bbox 1663 1368 1790 1400; x_wconf 86' lang='lat' dir='ltr'>siccum</span> <span class='ocrx_word' id='word_1_389' title='bbox 1809 1375 1897 1396; x_wconf 87' lang='lat' dir='ltr'>rner-</span> 
     </span>
     <span class='ocr_line' id='line_1_71' title="bbox 1099 1413 1897 1463; baseline -0.013 -13"><span class='ocrx_word' id='word_1_390' title='bbox 1099 1429 1170 1461; x_wconf 81' lang='lat' dir='ltr'>gus</span> <span class='ocrx_word' id='word_1_391' title='bbox 1194 1423 1304 1451; x_wconf 86' lang='lat' dir='ltr'>amat.</span> <span class='ocrx_word' id='word_1_392' title='bbox 1362 1437 1406 1440; x_wconf 80' lang='lat'>-—</span> <span class='ocrx_word' id='word_1_393' title='bbox 1453 1417 1580 1448; x_wconf 74' lang='lat' dir='ltr'>Sedere</span> <span class='ocrx_word' id='word_1_394' title='bbox 1607 1422 1638 1447; x_wconf 92' lang='grc'>111</span> <span class='ocrx_word' id='word_1_395' title='bbox 1664 1416 1702 1453; x_wconf 86' lang='grc'>6,</span> <span class='ocrx_word' id='word_1_396' title='bbox 1733 1413 1798 1444; x_wconf 85' lang='grc'>192</span> <span class='ocrx_word' id='word_1_397' title='bbox 1822 1420 1897 1463; x_wconf 63' lang='grc'>1181-</span> 
     </span>
     <span class='ocr_line' id='line_1_72' title="bbox 1100 1460 1895 1501; baseline -0.011 -6"><span class='ocrx_word' id='word_1_398' title='bbox 1100 1467 1219 1495; x_wconf 75' lang='lat' dir='ltr'>fecium</span> <span class='ocrx_word' id='word_1_399' title='bbox 1253 1473 1302 1496; x_wconf 78' lang='lat' dir='ltr'>esi</span> <span class='ocrx_word' id='word_1_400' title='bbox 1335 1467 1426 1495; x_wconf 74' lang='lat' dir='ltr'>verbi</span> <span class='ocrx_word' id='word_1_401' title='bbox 1456 1463 1591 1501; x_wconf 69' lang='lat' dir='ltr'>sidere,</span> <span class='ocrx_word' id='word_1_402' title='bbox 1635 1471 1700 1492; x_wconf 87' lang='lat' dir='ltr'>non</span> <span class='ocrx_word' id='word_1_403' title='bbox 1727 1460 1818 1490; x_wconf 80' lang='lat' dir='ltr'>verbi</span> <span class='ocrx_word' id='word_1_404' title='bbox 1841 1466 1895 1487; x_wconf 84' lang='lat' dir='ltr'>se-</span> 
     </span>
     <span class='ocr_line' id='line_1_73' title="bbox 1101 1506 1898 1544; baseline -0.01 -4"><span class='ocrx_word' id='word_1_405' title='bbox 1101 1511 1194 1541; x_wconf 77' lang='lat' dir='ltr'>dere.</span> <span class='ocrx_word' id='word_1_406' title='bbox 1243 1514 1278 1541; x_wconf 83' lang='lat' dir='ltr'>Id</span> <span class='ocrx_word' id='word_1_407' title='bbox 1320 1513 1462 1541; x_wconf 77' lang='lat' dir='ltr'>firmaiur</span> <span class='ocrx_word' id='word_1_408' title='bbox 1498 1516 1528 1539; x_wconf 82' lang='lat' dir='ltr'>et</span> <span class='ocrx_word' id='word_1_409' title='bbox 1567 1509 1698 1544; x_wconf 74' lang='lat' dir='ltr'>optimis</span> <span class='ocrx_word' id='word_1_410' title='bbox 1734 1506 1827 1536; x_wconf 84' lang='lat' dir='ltr'>libris</span> <span class='ocrx_word' id='word_1_411' title='bbox 1866 1509 1898 1532; x_wconf 90' lang='grc'>81</span> 
     </span>
     <span class='ocr_line' id='line_1_74' title="bbox 1100 1552 1897 1593; baseline -0.011 -7"><span class='ocrx_word' id='word_1_412' title='bbox 1100 1558 1259 1587; x_wconf 85' lang='lat' dir='ltr'>Prisciani</span> <span class='ocrx_word' id='word_1_413' title='bbox 1286 1559 1479 1587; x_wconf 70' lang='lat' dir='ltr'>auctoritaie</span> <span class='ocrx_word' id='word_1_414' title='bbox 1508 1556 1558 1593; x_wconf 85' lang='lat'>10,</span> <span class='ocrx_word' id='word_1_415' title='bbox 1578 1556 1617 1592; x_wconf 77' lang='lat'>5,</span> <span class='ocrx_word' id='word_1_416' title='bbox 1646 1555 1701 1583; x_wconf 77' lang='lat'>29.</span> <span class='ocrx_word' id='word_1_417' title='bbox 1748 1552 1803 1581; x_wconf 89' lang='lat' dir='ltr'>Sic</span> <span class='ocrx_word' id='word_1_418' title='bbox 1823 1558 1897 1586; x_wconf 78' lang='lat' dir='ltr'>per-</span> 
     </span>
     <span class='ocr_line' id='line_1_75' title="bbox 1097 1595 1897 1639; baseline -0.01 -7"><span class='ocrx_word' id='word_1_419' title='bbox 1097 1603 1217 1632; x_wconf 80' lang='lat' dir='ltr'>fectum</span> <span class='ocrx_word' id='word_1_420' title='bbox 1252 1600 1449 1632; x_wconf 81' lang='lat' dir='ltr'>desedimus</span> <span class='ocrx_word' id='word_1_421' title='bbox 1484 1602 1520 1639; x_wconf 87' lang='lat'>3,</span> <span class='ocrx_word' id='word_1_422' title='bbox 1551 1600 1629 1629; x_wconf 82' lang='lat'>565.</span> <span class='ocrx_word' id='word_1_423' title='bbox 1679 1596 1807 1627; x_wconf 78' lang='lat' dir='ltr'>insedit</span> <span class='ocrx_word' id='word_1_424' title='bbox 1845 1595 1897 1632; x_wconf 92' lang='grc'>11,</span> 
     </span>
     <span class='ocr_line' id='line_1_76' title="bbox 1099 1640 1896 1685; baseline -0.01 -8"><span class='ocrx_word' id='word_1_425' title='bbox 1099 1648 1160 1677; x_wconf 80' lang='lat'>531</span> <span class='ocrx_word' id='word_1_426' title='bbox 1176 1658 1183 1684; x_wconf 84' lang='lat'>;</span> <span class='ocrx_word' id='word_1_427' title='bbox 1209 1657 1369 1684; x_wconf 74' lang='lat' dir='ltr'>praesens</span> <span class='ocrx_word' id='word_1_428' title='bbox 1384 1649 1422 1685; x_wconf 77' lang='lat'>5,</span> <span class='ocrx_word' id='word_1_429' title='bbox 1447 1647 1508 1676; x_wconf 84' lang='grc'>136</span> <span class='ocrx_word' id='word_1_430' title='bbox 1523 1643 1707 1676; x_wconf 82' lang='lat' dir='ltr'>considunt</span> <span class='ocrx_word' id='word_1_431' title='bbox 1722 1640 1896 1674; x_wconf 76' lang='lat' dir='ltr'>transtris.</span> 
     </span>
     <span class='ocr_line' id='line_1_77' title="bbox 1103 1686 1898 1731; baseline -0.009 -8"><span class='ocrx_word' id='word_1_432' title='bbox 1103 1695 1161 1731; x_wconf 86' lang='lat' dir='ltr'>lo,</span> <span class='ocrx_word' id='word_1_433' title='bbox 1185 1694 1205 1722; x_wconf 74' lang='grc' dir='ltr'>ὁ</span> <span class='ocrx_word' id='word_1_434' title='bbox 1231 1693 1328 1724; x_wconf 75' lang='lat' dir='ltr'>tectis</span> <span class='ocrx_word' id='word_1_435' title='bbox 1357 1691 1545 1723; x_wconf 82' lang='lat' dir='ltr'>considere.</span> <span class='ocrx_word' id='word_1_436' title='bbox 1589 1692 1621 1728; x_wconf 81' lang='lat'>7,</span> <span class='ocrx_word' id='word_1_437' title='bbox 1647 1688 1715 1719; x_wconf 81' lang='lat'>333</span> <span class='ocrx_word' id='word_1_438' title='bbox 1740 1686 1898 1719; x_wconf 69' lang='lat' dir='ltr'>obsidere</span> 
     </span>
     <span class='ocr_line' id='line_1_78' title="bbox 1091 1732 1896 1779; baseline -0.01 -10"><span class='ocrx_word' id='word_1_439' title='bbox 1091 1738 1195 1779; x_wconf 84' lang='lat' dir='ltr'>fines.</span> <span class='ocrx_word' id='word_1_440' title='bbox 1250 1739 1306 1778; x_wconf 93' lang='grc'>11,</span> <span class='ocrx_word' id='word_1_441' title='bbox 1341 1739 1408 1768; x_wconf 77' lang='lat'>516</span> <span class='ocrx_word' id='word_1_442' title='bbox 1440 1735 1594 1768; x_wconf 83' lang='lat' dir='ltr'>obsidam</span> <span class='ocrx_word' id='word_1_443' title='bbox 1614 1736 1743 1774; x_wconf 82' lang='lat' dir='ltr'>fauces</span> <span class='ocrx_word' id='word_1_444' title='bbox 1772 1732 1896 1763; x_wconf 84' lang='lat' dir='ltr'>bivias.</span> 
     </span>
     <span class='ocr_line' id='line_1_79' title="bbox 1101 1781 1896 1823; baseline -0.009 -9"><span class='ocrx_word' id='word_1_445' title='bbox 1101 1786 1169 1814; x_wconf 77' lang='lat' dir='ltr'>Tib.</span> <span class='ocrx_word' id='word_1_446' title='bbox 1192 1785 1223 1822; x_wconf 79' lang='lat'>2,</span> <span class='ocrx_word' id='word_1_447' title='bbox 1247 1784 1278 1822; x_wconf 89' lang='grc'>3,</span> <span class='ocrx_word' id='word_1_448' title='bbox 1303 1783 1343 1814; x_wconf 81' lang='grc'>41</span> <span class='ocrx_word' id='word_1_449' title='bbox 1373 1792 1526 1823; x_wconf 87' lang='lat' dir='ltr'>campos.</span> <span class='ocrx_word' id='word_1_450' title='bbox 1586 1783 1698 1812; x_wconf 69' lang='lat' dir='ltr'>Facile</span> <span class='ocrx_word' id='word_1_451' title='bbox 1723 1781 1810 1809; x_wconf 88' lang='lat' dir='ltr'>enim</span> <span class='ocrx_word' id='word_1_452' title='bbox 1831 1781 1896 1808; x_wconf 74' lang='lat' dir='ltr'>tale</span> 
     </span>
     <span class='ocr_line' id='line_1_80' title="bbox 1101 1826 1898 1863; baseline -0.006 -4"><span class='ocrx_word' id='word_1_453' title='bbox 1101 1833 1237 1860; x_wconf 77' lang='lat' dir='ltr'>verbum</span> <span class='ocrx_word' id='word_1_454' title='bbox 1281 1831 1511 1860; x_wconf 71' lang='lat' dir='ltr'>accusativum</span> <span class='ocrx_word' id='word_1_455' title='bbox 1552 1829 1694 1863; x_wconf 83' lang='lat' dir='ltr'>aliquem</span> <span class='ocrx_word' id='word_1_456' title='bbox 1736 1826 1898 1861; x_wconf 77' lang='lat' dir='ltr'>assumit3</span> 
     </span>
     <span class='ocr_line' id='line_1_81' title="bbox 1100 1873 1898 1913; baseline -0.01 -7"><span class='ocrx_word' id='word_1_457' title='bbox 1100 1877 1149 1906; x_wconf 87' lang='lat' dir='ltr'>sic</span> <span class='ocrx_word' id='word_1_458' title='bbox 1167 1874 1344 1906; x_wconf 82' lang='lat' dir='ltr'>subsidere</span> <span class='ocrx_word' id='word_1_459' title='bbox 1370 1876 1418 1912; x_wconf 90' lang='lat' dir='ltr'>il,</span> <span class='ocrx_word' id='word_1_460' title='bbox 1441 1875 1520 1913; x_wconf 76' lang='grc'>266,</span> <span class='ocrx_word' id='word_1_461' title='bbox 1537 1876 1589 1904; x_wconf 86' lang='lat' dir='ltr'>ubi</span> <span class='ocrx_word' id='word_1_462' title='bbox 1613 1876 1708 1910; x_wconf 78' lang='lat' dir='ltr'>plura</span> <span class='ocrx_word' id='word_1_463' title='bbox 1731 1873 1898 1909; x_wconf 79' lang='lat' dir='ltr'>exempla,</span> 
     </span>
     <span class='ocr_line' id='line_1_82' title="bbox 1099 1916 1898 1961; baseline -0.006 -10"><span class='ocrx_word' id='word_1_464' title='bbox 1099 1920 1297 1961; x_wconf 77' lang='lat' dir='ltr'>possidere,</span> <span class='ocrx_word' id='word_1_465' title='bbox 1333 1920 1368 1951; x_wconf 83' lang='lat' dir='ltr'>in</span> <span class='ocrx_word' id='word_1_466' title='bbox 1397 1919 1516 1951; x_wconf 84' lang='lat' dir='ltr'>Besitz</span> <span class='ocrx_word' id='word_1_467' title='bbox 1546 1917 1709 1955; x_wconf 82' lang='lat' dir='ltr'>nehmen,</span> <span class='ocrx_word' id='word_1_468' title='bbox 1742 1919 1840 1948; x_wconf 88' lang='lat' dir='ltr'>Lucr.</span> <span class='ocrx_word' id='word_1_469' title='bbox 1870 1916 1898 1954; x_wconf 93' lang='grc'>1,</span> 
     </span>
     <span class='ocr_line' id='line_1_83' title="bbox 1099 1960 1899 2008; baseline -0.006 -11"><span class='ocrx_word' id='word_1_470' title='bbox 1099 1968 1180 2005; x_wconf 79' lang='grc'>387,</span> <span class='ocrx_word' id='word_1_471' title='bbox 1207 1968 1273 1997; x_wconf 83' lang='lat'>965</span> <span class='ocrx_word' id='word_1_472' title='bbox 1301 1976 1402 2008; x_wconf 85' lang='lat' dir='ltr'>quem</span> <span class='ocrx_word' id='word_1_473' title='bbox 1434 1965 1578 2007; x_wconf 84' lang='lat' dir='ltr'>quisque</span> <span class='ocrx_word' id='word_1_474' title='bbox 1601 1964 1711 1995; x_wconf 81' lang='lat' dir='ltr'>locum</span> <span class='ocrx_word' id='word_1_475' title='bbox 1731 1960 1899 2004; x_wconf 80' lang='lat' dir='ltr'>possidit;</span> 
     </span>
     <span class='ocr_line' id='line_1_84' title="bbox 1100 2008 1901 2053; baseline -0.005 -11"><span class='ocrx_word' id='word_1_476' title='bbox 1100 2015 1194 2042; x_wconf 84' lang='lat' dir='ltr'>cuius</span> <span class='ocrx_word' id='word_1_477' title='bbox 1221 2015 1312 2042; x_wconf 77' lang='lat' dir='ltr'>verbi</span> <span class='ocrx_word' id='word_1_478' title='bbox 1348 2013 1528 2049; x_wconf 73' lang='lat' dir='ltr'>perfectum</span> <span class='ocrx_word' id='word_1_479' title='bbox 1552 2008 1748 2053; x_wconf 78' lang='lat' dir='ltr'>possedisse</span> <span class='ocrx_word' id='word_1_480' title='bbox 1772 2011 1901 2039; x_wconf 75' lang='lat' dir='ltr'>videtur</span> 
     </span>
     <span class='ocr_line' id='line_1_85' title="bbox 1100 2055 1749 2095; baseline -0.005 -6"><span class='ocrx_word' id='word_1_481' title='bbox 1100 2059 1266 2089; x_wconf 81' lang='lat' dir='ltr'>formasse</span> <span class='ocrx_word' id='word_1_482' title='bbox 1293 2060 1359 2090; x_wconf 88' lang='lat' dir='ltr'>Cic.</span> <span class='ocrx_word' id='word_1_483' title='bbox 1382 2061 1421 2088; x_wconf 87' lang='grc'>118</span> <span class='ocrx_word' id='word_1_484' title='bbox 1453 2061 1505 2089; x_wconf 89' lang='lat' dir='ltr'>Or.</span> <span class='ocrx_word' id='word_1_485' title='bbox 1533 2059 1561 2095; x_wconf 93' lang='grc'>1,</span> <span class='ocrx_word' id='word_1_486' title='bbox 1586 2058 1651 2095; x_wconf 84' lang='grc'>50,</span> <span class='ocrx_word' id='word_1_487' title='bbox 1670 2055 1749 2086; x_wconf 83' lang='grc'>218.</span> 
     </span>
    </p>

    <p class='ocr_par' dir='ltr' id='par_1_32' title="bbox 1093 2102 1900 2822">
     <span class='ocr_line' id='line_1_86' title="bbox 1145 2102 1897 2142; baseline -0.005 -8"><span class='ocrx_word' id='word_1_488' title='bbox 1145 2105 1223 2134; x_wconf 81' lang='grc'>302.</span> <span class='ocrx_word' id='word_1_489' title='bbox 1251 2103 1424 2135; x_wconf 86' lang='lat' dir='ltr'>innocuae</span> <span class='ocrx_word' id='word_1_490' title='bbox 1447 2106 1633 2142; x_wconf 85' lang='lat' dir='ltr'>„innocuus</span> <span class='ocrx_word' id='word_1_491' title='bbox 1660 2107 1729 2138; x_wconf 75' lang='lat' dir='ltr'>est,</span> <span class='ocrx_word' id='word_1_492' title='bbox 1755 2102 1810 2132; x_wconf 86' lang='lat' dir='ltr'>cui</span> <span class='ocrx_word' id='word_1_493' title='bbox 1833 2110 1897 2131; x_wconf 88' lang='lat' dir='ltr'>non</span> 
     </span>
     <span class='ocr_line' id='line_1_87' title="bbox 1099 2149 1896 2182; baseline -0.004 -3"><span class='ocrx_word' id='word_1_494' title='bbox 1099 2149 1267 2180; x_wconf 70' lang='lat' dir='ltr'>nocetur.“</span> <span class='ocrx_word' id='word_1_495' title='bbox 1292 2155 1325 2180; x_wconf 93' lang='lat' dir='ltr'>S.</span> <span class='ocrx_word' id='word_1_496' title='bbox 1358 2152 1413 2180; x_wconf 77' lang='lat' dir='ltr'>sic</span> <span class='ocrx_word' id='word_1_497' title='bbox 1435 2152 1549 2182; x_wconf 86' lang='lat' dir='ltr'>Claud.</span> <span class='ocrx_word' id='word_1_498' title='bbox 1568 2151 1672 2179; x_wconf 85' lang='lat' dir='ltr'>deIV.</span> <span class='ocrx_word' id='word_1_499' title='bbox 1709 2149 1896 2179; x_wconf 84' lang='lat' dir='ltr'>cons.flon.</span> 
     </span>
     <span class='ocr_line' id='line_1_88' title="bbox 1104 2193 1899 2237; baseline -0.003 -12"><span class='ocrx_word' id='word_1_500' title='bbox 1104 2196 1169 2226; x_wconf 80' lang='grc'>192</span> <span class='ocrx_word' id='word_1_501' title='bbox 1204 2195 1358 2226; x_wconf 61' lang='lat' dir='ltr'>Ventura</span> <span class='ocrx_word' id='word_1_502' title='bbox 1389 2200 1547 2237; x_wconf 72' lang='lat' dir='ltr'>potestas</span> <span class='ocrx_word' id='word_1_503' title='bbox 1577 2193 1705 2225; x_wconf 78' lang='lat' dir='ltr'>claruit</span> <span class='ocrx_word' id='word_1_504' title='bbox 1737 2193 1899 2231; x_wconf 79' lang='lat' dir='ltr'>Ascanio,</span> 
     </span>
     <span class='ocr_line' id='line_1_89' title="bbox 1102 2238 1900 2282; baseline -0.003 -11"><span class='ocrx_word' id='word_1_505' title='bbox 1102 2239 1219 2271; x_wconf 77' lang='lat' dir='ltr'>subita</span> <span class='ocrx_word' id='word_1_506' title='bbox 1259 2251 1360 2282; x_wconf 83' lang='lat' dir='ltr'>quum</span> <span class='ocrx_word' id='word_1_507' title='bbox 1408 2240 1484 2272; x_wconf 83' lang='lat' dir='ltr'>luce</span> <span class='ocrx_word' id='word_1_508' title='bbox 1518 2249 1695 2271; x_wconf 83' lang='lat' dir='ltr'>comarum</span> <span class='ocrx_word' id='word_1_509' title='bbox 1729 2238 1900 2270; x_wconf 81' lang='lat' dir='ltr'>innocuus</span> 
     </span>
     <span class='ocr_line' id='line_1_90' title="bbox 1093 2284 1896 2328; baseline 0 -12"><span class='ocrx_word' id='word_1_510' title='bbox 1093 2286 1276 2328; x_wconf 83' lang='lat' dir='ltr'>flagraret</span> <span class='ocrx_word' id='word_1_511' title='bbox 1305 2296 1405 2328; x_wconf 69' lang='lat' dir='ltr'>aper.</span> <span class='ocrx_word' id='word_1_512' title='bbox 1475 2289 1540 2316; x_wconf 76' lang='grc' dir='ltr'>ΗΡ.</span> <span class='ocrx_word' id='word_1_513' title='bbox 1563 2286 1603 2322; x_wconf 81' lang='grc'>2,</span> <span class='ocrx_word' id='word_1_514' title='bbox 1633 2285 1699 2315; x_wconf 70' lang='grc'>349</span> <span class='ocrx_word' id='word_1_515' title='bbox 1729 2284 1896 2325; x_wconf 84' lang='lat' dir='ltr'>Pestiferi</span> 
     </span>
     <span class='ocr_line' id='line_1_91' title="bbox 1093 2330 1899 2372; baseline 0 -11"><span class='ocrx_word' id='word_1_516' title='bbox 1093 2331 1229 2372; x_wconf 84' lang='lat' dir='ltr'>flumen</span> <span class='ocrx_word' id='word_1_517' title='bbox 1253 2332 1383 2363; x_wconf 83' lang='lat' dir='ltr'>Averni</span> <span class='ocrx_word' id='word_1_518' title='bbox 1404 2331 1575 2363; x_wconf 83' lang='lat' dir='ltr'>innocuae</span> <span class='ocrx_word' id='word_1_519' title='bbox 1600 2330 1780 2362; x_wconf 80' lang='lat' dir='ltr'>transistis</span> <span class='ocrx_word' id='word_1_520' title='bbox 1806 2340 1899 2362; x_wconf 80' lang='lat' dir='ltr'>aves.</span> 
     </span>
     <span class='ocr_line' id='line_1_92' title="bbox 1104 2376 1900 2413; baseline -0.001 -5"><span class='ocrx_word' id='word_1_521' title='bbox 1104 2382 1235 2408; x_wconf 77' lang='lat' dir='ltr'>Nemes.</span> <span class='ocrx_word' id='word_1_522' title='bbox 1259 2381 1328 2408; x_wconf 79' lang='lat' dir='ltr'>Ecl.</span> <span class='ocrx_word' id='word_1_523' title='bbox 1360 2380 1388 2413; x_wconf 82' lang='grc'>1,</span> <span class='ocrx_word' id='word_1_524' title='bbox 1421 2378 1465 2408; x_wconf 83' lang='lat'>45</span> <span class='ocrx_word' id='word_1_525' title='bbox 1496 2377 1669 2408; x_wconf 81' lang='lat' dir='ltr'>innocuae</span> <span class='ocrx_word' id='word_1_526' title='bbox 1698 2376 1900 2408; x_wconf 81' lang='lat' dir='ltr'>clauserunt</span> 
     </span>
     <span class='ocr_line' id='line_1_93' title="bbox 1104 2423 1899 2464; baseline -0.001 -10"><span class='ocrx_word' id='word_1_527' title='bbox 1104 2427 1260 2464; x_wconf 84' lang='lat' dir='ltr'>tempora</span> <span class='ocrx_word' id='word_1_528' title='bbox 1304 2423 1408 2454; x_wconf 79' lang='lat' dir='ltr'>vilae.</span> <span class='ocrx_word' id='word_1_529' title='bbox 1457 2425 1505 2454; x_wconf 78' lang='lat' dir='ltr'>Cf.</span> <span class='ocrx_word' id='word_1_530' title='bbox 1537 2423 1574 2459; x_wconf 86' lang='lat'>6,</span> <span class='ocrx_word' id='word_1_531' title='bbox 1607 2423 1684 2452; x_wconf 81' lang='lat'>715.</span> <span class='ocrx_word' id='word_1_532' title='bbox 1733 2439 1779 2444; x_wconf 92' lang='lat'>—-</span> <span class='ocrx_word' id='word_1_533' title='bbox 1834 2426 1899 2453; x_wconf 78' lang='lat' dir='ltr'>Sed</span> 
     </span>
     <span class='ocr_line' id='line_1_94' title="bbox 1105 2469 1900 2506; baseline 0.001 -8"><span class='ocrx_word' id='word_1_534' title='bbox 1105 2471 1288 2499; x_wconf 80' lang='lat' dir='ltr'>Tarchonis</span> <span class='ocrx_word' id='word_1_535' title='bbox 1313 2471 1410 2499; x_wconf 82' lang='lat' dir='ltr'>navis</span> <span class='ocrx_word' id='word_1_536' title='bbox 1428 2472 1526 2500; x_wconf 88' lang='lat' dir='ltr'>dorso</span> <span class='ocrx_word' id='word_1_537' title='bbox 1552 2469 1639 2499; x_wconf 85' lang='lat' dir='ltr'>illisa</span> <span class='ocrx_word' id='word_1_538' title='bbox 1667 2469 1687 2498; x_wconf 91' lang='lat' dir='ltr'>i.</span> <span class='ocrx_word' id='word_1_539' title='bbox 1715 2478 1744 2500; x_wconf 89' lang='lat' dir='ltr'>e.</span> <span class='ocrx_word' id='word_1_540' title='bbox 1767 2470 1900 2506; x_wconf 77' lang='lat' dir='ltr'>inflicta,</span> 
     </span>
     <span class='ocr_line' id='line_1_95' title="bbox 1105 2516 1896 2551; baseline 0 -6"><span class='ocrx_word' id='word_1_541' title='bbox 1105 2517 1246 2551; x_wconf 73' lang='lat' dir='ltr'>impacta</span> <span class='ocrx_word' id='word_1_542' title='bbox 1285 2518 1416 2551; x_wconf 75' lang='lat' dir='ltr'>pendet.</span> <span class='ocrx_word' id='word_1_543' title='bbox 1452 2517 1572 2550; x_wconf 79' lang='lat' dir='ltr'>diuque</span> <span class='ocrx_word' id='word_1_544' title='bbox 1610 2516 1793 2546; x_wconf 70' lang='lat' dir='ltr'>sustinetur</span> <span class='ocrx_word' id='word_1_545' title='bbox 1822 2518 1843 2546; x_wconf 91' lang='lat' dir='ltr'>i.</span> <span class='ocrx_word' id='word_1_546' title='bbox 1868 2525 1896 2545; x_wconf 89' lang='lat' dir='ltr'>e.</span> 
     </span>
     <span class='ocr_line' id='line_1_96' title="bbox 1105 2562 1899 2597; baseline 0.001 -7"><span class='ocrx_word' id='word_1_547' title='bbox 1105 2570 1170 2590; x_wconf 92' lang='lat' dir='ltr'>non</span> <span class='ocrx_word' id='word_1_548' title='bbox 1199 2563 1339 2597; x_wconf 78' lang='lat' dir='ltr'>corruit,</span> <span class='ocrx_word' id='word_1_549' title='bbox 1381 2567 1410 2590; x_wconf 87' lang='grc'>81</span> <span class='ocrx_word' id='word_1_550' title='bbox 1449 2562 1599 2591; x_wconf 79' lang='lat' dir='ltr'>fluctibus</span> <span class='ocrx_word' id='word_1_551' title='bbox 1629 2563 1776 2591; x_wconf 80' lang='lat' dir='ltr'>laborem</span> <span class='ocrx_word' id='word_1_552' title='bbox 1811 2562 1899 2596; x_wconf 77' lang='lat' dir='ltr'>facit,</span> 
     </span>
     <span class='ocr_line' id='line_1_97' title="bbox 1105 2605 1900 2649; baseline 0.003 -14"><span class='ocrx_word' id='word_1_553' title='bbox 1105 2608 1159 2642; x_wconf 80' lang='lat' dir='ltr'>qui</span> <span class='ocrx_word' id='word_1_554' title='bbox 1202 2615 1274 2636; x_wconf 85' lang='lat' dir='ltr'>eam</span> <span class='ocrx_word' id='word_1_555' title='bbox 1317 2609 1481 2637; x_wconf 77' lang='lat' dir='ltr'>diruturae</span> <span class='ocrx_word' id='word_1_556' title='bbox 1522 2613 1597 2637; x_wconf 77' lang='lat' dir='ltr'>sunt</span> <span class='ocrx_word' id='word_1_557' title='bbox 1632 2605 1732 2644; x_wconf 81' lang='lat' dir='ltr'>(hinc</span> <span class='ocrx_word' id='word_1_558' title='bbox 1755 2605 1900 2649; x_wconf 81' lang='lat' dir='ltr'>fatigat</span> 
     </span>
     <span class='ocr_line' id='line_1_98' title="bbox 1095 2651 1899 2695; baseline 0.001 -14"><span class='ocrx_word' id='word_1_559' title='bbox 1095 2651 1262 2692; x_wconf 79' lang='lat' dir='ltr'>flnctus).</span> <span class='ocrx_word' id='word_1_560' title='bbox 1310 2655 1454 2683; x_wconf 83' lang='lat' dir='ltr'>Tandem</span> <span class='ocrx_word' id='word_1_561' title='bbox 1480 2654 1639 2689; x_wconf 68' lang='lat' dir='ltr'>solvitur;</span> <span class='ocrx_word' id='word_1_562' title='bbox 1673 2651 1899 2695; x_wconf 78' lang='lat' dir='ltr'>(frangitur)</span> 
     </span>
     <span class='ocr_line' id='line_1_99' title="bbox 1103 2699 1899 2730; baseline 0 -3"><span class='ocrx_word' id='word_1_563' title='bbox 1103 2699 1254 2728; x_wconf 83' lang='lat' dir='ltr'>homines</span> <span class='ocrx_word' id='word_1_564' title='bbox 1280 2700 1361 2728; x_wconf 86' lang='lat' dir='ltr'>mari</span> <span class='ocrx_word' id='word_1_565' title='bbox 1389 2702 1580 2729; x_wconf 75' lang='lat' dir='ltr'>laborantes</span> <span class='ocrx_word' id='word_1_566' title='bbox 1613 2705 1643 2728; x_wconf 88' lang='grc'>81</span> <span class='ocrx_word' id='word_1_567' title='bbox 1672 2701 1815 2730; x_wconf 83' lang='lat' dir='ltr'>evadere</span> <span class='ocrx_word' id='word_1_568' title='bbox 1841 2707 1899 2728; x_wconf 91' lang='lat' dir='ltr'>co-</span> 
     </span>
     <span class='ocr_line' id='line_1_100' title="bbox 1104 2745 1899 2782; baseline 0.003 -10"><span class='ocrx_word' id='word_1_569' title='bbox 1104 2749 1222 2774; x_wconf 71' lang='lat' dir='ltr'>nantes</span> <span class='ocrx_word' id='word_1_570' title='bbox 1258 2751 1287 2773; x_wconf 77' lang='lat' dir='ltr'>el</span> <span class='ocrx_word' id='word_1_571' title='bbox 1320 2747 1418 2775; x_wconf 78' lang='lat' dir='ltr'>navis</span> <span class='ocrx_word' id='word_1_572' title='bbox 1455 2745 1671 2782; x_wconf 79' lang='lat' dir='ltr'>fragminibus</span> <span class='ocrx_word' id='word_1_573' title='bbox 1698 2750 1730 2774; x_wconf 89' lang='grc'>81</span> <span class='ocrx_word' id='word_1_574' title='bbox 1759 2745 1844 2774; x_wconf 86' lang='lat' dir='ltr'>unda</span> <span class='ocrx_word' id='word_1_575' title='bbox 1879 2752 1899 2774; x_wconf 90' lang='lat' dir='ltr'>a</span> 
     </span>
     <span class='ocr_line' id='line_1_101' title="bbox 1102 2790 1615 2822; baseline -0.002 -2"><span class='ocrx_word' id='word_1_576' title='bbox 1102 2791 1199 2820; x_wconf 72' lang='lat' dir='ltr'>litore</span> <span class='ocrx_word' id='word_1_577' title='bbox 1221 2790 1369 2820; x_wconf 76' lang='lat' dir='ltr'>refluenii</span> <span class='ocrx_word' id='word_1_578' title='bbox 1398 2793 1615 2822; x_wconf 72' lang='lat' dir='ltr'>retardantur.</span> 
     </span>
    </p>

    <p class='ocr_par' dir='ltr' id='par_1_33' title="bbox 1104 2833 1899 3054">
     <span class='ocr_line' id='line_1_102' title="bbox 1150 2833 1897 2877; baseline -0.001 -12"><span class='ocrx_word' id='word_1_579' title='bbox 1150 2835 1227 2865; x_wconf 83' lang='lat'>303.</span> <span class='ocrx_word' id='word_1_580' title='bbox 1253 2835 1358 2866; x_wconf 84' lang='lat' dir='ltr'>vadis</span> <span class='ocrx_word' id='word_1_581' title='bbox 1395 2836 1580 2877; x_wconf 71' lang='lat' dir='ltr'>Mstyhcpz.</span> <span class='ocrx_word' id='word_1_582' title='bbox 1628 2833 1712 2866; x_wconf 82' lang='lat' dir='ltr'>vadi</span> <span class='ocrx_word' id='word_1_583' title='bbox 1750 2837 1797 2865; x_wconf 85' lang='lat' dir='ltr'>Pl.</span> <span class='ocrx_word' id='word_1_584' title='bbox 1832 2844 1897 2865; x_wconf 86' lang='lat' dir='ltr'>rec.</span> 
     </span>
     <span class='ocr_line' id='line_1_103' title="bbox 1113 2879 1899 2923; baseline 0.001 -13"><span class='ocrx_word' id='word_1_585' title='bbox 1113 2880 1197 2923; x_wconf 84' lang='lat' dir='ltr'>Wg.</span> <span class='ocrx_word' id='word_1_586' title='bbox 1226 2879 1277 2911; x_wconf 89' lang='lat' dir='ltr'>Pl.</span> <span class='ocrx_word' id='word_1_587' title='bbox 1309 2879 1372 2912; x_wconf 66' lang='grc' dir='ltr'>[Α.</span> <span class='ocrx_word' id='word_1_588' title='bbox 1393 2888 1552 2913; x_wconf 69' lang='lat' dir='ltr'>commate</span> <span class='ocrx_word' id='word_1_589' title='bbox 1580 2886 1655 2911; x_wconf 78' lang='lat' dir='ltr'>anie</span> <span class='ocrx_word' id='word_1_590' title='bbox 1687 2879 1788 2910; x_wconf 83' lang='lat' dir='ltr'>dorso</span> <span class='ocrx_word' id='word_1_591' title='bbox 1819 2884 1899 2911; x_wconf 80' lang='lat' dir='ltr'>sub-</span> 
     </span>
     <span class='ocr_line' id='line_1_104' title="bbox 1104 2927 1899 2964; baseline -0.001 -7"><span class='ocrx_word' id='word_1_592' title='bbox 1104 2930 1182 2958; x_wconf 81' lang='lat' dir='ltr'>laio.</span> <span class='ocrx_word' id='word_1_593' title='bbox 1230 2929 1334 2957; x_wconf 77' lang='lat' dir='ltr'>Navis</span> <span class='ocrx_word' id='word_1_594' title='bbox 1362 2928 1516 2964; x_wconf 73' lang='lat' dir='ltr'>infligitur</span> <span class='ocrx_word' id='word_1_595' title='bbox 1531 2927 1626 2957; x_wconf 71' lang='lat' dir='ltr'>vadis</span> <span class='ocrx_word' id='word_1_596' title='bbox 1645 2930 1676 2955; x_wconf 85' lang='grc'>81</span> <span class='ocrx_word' id='word_1_597' title='bbox 1699 2928 1799 2956; x_wconf 85' lang='lat' dir='ltr'>dorso</span> <span class='ocrx_word' id='word_1_598' title='bbox 1818 2935 1899 2963; x_wconf 76' lang='lat' dir='ltr'>pen-</span> 
     </span>
     <span class='ocr_line' id='line_1_105' title="bbox 1106 2971 1899 3008; baseline 0 -6"><span class='ocrx_word' id='word_1_599' title='bbox 1106 2975 1169 3002; x_wconf 80' lang='lat' dir='ltr'>det.</span> <span class='ocrx_word' id='word_1_600' title='bbox 1205 2971 1379 3005; x_wconf 82' lang='lat' dir='ltr'>..Dorsum</span> <span class='ocrx_word' id='word_1_601' title='bbox 1412 2979 1464 3004; x_wconf 78' lang='lat' dir='ltr'>est</span> <span class='ocrx_word' id='word_1_602' title='bbox 1503 2973 1612 3003; x_wconf 75' lang='lat' dir='ltr'>durior</span> <span class='ocrx_word' id='word_1_603' title='bbox 1653 2979 1769 3008; x_wconf 81' lang='lat' dir='ltr'>arena,</span> <span class='ocrx_word' id='word_1_604' title='bbox 1815 2980 1899 3008; x_wconf 81' lang='lat' dir='ltr'>quae</span> 
     </span>
     <span class='ocr_line' id='line_1_106' title="bbox 1104 3018 1899 3054; baseline 0 -6"><span class='ocrx_word' id='word_1_605' title='bbox 1104 3021 1324 3049; x_wconf 73' lang='lat' dir='ltr'>remeantibus</span> <span class='ocrx_word' id='word_1_606' title='bbox 1348 3020 1499 3049; x_wconf 76' lang='lat' dir='ltr'>fluctibus</span> <span class='ocrx_word' id='word_1_607' title='bbox 1522 3024 1551 3047; x_wconf 78' lang='grc'>81</span> <span class='ocrx_word' id='word_1_608' title='bbox 1577 3018 1730 3048; x_wconf 68' lang='lat' dir='ltr'>euntibus</span> <span class='ocrx_word' id='word_1_609' title='bbox 1756 3020 1899 3054; x_wconf 76' lang='lat' dir='ltr'>plerum-</span> 
     </span>
    </p>
   </div>
   <div class='ocr_carea' id='block_1_23' title="bbox 1982 0 2023 3350">
    <p class='ocr_par' dir='ltr' id='par_1_34' title="bbox 1982 0 2023 3350">
     <span class='ocr_line' id='line_1_107' title="bbox 1982 0 2023 3350; baseline 0 0"><span class='ocrx_word' id='word_1_610' title='bbox 1982 0 2023 3350; x_wconf 95' lang='lat' dir='ltr'> </span> 
     </span>
    </p>
   </div>
  </div>
 </body>
</html>
