2023 3350
219 131 301 170 504

779 129 816 159 P.
844 127 1041 161 vmfflLu
1065 128 1277 163 MAROMS

218 242 352 284 Facta
390 240 489 291 viri,
524 240 683 281 mixtus
723 238 849 280 dolor
881 242 924 281 et
955 239 1097 293 pudor
1131 246 1272 284 armat
1306 243 1351 284 in
1389 243 1548 286 hostes.

217 299 322 340 Tum
359 298 502 339 Pallas
543 297 701 350 biiugis
738 296 975 351 fugientem
1005 298 1197 341 Rhoetea
1232 304 1407 353 praeter

216 355 405 397 Traiicit.

464 354 557 396 Hoc
592 355 797 408 spatium,
837 358 1092 409 tantumque
1124 371 1270 399 morae
1303 358 1385 400 fuit
1423 358 1498 401 Ilo.

1773 360 1857 400 400

216 414 280 455 110
320 426 504 466 namque
537 412 689 466 procul
726 412 916 454 validam
955 412 1174 456 direxerat
1205 414 1394 457 hastam:

218 471 353 521 Quam
388 469 555 511 medius
597 470 813 511 Rhoeteus
845 470 1090 525 intercipit,
1127 472 1287 525 optime
1323 473 1534 525 Teuthra,

217 528 274 569 Te
310 527 496 581 fugiensg
529 527 797 581 fratremque
831 528 992 582 Tyren3
1039 543 1252 583 curruque
1291 531 1464 573 volutus

219 585 371 627 Caedit
409 585 671 627 semianimis
705 585 967 628 Rutulorum
1004 586 1197 628 calcibus
1232 602 1347 631 arva.

216 645 278 684 Ac
314 643 431 684 velut
473 647 624 697 optato
659 643 797 684 ventis
834 647 999 685 aestate
1039 645 1201 686 coortis

1775 646 1858 686 405

216 701 423 754 Dispersa
456 701 651 742 immittit
683 700 802 742 silvis
833 701 1032 743 incendia
1069 705 1252 757 pastor,'

219 758 439 812 Correptis
474 758 616 800 subito
655 759 806 800 mediis
846 759 1093 802 extenditur
1132 774 1219 802 una

218 816 410 858 Horrida
443 830 519 870 per
555 817 670 858 latos
710 817 825 858 acies
867 817 1080 860 Volcania
1121 831 1319 872 camposg

217 874 296 915 Ille
333 874 484 916 sedens
522 874 661 916 victor
694 874 890 917 flammas
927 874 1153 930 despectat
1196 879 1393 917 ovantes:

217 932 313 974 Non
352 932 479 974 aliter
517 932 681 974 socium
718 933 855 974 virtus
896 933 983 974 coit
1018 935 1154 976 omnis
1191 935 1235 975 in
1270 947 1421 985 unum,

768 990 851 1032 Sed
887 990 1014 1032 bellis
1050 1007 1149 1034 acer
1182 991 1396 1033 Halaesus

219 990 362 1043 Teque
394 990 535 1041 iuvat,
573 989 707 1031 Palla.

1777 933 1861 972 410

218 1048 372 1089 Tendit
405 1048 450 1090 in
488 1047 712 1099 adversos,
749 1062 878 1102 seque
917 1049 961 1090 in
997 1063 1077 1092 sua
1118 1049 1288 1103 colligit
1323 1062 1456 1090 arma.

218 1105 300 1147 Hic
340 1109 505 1147 mactat
540 1105 720 1148 Ladona
761 1106 1034 1160 Pheretaque
1069 1107 1473 1161 Demodocumque3

219 1163 463 1218 Strymonio
501 1163 701 1205 dextram
737 1163 921 1218 fulgenti
956 1164 1117 1219 deripit
1158 1179 1258 1207 ense

218 1221 392 1263 Elatam
427 1222 472 1263 in
507 1222 723 1275 iugulum3
762 1236 867 1264 saxo
902 1222 1003 1264 ferit
1037 1237 1115 1265 ora
1153 1223 1370 1275 Thoantis,

1779 1220 1862 1259 415

219 1279 416 1333 Ossaque
452 1279 656 1334 dispersit
693 1280 871 1322 cerebro
911 1282 1127 1334 permixta
1158 1285 1348 1323 cruento.

218 1337 329 1379 Fata
365 1351 517 1384 cavens
555 1337 673 1379 silvis
713 1338 885 1391 genitor
926 1338 1091 1382 celarat
1124 1339 1384 1390 Halaesum,

218 1395 278 1437 Ut
310 1395 452 1437 senior
487 1395 574 1437 leto
611 1397 810 1438 canentia
850 1396 1015 1438 lumina
1053 1398 1198 1449 solvit,

266 1568 341 1599 398.
368 1568 469 1600 dolor
504 1573 536 1601 et
567 1568 683 1611 pudor
713 1573 790 1600 cta:
841 1571 956 1599 Simile
986 1579 1018 1600 v.

221 1614 300 1645 870.

266 1672 341 1702 400.
366 1675 481 1703 Pallas
512 1675 691 1703 Rhoeteum
722 1673 843 1709 biiugis
877 1678 1021 1708 praeter-

217 1720 415 1757 fugientem,
463 1718 498 1749 uf
538 1722 689 1748 evaderet
730 1719 864 1748 fratrum
903 1727 1021 1748 manus

217 1767 377 1795 Teuthrae
400 1770 431 1795 et
452 1768 576 1802 Tyrae,
604 1768 665 1794 telo
694 1766 831 1797 traiicit,
852 1774 913 1799 quo
936 1767 1020 1793 Ilum

218 1813 363 1847 petierat.
412 1809 461 1841 Pl.
498 1812 581 1841 coni.
627 1808 699 1840 Hoc
741 1808 849 1850 spatii
882 1813 1021 1839 tantum

218 1860 324 1897 atque
350 1866 468 1887 morae
489 1855 566 1896 fuit
597 1854 660 1886 110.
710 1858 876 1885 Rhoeteus
908 1857 1025 1886 decidit

217 1905 256 1932 de
281 1912 388 1939 curru,
414 1904 577 1938 simulque
602 1904 748 1932 calcibus
774 1904 879 1932 caedit
905 1908 1022 1932 terram

218 1954 251 1978 ut
275 1951 498 1979 moribundus.

263 2015 545 2093 4011.b‹{ire.rerat
563 2016 707 2057 ³12P7bc
739 2015 921 2046 derexerat
938 2013 1023 2044 mn

218 2073 281 2093 rec.
331 2062 344 2092 ἒ
369 2086 376 2093 .

265 2129 342 2161 4⁰5.
367 2134 487 2172 optato
525 2133 544 2161 i.
575 2141 602 2161 e.
633 2141 674 2161 ex
715 2136 801 2161 voto.
853 2132 899 2159 De
936 2135 1023 2159 stru-

217 2183 310 2208 ctura
332 2179 372 2208 cs.
399 2179 429 2215 5,
459 2176 533 2208 127.
560 2179 707 2213 Aestate,
733 2178 859 2212 quando
875 2177 1023 2205 maxima

218 2229 267 2253 est
291 2225 436 2261 siccitas,
463 2226 517 2253 ubi
541 2225 661 2254 accedit
680 2229 810 2260 ventus,
836 2223 1023 2252 incendium

217 2270 315 2300 facile
346 2271 471 2301 crescit.
521 2272 583 2300 Pro
616 2268 714 2298 siluis
756 2271 921 2298 malebant
958 2268 1023 2305 legi

218 2314 371 2356 stipulis.
421 2318 568 2352 stipulas
593 2317 678 2345 enim
710 2317 781 2352 agri
808 2315 948 2344 demessi
971 2315 1022 2343 in-

217 2364 352 2392 cendere
383 2364 533 2392 solebant
569 2364 744 2399 agricolae,
785 2366 819 2390 ut
857 2362 1023 2390 redderent

217 2416 331 2443 aarum
350 2408 537 2438 fertiliorem
561 2408 600 2437 cf.
627 2411 662 2437 G.
692 2405 720 2445 l,
747 2405 790 2435 84
821 2404 871 2436 ΡΙ.
901 2404 1021 2444 18,30,

219 2452 261 2482 72
282 2452 373 2484 Sunt
394 2451 452 2493 qui
477 2451 673 2483 accendant
696 2451 731 2482 in
750 2461 835 2481 arvo
861 2455 892 2482 ct
911 2450 1024 2489 stipu-

219 2498 284 2535 las,
300 2508 433 2537 magno
451 2497 600 2539 Virgilii
618 2497 818 2538 praeconio.
847 2500 906 2527 Ov.
923 2501 966 2527 M.
994 2496 1023 2533 1,

219 2544 294 2575 492.
341 2547 401 2575 Sed
424 2546 676 2575 incendebantur
711 2546 810 2574 etiam
837 2551 963 2579 pascua
988 2545 1021 2573 in

217 2592 397 2627 montibus,
422 2596 454 2621 ut
476 2599 609 2628 gramen
644 2592 776 2619 mollius
808 2590 1023 2619 effloresceret

218 2638 257 2667 cf.
290 2639 368 2668 Luc.
406 2636 442 2674 9,
479 2636 552 2666 182.
604 2638 726 2666 Deinde
771 2633 862 2664 silva
905 2637 1022 2665 dicitur

217 2684 345 2718 quidem
375 2685 413 2713 de
438 2684 637 2717 leguminum
669 2683 808 2712 calamis
832 2684 866 2711 G.
896 2680 932 2719 1,
967 2679 1020 2710 76.

218 2731 255 2758 de
281 2730 389 2758 herbis
420 2727 496 2759 152.
525 2731 580 2758 sed
606 2730 669 2762 ita,
705 2733 738 2758 ut
766 2737 808 2757 ex
833 2729 916 2763 ipsis
940 2729 1023 2757 locis

219 2780 392 2810 appareat,
416 2776 525 2810 qualis
550 2776 592 2804 sit
618 2776 722 2812 silva,
746 2775 842 2809 .quod
868 2776 929 2804 hoc
952 2775 1022 2803 loco

219 2829 284 2850 non
322 2826 380 2850 est.
441 2821 556 2850 Nescio
601 2824 708 2849 tamen
747 2821 823 2855 quid
855 2820 1023 2864 <impediat

219 2869 370 2896 arborum
403 2867 586 2901 intelligere
619 2867 736 2895 silvas,
786 2866 875 2900 Quod
909 2866 1022 2895 multis

218 2913 301 2941 locis
335 2913 455 2942 facturn
483 2914 623 2948 scimuS,
663 2917 696 2941 ut
733 2912 843 2941 silvae
873 2912 1021 2941 incende-

219 2962 345 2995 rentur,
383 2964 418 2987 ιιι
444 2959 666 2995 agriculturae
695 2960 786 2987 locus
820 2958 924 2993 fieret,
972 2958 1022 2986 sic

220 3003 319 3031 etiam
343 3005 468 3039 antiqui
494 3005 645 3033 videntur
669 3005 751 3041 ligni
775 3011 839 3032 non
865 3003 910 3032 ita
932 3003 1022 3038 parci

221 3048 336 3077 fuisse.
384 3050 507 3079 Firmat
527 3053 587 3079 hoc
611 3051 706 3079 Lucr.
734 3050 765 3087 5,
793 3046 879 3078 1241
907 3057 955 3084 sq.
982 3049 1023 3079 cf.

1067 1571 1119 1611 12,
1145 1569 1223 1602 521.
1271 1572 1364 1601 Adde
1390 1571 1546 1606 quomodo
1572 1569 1606 1598 in
1630 1569 1721 1606 agris
1739 1568 1867 1604 virgul-

1066 1621 1109 1649 tis
1144 1619 1268 1649 consito
1307 1617 1433 1647 versati
1463 1616 1528 1645 sint
1560 1616 1636 1644 Hor.
1671 1617 1728 1650 Ep.
1762 1611 1800 1651 2,
1835 1611 1865 1649 2,

1068 1663 1131 1694 186
1155 1663 1346 1694 silvestrem
1363 1659 1522 1701 flammis
1552 1663 1583 1690 et
1605 1659 1704 1697 ferro
1721 1656 1867 1700 mitigat

1067 1719 1208 1752 agrum.
1259 1711 1387 1739 Pallad.
1415 1707 1446 1745 5¹2,
1475 1705 1503 1736 1.
1555 1704 1644 1735 Iulio
1669 1714 1783 1734 meme
1806 1702 1866 1734 sil-

1066 1760 1197 1786 vestres
1241 1753 1326 1797 agri
1360 1750 1546 1784 utiliesime
1581 1749 1869 1792 exstirpabuntur

1068 1800 1251 1831 arboribus
1279 1804 1384 1841 atque
1419 1796 1608 1839 virgultis,
1647 1806 1749 1838 quum
1781 1794 1867 1825 luna

1068 1846 1248 1885 decrescit,
1280 1843 1425 1876 desectis·
1450 1842 1628 1873 radicibus
1651 1846 1755 1884 atque
1778 1850 1869 1871 com-

1069 1891 1188 1924 huetio.
1237 1910 1280 1915 —
1329 1894 1369 1922 Ut
1400 1892 1483 1920 talia
1512 1891 1662 1921 incendia
1684 1892 1812 1920 tandem
1835 1890 1870 1919 in

1068 1949 1168 1969 unum
1211 1943 1340 1977 coeunt,
1378 1939 1425 1967 ita
1457 1946 1568 1967 omnes
1606 1938 1646 1966 ad
1683 1938 1869 1966 Pallantem

1069 1996 1104 2016 se
1129 1987 1321 2021 adiungunt.

1117 2042 1192 2073 406.
1219 2041 1401 2083 dispersa,
1439 2050 1516 2071 nam
1545 2040 1688 2070 diversis
1711 2041 1793 2071 locis
1817 2041 1870 2070 in-

1070 2092 1192 2165 ρθιῖἶὶιέ.
1219 2131 1362 2164 horm'da
1407 2130 1498 2162 acies
1539 2129 1712 2161 Vulcania
1748 2133 1870 2168 duplex

1069 2183 1287 2217 adiectivum,
1320 2180 1358 2210 cf.
1385 2179 1422 2216 5,
1450 2176 1503 2208 24.

1116 2236 1192 2267 409.
1220 2239 1365 2266 ouantes
1390 2236 1527 2272 „abusio
1551 2239 1612 2271 est,
1636 2243 1699 2264 non
1725 2235 1869 2270 proprie-

1070 2282 1142 2314 ῑειειι
1169 2287 1200 2313 S.
1229 2284 1268 2313 cf.
1296 2292 1328 2312 v.
1354 2281 1430 2311 690.
1457 2297 1494 2302 —
1516 2278 1626 2310 victor
1649 2281 1688 2310 cf.
1715 2279 1744 2318 2,
1770 2279 1846 2310 329.

1116 2339 1192 2370 412.
1221 2338 1254 2369 in
1280 2348 1343 2369 sua
1364 2336 1503 2379 colligit
1527 2346 1627 2367 arma
1653 2338 1691 2367 cf.
1721 2335 1774 2375 12,
1791 2336 1868 2368 491.

1116 2395 1191 2427 ⁴1⁵.
1218 2395 1346 2425 elatam
1381 2394 1414 2425 in
1449 2392 1615 2436 iugulum
1648 2396 1781 2433 „iugulo
1809 2403 1869 2425 suo

1067 2446 1190 2473 vulnus
1213 2440 1423 2472 minantem.“
1447 2444 1479 2471 S.

1116 2488 1191 2518 416.
1217 2491 1276 2519 Ov.
1305 2491 1347 2517 M.
1372 2488 1401 2523 5,
1428 2486 1470 2516 58
1495 2489 1526 2517 et
1552 2484 1681 2523 fractis
1708 2484 1870 2521 confudit

1069 2533 1102 2565 in
1132 2533 1267 2564 ossibus
1292 2543 1365 2563 ora.

1115 2589 1190 2620 417.
1217 2593 1397 2620 Halaesum
1429 2595 1519 2625 pater
1550 2590 1734 2627 abscondit,
1773 2597 1868 2625 quem

1068 2639 1165 2668 sciret
1190 2640 1275 2667 bello
1302 2638 1524 2672 interiturum3
1575 2637 1632 2665 sed
1669 2644 1706 2665 eo
1745 2640 1868 2665 mortuo

1068 2686 1102 2714 in
1142 2686 1230 2713 bella
1272 2683 1448 2719 profectum
1485 2684 1611 2712 Parcae
1648 2682 1759 2711 statim
1801 2681 1869 2710 sibi

1068 2731 1278 2759 vindicarunt
1304 2733 1333 2758 et
1356 2730 1451 2759 morti
1477 2730 1640 2758 dederunt.
1672 2727 1711 2757 cf.
1738 2725 1768 2763 7,
1790 2725 1868 2756 723.

1069 2784 1198 2805 canens
1236 2777 1361 2814 MRbc'y
1392 2791 1429 2795 —
1462 2776 1588 2803 canent
1619 2776 1794 2803 correctum
1836 2773 1869 2801 in

1068 2829 1198 2851 canens
1220 2823 1256 2850 P.
1306 2822 1400 2857 „Atii
1426 2829 1552 2849 cavens
1575 2816 1707 2856 legunt“
1730 2820 1762 2846 S.
1785 2820 1870 2853 quod

1068 2870 1175 2903 placet
1215 2872 1243 2896 et
1281 2868 1403 2902 placuit
1433 2864 1538 2907 lVgo.
1580 2862 1652 2894 Plo.
1689 2861 1772 2893 Ldo.
1805 2872 1868 2894 rec.

1116 2955 1192 2987 418.
1218 2955 1286 2988 leto
1313 2954 1476 2987 canentia
1501 2954 1524 2986 1.
1557 2950 1677 2984 solvit:
1724 2954 1871 2991 „Dicun-

1068 3009 1120 3034 tur
1150 3005 1237 3034 enim
1265 3004 1412 3040 pupillae
1443 3002 1556 3032 mortis
1598 3004 1741 3035 tempore
1779 3002 1870 3030 albe-

1069 3048 1195 3081 scere.“
1222 3053 1253 3079 S.
