2023 3350
136 191 295 233 Exitio.

355 190 521 232 Passim
562 203 711 232 80111110
751 190 936 244 vinoque
967 203 1044 244 per
1079 190 1259 233 herbam

139 250 336 303 Corpora
373 248 470 290 fusa
507 246 676 299 vident,
715 252 912 289 arrectos
945 248 1074 289 litore
1109 262 1274 301 currus,

135 307 254 348 Inter
290 306 385 348 lora
422 309 628 359 rotasque
663 305 800 358 viros,
840 305 968 347 simul
1004 319 1128 348 arma
1161 307 1317 358 iacere,

135 365 248 406 Vina
284 363 423 405 simul.

136 422 341 476 Euryale,
380 420 630 462 audendum
671 421 848 474 dextra;
880 435 993 462 nunc
1029 422 1127 476 ipsa
1164 426 1294 464 vocat
1330 435 1412 464 res.

135 479 230 521 Hac
265 480 350 520 iter
386 482 463 520 est.

135 538 172 578 A
210 540 332 590 tergo
372 536 528 590 possit,
564 536 733 578 custodi
772 540 814 578 et
851 537 1026 579 consule
1062 537 1203 592 longe.

135 594 254 635 Haec
296 607 374 648 ego
407 598 532 636 vasta
573 594 710 647 dabo,
749 598 792 636 et
832 593 922 636 lato
960 598 1003 636 te
1043 594 1180 637 limite
1219 594 1385 636 ducam.

135 651 205 693 Sic
241 655 470 704 memorat,
515 665 750 706 vocemque
789 652 970 706 premit,
1011 652 1140 694 simul
1181 666 1282 695 ense
1313 651 1549 706 superbum

133 709 420 750 Rhamnetem
460 709 737 763 adgreditur,
771 710 846 764 qui
881 709 994 752 forte
1028 710 1251 765 tapetibus
1289 711 1391 753 altis

133 767 396 809 Exstructus
434 770 528 809 toto
559 767 781 822 proflabat
812 771 988 822 pectore
1026 782 1235 821 somnum,

130 825 222 865 Rex
258 825 373 866 idem
418 828 461 867 et
494 827 586 879 regi
625 826 769 867 Turno
802 825 1075 879 gratissimus
1116 840 1276 880 augur,

132 881 216 924 Sed
255 896 342 924 non
377 884 561 936 augurio
603 884 749 938 potuit
788 883 1004 937 depellere
1042 886 1221 937 pestem.

131 939 235 981 Tres
273 940 397 982 iuxta
444 940 630 983 famulos
671 945 834 983 temere
868 941 983 983 inter
1021 942 1110 983 tela
1147 942 1338 983 iacentes

131 998 493 1052 Armigerumque
533 999 654 1040 Remi
687 999 847 1053 premit
880 999 1183 1053 aurigamque,
1221 999 1301 1041 sub
1335 999 1442 1053 ipsis

131 1055 295 1097 Nactus
333 1057 454 1110 equis
493 1056 695 1111 ferroque
731 1060 851 1099 secat
886 1057 1122 1110 pendentia
1164 1057 1296 1109 colla,

131 1112 237 1154 Tum
280 1117 413 1167 caput
451 1114 535 1168 ipsi
576 1113 719 1156 aufert
756 1114 949 1165 domino,

133 1169 353 1224 Sanguine
391 1171 721 1226 singultantem3
759 1175 857 1213 atro
893 1171 1113 1225 tepefacta
1152 1184 1306 1213 cruore

130 1228 266 1270 Terra
299 1228 474 1283 torique
509 1229 697 1272 madent.

742 75 981 110 AENEIDOS
1013 78 1100 110 Lm.
1127 78 1189 110 lx.
1711 82 1791 120 451

482 363 606 404 Prior
643 362 906 417 Hyrtacides
944 363 1006 405 810
1050 377 1125 406 ore
1160 364 1356 406 locutus:

1711 423 1794 461 :320

524 479 604 531 Tu,
638 493 690 520 ne
726 493 812 532 qua
850 493 1003 521 manus
1039 493 1083 521 se
1123 480 1326 522 attollere
1366 478 1493 521 nobis

1709 714 1792 752 325

1712 1003 1793 1039 3:50

986 1117 1276 1167 truncumque
1312 1114 1521 1167 relinquit

756 1230 845 1271 Nec
879 1242 966 1270 non
1005 1229 1328 1282 Lamyrumque
1360 1228 1627 1282 Lamumque

1711 1288 1793 1325 335

131 1286 188 1327 Et
222 1286 419 1328 iuvenem
456 1287 711 1338 Serranum,
738 1286 817 1328 illa
854 1286 928 1340 qui
966 1285 1156 1339 plurima
1190 1290 1318 1328 nocte

131 1343 334 1397 Luserat,
373 1344 556 1398 insignis
596 1344 726 1395 facie,
767 1343 992 1398 multoque
1035 1343 1208 1386 iacebat

133 1474 240 1498 tamen
272 1477 345 1499 sum
368 1477 441 1499 eam
471 1470 504 1498 in
528 1469 741 1505 sententiam,
772 1468 939 1503 111ΐίῑεί-

128 1516 228 1549 lium,
260 1516 315 1550 qui
341 1523 398 1545 eos
422 1515 574 1545 infelices
608 1515 675 1543 fore
700 1523 731 1543 v.
760 1512 824 1542 313
853 1514 939 1542 indi-

128 1565 273 1598 caverat,
300 1562 408 1597 ipsum
428 1564 510 1591 haec
533 1561 702 1590 addidisse
730 1564 847 1595 putem,
875 1568 939 1588 non

128 1608 318 1637 inculcasse
344 1608 466 1644 alium3
493 1609 549 1636 sed
576 1610 643 1636 erat
672 1608 914 1636 emendaturus.

176 1651 253 1682 316.
278 1651 432 1693 passim,
468 1662 532 1682 non
554 1657 686 1682 servato
715 1653 844 1689 ordine,
882 1653 938 1681 8011

130 1703 165 1728 ut
198 1700 350 1735 quemvis
381 1707 516 1728 somnus
545 1702 776 1734 occupaverat.
808 1713 845 1718 -—-
875 1705 939 1737 per

132 1742 275 1774 herbam
302 1745 342 1775 cf.
367 1745 405 1783 5,
433 1743 509 1774 102.

175 1788 252 1819 317.
280 1793 436 1820 arrectos
455 1799 580 1820 currus
604 1792 755 1826 „sublato
780 1789 812 1817 in
835 1790 938 1817 altum

133 1837 208 1873 iugo
237 1840 266 1865 et
291 1838 449 1872 depressa
482 1837 516 1865 in
546 1840 665 1865 terram
702 1839 792 1870 parte
823 1843 939 1864 currus

130 1881 312 1912 extrema.“
348 1880 420 1911 Ha.
476 1884 558 1911 Nam
592 1882 680 1910 binis
712 1881 792 1910 rotis
823 1888 940 1909 currus

130 1928 289 1958 exstructi
314 1932 418 1957 erant.

177 1972 254 2003 319.
281 1972 366 2003 υἱηα
394 1970 500 2002 simul
531 1980 640 2010 „vasa
668 1970 759 2001 vini·g
794 1974 848 2007 S.;

132 2018 168 2058 1,
196 2018 273 2049 724.
302 2036 340 2040 -—
369 2027 428 2049 ore
455 2016 553 2058 toqui
578 2016 612 2056 1,
639 2016 716 2047 614.

175 2064 253 2095 320.
280 2068 372 2096 Nunc
403 2066 550 2097 tandem,
593 2073 692 2099 (utum
720 2067 937 2099 opportunum

129 2116 257 2148 tempus
280 2120 354 2141 esse
374 2112 498 2145 vident,
524 2114 636 2140 hostes
661 2111 797 2139 caedere
821 2117 938 2146 aggre-

131 2159 273 2196 diuntur,
299 2159 383 2194 quod
402 2162 501 2187 antea
521 2157 585 2186 sihi
608 2165 672 2185 non
694 2159 940 2191 proposuerant.

176 2202 253 2232 322.
281 2201 422 2233 consule
445 2204 466 2232 i.
493 2212 520 2232 0.
547 2203 698 2238 prospice
726 2204 831 2238 longe.

177 2248 255 2278 323.
282 2252 386 2280 vasta
414 2246 506 2278 dabo
546 2249 567 2277 i.
603 2258 630 2278 e.
656 2251 798 2277 vastabo
840 2247 880 2277 cf.
913 2245 940 2285 1,

890 1971 937 2001 Cf.

34 2291 38 2303 '¹
100 2331 105 2332 .
131 2293 184 2325 63.
224 2311 262 2315 —
292 2293 376 2324 haec
404 2295 444 2324 cf.
474 2304 506 2324 v.
536 2293 614 2324 316.
644 2310 682 2314 -
710 2296 856 2323 vastare
882 2296 940 2322 ho-

130 2342 238 2371 mines
264 2341 303 2370 cf.
329 2339 366 2380 t,
400 2338 478 2370 471.
506 2357 546 2361 —-
575 2338 649 2371 lato
679 2342 711 2370 tc
740 2338 854 2370 limite
877 2337 941 2369 du-

131 2396 205 2416 cam
234 2387 274 2416 cf.
304 2384 364 2425 10,
389 2384 467 2416 514.

178 2431 256 2461 324.
283 2441 468 2472 vocemque
491 2430 639 2472 premit,
666 2435 759 2461 tacet.
810 2432 870 2461 Ov.
897 2432 940 2459 Μ.

130 2477 167 2517 9,
195 2477 261 2507 763
287 2476 416 2517 pressit
443 2476 486 2506 ab
508 2475 562 2507 his
583 2486 710 2507 vocem.

177 2523 253 2553 325.
281 2521 459 2563 tapetibus
483 2521 569 2553 altis
595 2525 792 2552 exstructus
810 2523 856 2552 ita
881 2524 940 2551 Ov.

131 2573 173 2600 Μ.
211 2567 270 2605 13,
320 2567 386 2598 638
416 2567 594 2609 positique
633 2566 811 2608 tapetibus
845 2565 940 2598 altis.

131 2618 271 2652 Tapetes
304 2615 399 2646 lectis
429 2619 460 2644 et
490 2615 569 2644 toris
602 2615 848 2649 iniiciebantur;
882 2614 942 2643 alti

130 2663 230 2699 igitur
257 2666 399 2697 tapetes,
441 2661 472 2689 si
503 2662 609 2690 lectus
644 2664 694 2689 est
726 2662 825 2689 altus.
879 2660 940 2695 [cf.

131 2711 210 2738 Stat.
238 2709 338 2737 Theb.
368 2706 406 2743 2,
432 2704 470 2735 91
502 2704 634 2747 Ingens
651 2705 804 2744 fuderat
835 2704 943 2745 Assy-

129 2752 194 2784 riis
231 2755 411 2784 exstructa
452 2749 632 2792 tapetibus
666 2749 741 2781 alto
790 2749 944 2781 membra

131 2797 243 2840 toro.)
292 2801 401 2835 Atque
433 2807 475 2828 ex
507 2806 544 2827 eo
568 2797 713 2827 hominis
740 2797 941 2833 conspicitur

131 2845 386 2884 magnificentia.

178 2890 254 2921 326.
280 2894 353 2922 toto
384 2888 488 2931 profi.
518 2897 553 2929 p.
587 2897 637 2918 s..·
680 2888 791 2917 Noluit
820 2888 939 2918 humili

131 2940 230 2967 verbo
268 2939 469 2967 stertentem
505 2936 630 2972 dicere,
674 2939 708 2964 ut
739 2942 791 2969 ap.
829 2935 936 2969 Quint.

135 2983 171 3021 4,
197 2982 227 3012 2.
257 2980 318 3012 123
342 2980 425 3013 totis
445 2978 667 3023 praecordiis
693 2982 838 3010 stertere
858 2980 939 3009 dixit

988 1469 1124 1497 Caelius
1162 1469 1362 1505 Antonium,
1408 1471 1444 1497 ut
1487 1467 1614 1497 foedam
1652 1469 1794 1498 redderet

987 1515 1173 1549 imaginem.

1034 1569 1110 1601 327.
1138 1569 1231 1601 idem
1259 1588 1303 1593 —
1329 1572 1372 1609 et,
1404 1571 1443 1601 cf.
1474 1568 1511 1607 3,
1537 1568 1592 1599 80.

1035 1626 1112 1657 328.
1137 1630 1289 1668 pestem,
1320 1630 1464 1662 malum,
1507 1628 1669 1657 interitum
1697 1628 1736 1656 cf.
1762 1627 1794 1660 5,

988 1672 1064 1703 683.
1115 1676 1164 1703 Ita
1189 1675 1282 1703 Hom.
1308 1676 1346 1703 ll.
1373 1672 1405 1711 2,
1431 1671 1497 1702 859
1524 1666 1599 1702 ἀλλ’
1623 1666 1690 1702 οὐκ
1714 1669 1795 1702 οἰω-

985 1718 1103 1749 νοῖσιν
1133 1712 1290 1758 ἐρύσατο
1327 1715 1436 1759 Κῆρα
1459 1714 1647 1757 μέλαιναν,

1033 1773 1111 1804 329.
1139 1777 1282 1811 temere,
1310 1776 1457 1813 passim,
1491 1775 1623 1804 fortuito
1654 1776 1731 1804 Hor.
1759 1774 1794 1804 C.

988 1819 1025 1858 2,
1053 1818 1110 1858 tl,
1138 1818 1180 1849 14
1202 1819 1263 1850 sub
1288 1819 1366 1850 alta
1391 1818 1544 1861 platano
1568 1818 1722 1850 iacentes
1745 1818 1796 1850 sic

986 1869 1124 1896 temere.

1033 1921 1110 1952 3:30.
1137 1921 1264 1963 premit
1289 1920 1487 1959 ..opprimi1“
1520 1925 1552 1952 S.
1580 1923 1620 1952 cf.
1652 1919 1687 1959 l,
1718 1920 1794 1951 324.

986 1971 1022 1998 Et
1046 1970 1102 2004 qui
1127 1970 1241 2005 premit
1268 1979 1346 1999 ense
1368 1977 1497 2005 corpus,
1523 1970 1621 1998 etiam
1648 1970 1793 2004 percutit.

988 2013 1135 2044 Remum
1184 2016 1268 2045 coni.
1307 2013 1406 2044 Schr.
1442 2012 1512 2044 Hn.
1548 2016 1653 2052 „quod
1680 2023 1795 2044 verum

984 2058 1082 2096 puto‘·
1115 2057 1167 2089 Pl.
1216 2062 1306 2096 Quod
1342 2061 1372 2090 si
1406 2063 1541 2098 probas,
1581 2065 1630 2090 est
1672 2062 1795 2089 Remus

985 2107 1183 2135 Rhamnetis
1226 2107 1378 2143 armiger.
1434 2108 1497 2135 Sed
1544 2111 1631 2136 recte
1681 2103 1793 2135 Remi.

988 2153 1188 2189 Aggreditur
1225 2153 1314 2182 enim
1348 2159 1427 2181 ense
1461 2153 1678 2181 Rhamnetem
1712 2152 1733 2180 i.
1767 2161 1794 2180 0.

988 2199 1123 2233 occidit;
1164 2199 1281 2227 occidit
1313 2199 1429 2227 deinde
1465 2202 1531 2226 tres
1570 2198 1644 2227 eius
1676 2197 1796 2233 socios,

989 2245 1084 2273 Remi
1107 2248 1216 2273 autem
1241 2244 1440 2279 armigerum
1471 2248 1500 2272 et
1525 2244 1693 2280 aurigam,
1729 2247 1796 2272 tum

988 2291 1097 2325 ipsum
1131 2290 1296 2319 dominum
1326 2290 1348 2318 i.
1385 2298 1412 2318 0.
1443 2290 1592 2318 Remum.
1642 2290 1732 2317 Male
1760 2297 1794 2318 v.

989 2335 1054 2364 332
1082 2337 1122 2365 ad
1146 2338 1362 2365 Rhamnetem
1385 2335 1578 2370 interpretes
1605 2336 1794 2363 retulerunt.

988 2385 1070 2412 Nam
1098 2382 1199 2411 Nisus
1231 2391 1273 2411 ex
1299 2389 1410 2411 eorum
1435 2385 1542 2410 mente
1568 2381 1707 2415 primum
1739 2382 1796 2409 oh-

989 2432 1118 2458 truncat
1142 2429 1373 2465 Rhamnetem,
1399 2427 1513 2456 deinde
1539 2426 1612 2455 eius
1634 2426 1794 2461 famulos3

988 2479 1062 2510 post
1087 2475 1168 2503 redit
1189 2476 1229 2503 ad
1256 2474 1421 2502 dominum
1450 2476 1480 2502 et
1502 2476 1598 2507 caput
1629 2472 1747 2501 decidit
1766 2476 1795 2500 et

988 2521 1143 2556 relinquit
1167 2520 1331 2557 sanguine
1362 2519 1595 2555 singultantem
1619 2525 1710 2555 eum,
1741 2517 1797 2553 qui

990 2567 1179 2596 iamdudum
1219 2568 1352 2602 plagam
1391 2565 1526 2600 accepit.
1562 2579 1599 2584 —-
1636 2560 1797 2604 armiger

990 2613 1030 2643 cf.
1060 2609 1119 2649 11,
1147 2610 1199 2641 32.

1038 2656 1114 2687 332.
1141 2659 1303 2687 truncum
1331 2656 1371 2686 cf.
1395 2653 1435 2693 2,
1459 2652 1536 2683 557.

1035 2702 1112 2732 333.
1140 2699 1320 2743 sanguine
1371 2698 1650 2741 singultantem,
1696 2700 1719 2729 i.
1768 2709 1795 2729 0.

991 2758 1088 2788 „cum
1113 2749 1261 2785 singultu
1295 2748 1440 2776 animam
1467 2743 1662 2776 efflantem.“
1690 2748 1722 2775 S.
1753 2762 1798 2766 —

991 2797 1097 2831 Quum
1111 2795 1251 2831 sanguis
1276 2795 1362 2823 collo
1386 2792 1493 2822 reciso
1518 2792 1657 2830 profluit,
1681 2792 1714 2821 fit
1744 2800 1798 2821 so-

988 2850 1051 2871 nus
1089 2841 1249 2878 singultui
1275 2839 1408 2868 similis.
1455 2838 1494 2868 cf.
1526 2846 1560 2867 v.
1589 2835 1655 2866 415
1681 2841 1713 2867 et
1737 2838 1796 2866 Sil.

988 2885 1026 2926 1,
1053 2885 1120 2915 388
1155 2883 1295 2927 Oraque
1322 2884 1404 2913 dum
1429 2880 1636 2913 calcariam
1656 2880 1799 2924 singul-

987 2930 1106 2964 tantia
1126 2930 1207 2962 lcto.
1256 2932 1333 2960 val.
1352 2931 1400 2958 Fl.
1427 2927 1458 2968 3,
1483 2927 1551 2958 218
1577 2926 1708 2970 trepidi
1727 2926 1798 2958 sin—

989 2975 1152 3020 gultibus
1177 2974 1262 3018 agri
1291 2973 1480 3006 labentum.
