2023 3350
293 126 376 167 422

292 238 384 278 Iam
420 237 594 289 poterat
631 233 762 285 legio,
801 236 843 273 et
879 233 981 274 latis
1023 234 1227 275 tendebat
1262 234 1305 275 in
1345 234 1470 275 arvis.

864 121 902 152 P.
933 120 1132 153 thGtLtt
1168 120 1381 154 MARONIS

1854 234 1936 273 605

291 294 386 335 Huc
422 295 547 345 pater
586 291 752 331 Aeneas
786 293 828 331 et
866 290 980 331 bello
1018 291 1133 332 lecta
1170 292 1367 333 inventus

294 348 558 398 Succedunt,
598 347 784 400 fessique
827 350 869 388 et
907 361 1038 401 equos
1086 351 1129 389 et
1167 362 1351 401 corpora
1386 352 1550 390 curant.

406 407 464 446 At
502 404 644 445 Venus
676 404 894 445 aetherios
930 405 1043 445 inter
1075 404 1157 446 dea
1198 405 1384 447 eandida
1417 404 1586 446 nimbos

293 464 416 504 Dona
455 462 594 503 ferens
634 462 806 512 aderat,
846 465 1080 515 natumque
1116 463 1158 502 in
1199 463 1308 503 valle
1348 463 1527 504 reducta

293 520 352 561 Ut

389 519 543 574 procul
582 519 748 572 egelido
780 523 994 560 secretum
1026 519 1200 560 flumine
1240 519 1357 571 vidit,

1857 522 1939 562 610

293 577 469 619 Talibus
501 576 652 618 adfata
690 580 755 617 est
796 577 940 627 dietis,
977 591 1108 629 seque
1149 576 1306 617 obtulit
1341 577 1474 618 ultro:

294 635 377 686 En,
413 634 606 688 perfecta
646 634 728 674 mei
760 634 973 686 promissa
1015 635 1208 687 coniugis
1247 637 1340 674 arte

293 692 497 742 Munera,
530 705 584 732 ne
623 705 721 732 mox
758 695 833 732 aut
871 692 1127 741 Laurentes,
1160 695 1279 742 nate,
1314 691 1533 744 superbos,

294 750 381 791 Aut
417 762 561 790 acrem
600 747 771 789 dubites
806 749 850 789 in
888 749 1056 801 proelia
1093 762 1272 802 poscere
1308 748 1508 790 Turnum.

295 807 437 857 Dixit,
478 809 520 847 et
558 805 781 858 amplexus
821 806 911 846 nati
949 806 1160 860 Cytherea
1199 805 1372 859 petivit,

1859 806 1940 846 615

294 865 428 905 Arma
463 862 541 904 sub
581 862 763 904 adversa
801 863 948 916 posuit
985 863 1205 904 radiantia
1239 876 1411 916 quercu.

296 921 391 971 Ille,
434 920 540 962 deae
574 920 696 961 donis
734 924 776 961 et
812 924 934 962 tanto
967 921 1109 962 laetus
1150 921 1320 969 honore,

295 978 470 1031 Expleri
504 978 670 1030 nequit,
709 981 840 1031 atque
877 978 1023 1020 oeulos
1063 993 1140 1032 per
1181 977 1351 1031 singula
1383 976 1527 1026 volvit,

296 1036 567 1088 Miraturque
605 1035 804 1087 interque
837 1049 988 1076 manus
1029 1040 1071 1077 et
1108 1035 1288 1077 brachia
1322 1038 1465 1075 versat

296 1092 549 1135 Terribilem
584 1093 725 1133 cristis
762 1092 931 1143 galeam
966 1093 1247 1147 flammasque
1292 1094 1545 1142 vomentem,

342 1235 419 1264 605.
452 1232 562 1276 Legio
587 1239 617 1264 ιιι
649 1234 697 1271 10,
730 1235 791 1264 120
815 1239 914 1264 totum
937 1237 1095 1269 significat

298 1282 497 1314 exercitum,
540 1285 572 1309 ιιι
597 1282 650 1315 qui
679 1283 786 1310 lectus
816 1286 866 1309 est
900 1291 942 1309 ex
966 1283 1096 1311 incolis.

298 1328 391 1356 Adde
417 1327 503 1361 quod
526 1325 562 1360 2,
589 1325 666 1355 4:56.
717 1324 879 1355 tendebat
909 1327 950 1355 cf.
975 1327 1013 1363 2,
1041 1326 1096 1355 29.

343 1371 421 1401 606.
447 1368 534 1400 hue.-
575 1372 606 1399 in
644 1374 770 1407 lucum,
813 1373 864 1400 uhi
904 1374 943 1400 de
981 1373 1097 1401 itinere

299 1418 472 1452 quiescunt
495 1421 523 1444 et
553 1422 666 1451 parant
697 1427 751 1451 se,
785 1422 815 1445 ut
843 1418 964 1453 compti
991 1423 1018 1446 et
1046 1426 1098 1446 or-

299 1463 367 1491 nati
387 1467 497 1490 castra
522 1463 694 1490 introeant.
745 1464 862 1491 ohtam
886 1464 927 1491 ihi
958 1464 1100 1492 vulcani

299 1515 390 1537 arma
406 1508 581 1542 aptissima
602 1513 687 1544 sunt,
716 1516 851 1542 quorum
873 1511 1004 1537 Tuscos
1031 1517 1099 1537 mo-

299 1558 373 1582 veat
410 1555 598 1588 splendore.
624 1570 667 1572 ss-
696 1551 785 1582 bollo
818 1551 907 1583 lecta
937 1552 1100 1583 iuventus

299 1598 340 1627 cf.
366 1597 441 1627 547.

344 1643 420 1672 607.
449 1643 598 1679 „lugenti
644 1648 713 1672 arte
763 1645 848 1678 quod
901 1646 1102 1678 sequebatur

300 1689 424 1726 omisit,
448 1690 636 1717 redditurus
657 1690 688 1717 in
712 1689 850 1717 decimo.
901 1692 1047 1724 Namque
1072 1691 1100 1718 si

300 1737 399 1763 vellet
438 1735 564 1770 dicere,
604 1735 740 1763 venisse
775 1736 931 1770 Aenean,
974 1736 1101 1764 vidisse

299 1782 515 1809 Tarchontem
544 1779 649 1814 (sic).
677 1780 801 1814 petisse
825 1781 999 1817 auxilium,
1019 1781 1102 1809 satis

299 1828 433 1860 longum
457 1824 596 1854 fuerat:E
623 1828 655 1853 S.

301 1901 505 1934 fios—7:54,
557 1899 699 1932 Aeneae
725 1902 846 1932 Venus
875 1911 967 1933 amna
994 1900 1102 1933 affert.

503 1946 610 1978 Arma
637 1946 896 1978 describuntur.

346 2007 501 2040 sequitur
527 2014 708 2041 armorum,
739 2007 898 2041 imprimis
922 2007 1020 2041 clipei
1045 2008 1102 2035 de-

300 2052 452 2086 scriptio.
489 2053 520 2079 in
554 2060 616 2085 quo
649 2053 800 2086 sculptas
832 2052 918 2086 fingit
954 2061 1008 2080 res
1037 2054 1102 2080 no-

301 2105 469 2125 manorum
518 2098 763 2125 memorabiles.
814 2101 893 2126 Nam
933 2106 1030 2132 quum
1073 2102 1101 2125 et

300 2143 377 2170 alibi
404 2143 465 2170 sihi
489 2144 583 2170 locos
612 2147 782 2179 parasset,
812 2144 931 2177 quihus
957 2151 1015 2172 eas
1043 2152 1103 2171 ex-

301 2192 477 2224 promeret,
511 2188 556 2216 ita
581 2188 706 2224 divisit,
741 2194 772 2217 ut
803 2198 842 2217 ne
871 2189 1102 2224 compendium

300 2234 445 2262 scribere
479 2233 654 2261 videretur.
704 2236 817 2268 tuaque
848 2235 993 2263 diversis
1021 2235 1102 2263 locis

301 2286 318 2307 e
350 2283 417 2307 tota
445 2279 584 2307 historia
608 2281 790 2314 desumpsit
818 2281 958 2315 aliquid,
993 2281 1105 2308 habita

300 2324 398 2352 etiam
426 2326 572 2353 locorum
597 2325 735 2359 ratione,
762 2330 793 2353 ut
813 2327 832 2354 Ι.
855 2327 907 2354 vt.
930 2327 1025 2353 modo
1043 2328 1101 2354 ho-

299 2370 407 2398 mines
435 2371 545 2398 claros
576 2378 759 2398 memorare
792 2371 910 2406 potuit,
943 2372 992 2399 sic
1023 2373 1052 2399 h.
1081 2373 1101 2399 l.

300 2414 388 2443 facta
412 2415 533 2451 posuit,
559 2423 642 2449 quae
671 2421 808 2450 possent
836 2417 979 2451 depingi.
1028 2417 1102 2444 Sin-

302 2462 378 2494 gula
409 2461 565 2495 persequi
589 2466 616 2488 et
637 2463 799 2495 quomodo
821 2463 995 2497 desculpta
1021 2464 1102 2490 haec

301 2506 364 2533 sibi
389 2505 515 2534 finxerit
553 2511 666 2543 poeta,
701 2508 741 2534 ad
769 2508 929 2536 amussim
957 2507 1101 2535 describi

301 2559 365 2579 non
395 2556 500 2585 potest
531 2551 572 2579 cf.
599 2550 675 2579 652.

346 2595 424 2624 608.
453 2599 489 2625 at
514 2597 554 2624 es.
583 2595 622 2627 4.
658 2596 685 2624 1.
714 2612 757 2615 —
785 2593 852 2624 ‹Ica
879 2593 1034 2625 candida
1061 2596 1102 2625 cf.

300 2640 340 2677 5,
366 2640 442 2669 571.
469 2657 512 2660 μ
539 2640 672 2670 nimbos
701 2643 742 2670 cf.
771 2641 828 2677 11,
857 2640 933 2676 566.

345 2685 422 2714 609.
452 2684 544 2715 valle
576 2685 721 2716 reducta
761 2687 822 2721 [ef.
850 2687 885 2720 ti,
928 2687 1024 2721 703.)
1053 2694 1103 2721 ea,

300 2731 332 2759 in
370 2739 434 2764 qua
469 2737 517 2760 est
558 2735 665 2761 lucus.
715 2734 806 2761 'l'alis
845 2733 943 2761 vallis
985 2741 1103 2760 revera

300 2777 430 2808 fingitur
461 2778 492 2805 in
524 2780 634 2806 tabula
670 2779 827 2810 sicklcri,

303 2823 489 2856 descripsit.

345 2867 421 2896 610.
450 2864 590 2907 egelido
628 2876 691 2896 rec.
721 2866 783 2897 Hb.
808 2873 860 2897 est
886 2869 917 2896 in
948 2871 986 2897 bc
1020 2872 1048 2896 et
1069 2870 1100 2896 M

302 2914 530 2947 suprascripto
547 2914 577 2947 ις
601 2915 659 2941 sed
677 2911 761 2952 W'g.
781 2914 878 2942 refert
903 2914 934 2942 in
953 2916 993 2942 Μ.
1015 2921 1103 2941 vers.

303 2954 499 2986 585—642
522 2966 587 2986 non
602 2966 698 2992 esse;
728 2956 882 2999 etgelido
897 2959 927 2987 in
948 2961 1023 2997 Pny
1037 2967 1104 2987 rec.

309 2997 393 3041 Wg.
414 2999 464 3030 Pl.
491 3003 575 3032 coni.
600 3011 621 3032 α
641 3001 776 3044 gelido.

874 2787 937 2813 qua
976 2779 1102 2806 Latium

831 3001 1005 3044 Egeliclus
1031 3005 1104 3033 sive

1861 1090 1944 1130 620

1144 1244 1202 1271 per
1227 1232 1344 1264 minus
1368 1232 1512 1275 gelidus
1537 1235 1617 1270 (ον.
1640 1235 1713 1263 Am.
1739 1232 1777 1271 2,
1811 1233 1845 1262 11
1862 1255 1870 1271 ,
1905 1233 1946 1263 10

1145 1283 1175 1310 et
1193 1278 1352 1321 gelidum
1377 1278 1515 1309 Borean
1535 1277 1782 1319 egelidumque
1808 1276 1947 1316 Notum,

1145 1328 1189 1355 ita
1223 1330 1311 1354 Suet.
1345 1327 1429 1360 Aug.
1464 1324 1508 1353 82
1551 1322 1694 1366 egelida
1737 1333 1832 1364 aqua
1874 1327 1946 1354 sole

1147 1374 1246 1400 multo
1280 1371 1461 1405 calefacta]
1496 1371 1569 1399 sive
1596 1378 1660 1410 per
1690 1367 1778 1398 satis
1802 1367 1947 1410 gelidus

1149 1419 1312 1453 explicas,
1341 1418 1424 1451 quod
1454 1419 1492 1444 ob
1511 1424 1644 1445 versum
1670 1415 1736 1444 597
1756 1415 1947 1451 praeferen-

1148 1465 1221 1491 dum
1249 1468 1314 1495 est,
1350 1470 1475 1491 caussa
1501 1470 1565 1490 non
1594 1467 1655 1499 est,
1687 1469 1745 1490 cur
1768 1462 1845 1490 huic
1872 1463 1947 1490 loco

1146 1510 1291 1543 ineptum
1321 1509 1414 1537 dicas
1441 1509 1650 1544 vocabulum,
1676 1507 1738 1536 etsi
1766 1509 1863 1542 plane
1890 1515 1949 1536 su-

1149 1561 1392 1589 pervacaneum
1420 1554 1548 1581 videtur
1578 1561 1669 1582 esse.
1695 1568 1739 1572 —
1769 1554 1948 1592 secretum,

1148 1604 1307 1628 remotum
1334 1601 1374 1627 ab
1401 1600 1486 1628 aliis.

1195 1644 1272 1672 612.
1298 1642 1470 1683 promissa
1497 1643 1538 1672 cf.
1565 1641 1643 1672 53t.

1195 1689 1273 1718 613.
1305 1687 1453 1718 Munera
1484 1694 1532 1717 est
1575 1688 1796 1717 nominativus
1835 1688 1876 1717 cf.
1920 1687 1948 1725 1,

1150 1734 1228 1764 461.
1252 1751 1296 1754 ῌ
1325 1732 1516 1764 Laurentes
1543 1736 1706 1769 superbos
1731 1733 1772 1762 cf.
1801 1733 1873 1762 118.

1196 1778 1272 1808 614.
1300 1777 1490 1816 „Post-ere,
1513 1787 1707 1814 provocare,
1755 1779 1869 1808 Cicero
1897 1779 1948 1814 (in

1153 1828 1244 1856 verr.
1276 1825 1309 1861 l,
1342 1825 1396 1854 26.
1422 1825 1484 1860 66)
1512 1827 1656 1854 Poscunt
1680 1825 1858 1854 maioribus
1888 1833 1949 1860 po·
2008 1844 2012 1855 .

1152 1870 1272 1900 ‹:ulis.“
1304 1874 1336 1899 S.
1359 1887 1403 1890 ——
1430 1878 1510 1899 acer
1530 1870 1569 1899 cf.
1600 1870 1656 1908 to,
1681 1869 1760 1899 308.

1197 1916 1273 1945 616.
1301 1913 1464 1953 adversa,
1489 1917 1643 1951 opposita
1667 1915 1708 1944 ef.
1739 1914 1772 1953 1,
1798 1914 1876 1944 420.

1197 1962 1273 1990 617.
1301 1964 1399 1991 tanto
1437 1959 1581 1998 honore,
1615 1960 1851 2001 laetustquod
1885 1966 1949 1991 tam

1153 2008 1334 2042 magnificis
1352 2008 1446 2035 donis
1465 2010 1621 2035 honorem
1640 2006 1791 2041 accipiat.
1837 2009 1949 2036 Serv.:

1154 2062 1314 2089 ,Jnunera
1342 2054 1454 2088 divae,
1481 2055 1565 2087 Quod
1587 2052 1794 2081 manifestam
1823 2053 1950 2081 viderat.

1153 2104 1287 2127 mairem
1322 2104 1352 2127 et
1394 2101 1522 2134 plenam
1562 2098 1707 2127 numinis
1749 2095 1835 2126 sui.“
1883 2099 1950 2127 Alii

1153 2147 1308 2172 honorem
1346 2145 1508 2178 accipiunt
1544 2145 1583 2172 de
1620 2143 1859 2179 pulchritudine
1896 2151 1950 2173 ar-

1153 2198 1276 2219 morum
1301 2190 1341 2217 cf.
1372 2189 1404 2226 l,
1428 2189 1504 2217 591.

1198 2235 1274 2264 619.
1301 2233 1392 2264 inter
1416 2243 1559 2263 manue:
1585 2233 1633 2263 ef.
1660 2233 1690 2271 9,
1717 2232 1795 2262 502.
1813 2249 1857 2253 -
1876 2241 1952 2263 ver-

1152 2282 1207 2310 sat
1235 2286 1266 2308 ut
1294 2281 1331 2315 5,
1356 2279 1433 2308 403.

1195 2324 1459 2364 62stflammns
1505 2325 1714 2352 vomentem.-

1150 2372 1216 2410 leri
1243 2376 1271 2399 et
1311 2371 1450 2399 candido
1481 2371 1613 2398 metallo
1646 2369 1756 2406 cusis,

1150 2417 1242 2445 exire
1269 2418 1297 2444 si
1331 2416 1451 2449 fingunt
1480 2420 1615 2451 poetae,
1647 2422 1712 2443 non
1741 2418 1791 2443 est
1822 2415 1948 2452 mirum,

1150 2463 1208 2490 sed
1237 2463 1275 2489 ad
1301 2469 1406 2489 rerum
1432 2461 1578 2495 speciem
1598 2464 1832 2495 comparatum.
1879 2462 1947 2489 Ita-

1151 2515 1212 2541 que
1239 2507 1313 2535 inde
1340 2509 1378 2535 ab
1404 2508 1544 2535 Homero
1570 2508 1631 2534 hoc
1657 2506 1782 2534 dicitur.
1831 2505 1885 2534 Sic
1913 2507 1948 2533 11.

1150 2551 1186 2587 5,
1214 2551 1234 2580 4
1266 2545 1360 2581 Δαῖέ
1386 2546 1420 2580 οἱ
1446 2546 1484 2580 ἐκ
1506 2543 1672 2589 κόρυθός
1700 2557 1738 2579 τε
1761 2545 1822 2579 καὶ
1843 2542 1950 2579 εἰσπί-

1151 2593 1214 2631 δος
1240 2589 1430 2634 ἀκάματον
1463 2593 1548 2634 πῦρ.
1598 2595 1645 2625 Cf.
1685 2597 1766 2624 Aen.
1797 2594 1834 2632 8,
1870 2594 1948 2624 786.

1152 2644 1242 2676 Quod
1266 2642 1333 2670 fieri
1357 2643 1496 2678 videtur,
1522 2648 1641 2670 revera
1667 2640 1743 2670 fecit
1765 2641 1822 2670 ille
1838 2641 1948 2669 Domi-

1768 2325 1794 2352 Ε
1831 2323 1950 2361 galeis,

1802 2368 1950 2398 flammas

1151 2689 1215 2716 iius
1242 2696 1293 2722 ap.
1321 2690 1405 2716 [Ποῖ.
1428 2685 1466 2724 4,
1504 2685 1559 2722 12,
1601 2685 1638 2714 16
1663 2689 1756 2721 „Non
1782 2685 1949 2714 minimum
2006 2694 2009 2705 ι

1150 2734 1286 2761 terroris
1313 2733 1451 2761 incussit
1477 2732 1624 2760 barbaris
1648 2731 1808 2760 Domitius
1833 2735 1950 2759 centu·
2005 2744 2010 2751 ·

1151 2779 1217 2813 rio,
1248 2779 1330 2807 salis
1363 2780 1532 2811 barbarae,
1559 2777 1702 2805 efficasis
1731 2780 1838 2804 tamen
1861 2778 1949 2810 apud
2005 2782 2008 2788 ·

1152 2825 1240 2859 paris
1279 2824 1428 2851 homines
1465 2822 1676 2857 stoliditatis;

1719 2821 1772 2854 qui
1804 2821 1949 2851 foculum
2005 2837 2007 2842 ·

1151 2877 1271 2904 gerens
1299 2876 1399 2903 super
1425 2869 1605 2903 cassidem,
1639 2866 1832 2895 suscitatam
1861 2872 1948 2896 motu
2004 2875 2007 2887 ⁵

1151 2914 1300 2949 corporis
1344 2914 1504 2942 flammam
1546 2913 1633 2940 velut
1675 2912 1802 2940 ardenti
1841 2913 1950 2947 capite

1150 2958 1339 2988 fundemus*
1353 2974 1398 2978 —
1412 2959 1601 2987 vomentem
1619 2957 1731 2991 Msshc,
1757 2954 1949 2987 minantem
1996 2967 2007 2986 ,¹

1152 3007 1199 3044 Py
1214 3006 1305 3040 proh.
1325 3001 1400 3041 Rb„
1415 3001 1597 3032 micantem
1615 3002 1699 3030 coni.
1719 3004 1948 3032 E.110ffmann.
