<?xml version="1.0" encoding="UTF-8"?>
<!DOCTYPE html PUBLIC "-//W3C//DTD XHTML 1.0 Transitional//EN"
    "http://www.w3.org/TR/xhtml1/DTD/xhtml1-transitional.dtd">
<html xmlns="http://www.w3.org/1999/xhtml" xml:lang="en" lang="en">
 <head>
  <title>
</title>
<meta http-equiv="Content-Type" content="text/html;charset=utf-8" />
  <meta name='ocr-system' content='tesseract 3.04.00' />
  <meta name='ocr-capabilities' content='ocr_page ocr_carea ocr_par ocr_line ocrx_word'/>
</head>
<body>
  <div class='ocr_page' id='page_1' title='image "aeneisvi00virguoft_0042.png"; bbox 0 0 2044 3329; ppageno 0'>
   <div class='ocr_carea' id='block_1_1' title="bbox 209 91 259 130">
    <p class='ocr_par' dir='ltr' id='par_1_1' title="bbox 209 91 259 130">
     <span class='ocr_line' id='line_1_1' title="bbox 209 91 259 130; baseline -0.02 0"><span class='ocrx_word' id='word_1_1' title='bbox 209 91 259 130; x_wconf 83' lang='grc'>16</span> 
     </span>
    </p>
   </div>
   <div class='ocr_carea' id='block_1_2' title="bbox 205 197 1282 255">
    <p class='ocr_par' dir='ltr' id='par_1_2' title="bbox 205 197 1282 255">
     <span class='ocr_line' id='line_1_2' title="bbox 205 197 1282 255; baseline -0.005 -12"><span class='ocrx_word' id='word_1_2' title='bbox 205 201 468 255; x_wconf 82' lang='lat' dir='ltr'>Prospicicns</span> <span class='ocrx_word' id='word_1_3' title='bbox 501 199 666 253; x_wconf 81' lang='lat' dir='ltr'>genitor</span> <span class='ocrx_word' id='word_1_4' title='bbox 697 199 898 250; x_wconf 79' lang='lat' dir='ltr'>caeloque</span> <span class='ocrx_word' id='word_1_5' title='bbox 920 197 1110 238; x_wconf 84' lang='lat' dir='ltr'>invectus</span> <span class='ocrx_word' id='word_1_6' title='bbox 1134 200 1282 250; x_wconf 83' lang='lat' dir='ltr'>aperto</span> 
     </span>
    </p>
   </div>
   <div class='ocr_carea' id='block_1_3' title="bbox 772 85 1256 119">
    <p class='ocr_par' dir='ltr' id='par_1_3' title="bbox 772 85 1256 119">
     <span class='ocr_line' id='line_1_3' title="bbox 772 85 1256 119; baseline -0.004 0"><span class='ocrx_word' id='word_1_7' title='bbox 772 87 805 119; x_wconf 90' lang='lat' dir='ltr'>P.</span> <span class='ocrx_word' id='word_1_8' title='bbox 832 85 1025 119; x_wconf 72' lang='lat' dir='ltr'>VIRGtLtl</span> <span class='ocrx_word' id='word_1_9' title='bbox 1050 85 1256 119; x_wconf 75' lang='lat' dir='ltr'><strong>MARONIS</strong></span> 
     </span>
    </p>
   </div>
   <div class='ocr_carea' id='block_1_4' title="bbox 1740 196 1819 235">
    <p class='ocr_par' dir='ltr' id='par_1_4' title="bbox 1740 196 1819 235">
     <span class='ocr_line' id='line_1_4' title="bbox 1740 196 1819 235; baseline -0.013 0"><span class='ocrx_word' id='word_1_10' title='bbox 1740 196 1819 235; x_wconf 81' lang='lat'>155</span> 
     </span>
    </p>
   </div>
   <div class='ocr_carea' id='block_1_5' title="bbox 208 253 1382 478">
    <p class='ocr_par' dir='ltr' id='par_1_5' title="bbox 208 253 1358 311">
     <span class='ocr_line' id='line_1_5' title="bbox 208 253 1358 311; baseline -0.004 -11"><span class='ocrx_word' id='word_1_11' title='bbox 208 259 359 301; x_wconf 75' lang='lat' dir='ltr'>Flectit</span> <span class='ocrx_word' id='word_1_12' title='bbox 386 271 516 311; x_wconf 88' lang='lat' dir='ltr'>equos</span> <span class='ocrx_word' id='word_1_13' title='bbox 545 269 754 309; x_wconf 85' lang='lat' dir='ltr'>curruque</span> <span class='ocrx_word' id='word_1_14' title='bbox 778 254 923 295; x_wconf 83' lang='lat' dir='ltr'>volans</span> <span class='ocrx_word' id='word_1_15' title='bbox 948 253 1024 294; x_wconf 74' lang='lat' dir='ltr'>dat</span> <span class='ocrx_word' id='word_1_16' title='bbox 1045 253 1139 294; x_wconf 83' lang='lat' dir='ltr'>lora</span> <span class='ocrx_word' id='word_1_17' title='bbox 1162 253 1358 295; x_wconf 86' lang='lat' dir='ltr'>sec-undo.</span> 
     </span>
    </p>

    <p class='ocr_par' dir='ltr' id='par_1_6' title="bbox 209 310 1382 478">
     <span class='ocr_line' id='line_1_6' title="bbox 318 310 1382 364; baseline -0.005 -7"><span class='ocrx_word' id='word_1_18' title='bbox 318 314 481 357; x_wconf 77' lang='lat' dir='ltr'>Defessi</span> <span class='ocrx_word' id='word_1_19' title='bbox 503 313 725 355; x_wconf 77' lang='lat' dir='ltr'>Aeneadae</span> <span class='ocrx_word' id='word_1_20' title='bbox 757 324 865 364; x_wconf 78' lang='lat' dir='ltr'>quae</span> <span class='ocrx_word' id='word_1_21' title='bbox 888 310 1084 363; x_wconf 74' lang='lat' dir='ltr'>proxima</span> <span class='ocrx_word' id='word_1_22' title='bbox 1105 310 1232 352; x_wconf 81' lang='lat' dir='ltr'>litora</span> <span class='ocrx_word' id='word_1_23' title='bbox 1257 324 1382 353; x_wconf 86' lang='lat' dir='ltr'>cursu</span> 
     </span>
     <span class='ocr_line' id='line_1_7' title="bbox 210 367 1366 424; baseline -0.003 -10"><span class='ocrx_word' id='word_1_24' title='bbox 210 372 478 414; x_wconf 81' lang='lat' dir='ltr'>Contendunt</span> <span class='ocrx_word' id='word_1_25' title='bbox 506 375 664 424; x_wconf 84' lang='lat' dir='ltr'>petere,</span> <span class='ocrx_word' id='word_1_26' title='bbox 691 373 732 410; x_wconf 81' lang='lat' dir='ltr'>et</span> <span class='ocrx_word' id='word_1_27' title='bbox 755 367 911 420; x_wconf 76' lang='lat' dir='ltr'>Libyae</span> <span class='ocrx_word' id='word_1_28' title='bbox 933 369 1156 408; x_wconf 81' lang='lat' dir='ltr'>vertuntur</span> <span class='ocrx_word' id='word_1_29' title='bbox 1180 367 1235 408; x_wconf 82' lang='lat' dir='ltr'>ad</span> <span class='ocrx_word' id='word_1_30' title='bbox 1259 382 1366 410; x_wconf 85' lang='lat' dir='ltr'>oras.</span> 
     </span>
     <span class='ocr_line' id='line_1_8' title="bbox 209 423 1221 478; baseline -0.008 -6"><span class='ocrx_word' id='word_1_31' title='bbox 209 431 286 472; x_wconf 68' lang='lat' dir='ltr'>Est</span> <span class='ocrx_word' id='word_1_32' title='bbox 310 430 352 470; x_wconf 89' lang='lat' dir='ltr'>in</span> <span class='ocrx_word' id='word_1_33' title='bbox 377 442 541 471; x_wconf 86' lang='lat' dir='ltr'>secessu</span> <span class='ocrx_word' id='word_1_34' title='bbox 565 427 692 478; x_wconf 77' lang='lat' dir='ltr'>longo</span> <span class='ocrx_word' id='word_1_35' title='bbox 716 425 856 465; x_wconf 86' lang='lat' dir='ltr'>locus:</span> <span class='ocrx_word' id='word_1_36' title='bbox 886 423 1025 465; x_wconf 75' lang='lat' dir='ltr'>insula</span> <span class='ocrx_word' id='word_1_37' title='bbox 1051 427 1221 476; x_wconf 87' lang='lat' dir='ltr'>portum</span> 
     </span>
    </p>
   </div>
   <div class='ocr_carea' id='block_1_6' title="bbox 210 480 1317 534">
    <p class='ocr_par' dir='ltr' id='par_1_7' title="bbox 210 480 1317 534">
     <span class='ocr_line' id='line_1_9' title="bbox 210 480 1317 534; baseline -0.006 -6"><span class='ocrx_word' id='word_1_38' title='bbox 210 487 350 528; x_wconf 82' lang='lat' dir='ltr'>Efficit</span> <span class='ocrx_word' id='word_1_39' title='bbox 379 486 548 527; x_wconf 84' lang='lat' dir='ltr'>obiectu</span> <span class='ocrx_word' id='word_1_40' title='bbox 578 484 777 531; x_wconf 74' lang='lat' dir='ltr'>laterum,</span> <span class='ocrx_word' id='word_1_41' title='bbox 808 480 961 534; x_wconf 87' lang='lat' dir='ltr'>quibus</span> <span class='ocrx_word' id='word_1_42' title='bbox 989 481 1123 521; x_wconf 89' lang='lat' dir='ltr'>omnis</span> <span class='ocrx_word' id='word_1_43' title='bbox 1150 480 1204 522; x_wconf 86' lang='lat' dir='ltr'>ab</span> <span class='ocrx_word' id='word_1_44' title='bbox 1229 480 1317 522; x_wconf 80' lang='lat' dir='ltr'>alto</span> 
     </span>
    </p>
   </div>
   <div class='ocr_carea' id='block_1_7' title="bbox 1745 479 1824 518">
    <p class='ocr_par' dir='ltr' id='par_1_8' title="bbox 1745 479 1824 518">
     <span class='ocr_line' id='line_1_10' title="bbox 1745 479 1824 518; baseline 0 0"><span class='ocrx_word' id='word_1_45' title='bbox 1745 479 1824 518; x_wconf 86' lang='lat'>160</span> 
     </span>
    </p>
   </div>
   <div class='ocr_carea' id='block_1_8' title="bbox 209 537 1433 653">
    <p class='ocr_par' dir='ltr' id='par_1_9' title="bbox 209 537 1433 653">
     <span class='ocr_line' id='line_1_11' title="bbox 209 537 1403 597; baseline -0.007 -11"><span class='ocrx_word' id='word_1_46' title='bbox 209 543 437 597; x_wconf 78' lang='lat' dir='ltr'>Frangitur</span> <span class='ocrx_word' id='word_1_47' title='bbox 463 542 589 594; x_wconf 87' lang='lat' dir='ltr'>inque</span> <span class='ocrx_word' id='word_1_48' title='bbox 620 540 735 580; x_wconf 83' lang='lat' dir='ltr'>sinus</span> <span class='ocrx_word' id='word_1_49' title='bbox 762 537 917 579; x_wconf 78' lang='lat' dir='ltr'>scindit</span> <span class='ocrx_word' id='word_1_50' title='bbox 941 551 1031 578; x_wconf 88' lang='lat' dir='ltr'>sese</span> <span class='ocrx_word' id='word_1_51' title='bbox 1053 537 1168 579; x_wconf 82' lang='lat' dir='ltr'>unda</span> <span class='ocrx_word' id='word_1_52' title='bbox 1193 537 1403 579; x_wconf 85' lang='lat' dir='ltr'>reductos.</span> 
     </span>
     <span class='ocr_line' id='line_1_12' title="bbox 210 595 1433 653; baseline -0.007 -10"><span class='ocrx_word' id='word_1_53' title='bbox 210 601 317 642; x_wconf 87' lang='lat' dir='ltr'>Hinc</span> <span class='ocrx_word' id='word_1_54' title='bbox 349 604 476 653; x_wconf 84' lang='lat' dir='ltr'>atque</span> <span class='ocrx_word' id='word_1_55' title='bbox 503 598 599 638; x_wconf 86' lang='lat' dir='ltr'>hinc</span> <span class='ocrx_word' id='word_1_56' title='bbox 628 599 774 637; x_wconf 77' lang='lat' dir='ltr'>vastae</span> <span class='ocrx_word' id='word_1_57' title='bbox 802 609 927 649; x_wconf 86' lang='lat' dir='ltr'>rupes</span> <span class='ocrx_word' id='word_1_58' title='bbox 955 595 1191 648; x_wconf 81' lang='lat' dir='ltr'>geminique</span> <span class='ocrx_word' id='word_1_59' title='bbox 1218 595 1433 636; x_wconf 80' lang='lat' dir='ltr'>minantur</span> 
     </span>
    </p>
   </div>
   <div class='ocr_carea' id='block_1_9' title="bbox 208 722 1003 1947">
    <p class='ocr_par' dir='ltr' id='par_1_10' title="bbox 208 722 1003 1947">
     <span class='ocr_line' id='line_1_13' title="bbox 258 722 994 759; baseline -0.008 -2"><span class='ocrx_word' id='word_1_60' title='bbox 258 727 330 757; x_wconf 80' lang='lat'>155.</span> <span class='ocrx_word' id='word_1_61' title='bbox 362 723 503 755; x_wconf 84' lang='lat' dir='ltr'>Genitor</span> <span class='ocrx_word' id='word_1_62' title='bbox 533 727 702 759; x_wconf 73' lang='lat' dir='ltr'>Neptunus</span> <span class='ocrx_word' id='word_1_63' title='bbox 735 724 850 752; x_wconf 84' lang='lat' dir='ltr'>dicitur</span> <span class='ocrx_word' id='word_1_64' title='bbox 897 729 926 751; x_wconf 85' lang='lat' dir='ltr'>ut</span> <span class='ocrx_word' id='word_1_65' title='bbox 963 722 994 758; x_wconf 98' lang='lat'>5,</span> 
     </span>
     <span class='ocr_line' id='line_1_14' title="bbox 208 766 994 811; baseline -0.008 -9"><span class='ocrx_word' id='word_1_66' title='bbox 208 774 291 807; x_wconf 77' lang='lat' dir='ltr'>8t7,</span> <span class='ocrx_word' id='word_1_67' title='bbox 322 778 351 800; x_wconf 85' lang='lat' dir='ltr'>et</span> <span class='ocrx_word' id='word_1_68' title='bbox 381 768 520 811; x_wconf 82' lang='lat' dir='ltr'>genitor</span> <span class='ocrx_word' id='word_1_69' title='bbox 546 767 715 808; x_wconf 66' lang='lat' dir='ltr'>profundi</span> <span class='ocrx_word' id='word_1_70' title='bbox 741 771 800 798; x_wconf 81' lang='lat' dir='ltr'>Ov.</span> <span class='ocrx_word' id='word_1_71' title='bbox 831 772 906 798; x_wconf 82' lang='lat' dir='ltr'>Met.</span> <span class='ocrx_word' id='word_1_72' title='bbox 944 766 994 804; x_wconf 91' lang='lat'>11,</span> 
     </span>
     <span class='ocr_line' id='line_1_15' title="bbox 208 812 996 854; baseline -0.008 -7"><span class='ocrx_word' id='word_1_73' title='bbox 208 818 276 847; x_wconf 76' lang='lat'>202</span> <span class='ocrx_word' id='word_1_74' title='bbox 304 824 332 846; x_wconf 87' lang='lat' dir='ltr'>et</span> <span class='ocrx_word' id='word_1_75' title='bbox 357 821 435 845; x_wconf 85' lang='lat' dir='ltr'>Stat.</span> <span class='ocrx_word' id='word_1_76' title='bbox 458 815 577 844; x_wconf 78' lang='lat' dir='ltr'>Achill.</span> <span class='ocrx_word' id='word_1_77' title='bbox 610 814 642 850; x_wconf 94' lang='grc'>1,</span> <span class='ocrx_word' id='word_1_78' title='bbox 667 814 705 842; x_wconf 88' lang='grc'>61</span> <span class='ocrx_word' id='word_1_79' title='bbox 743 823 760 842; x_wconf 88' lang='lat' dir='ltr'>o</span> <span class='ocrx_word' id='word_1_80' title='bbox 785 812 908 854; x_wconf 72' lang='lat' dir='ltr'>magui</span> <span class='ocrx_word' id='word_1_81' title='bbox 933 822 996 853; x_wconf 70' lang='lat' dir='ltr'>gc-</span> 
     </span>
     <span class='ocr_line' id='line_1_16' title="bbox 209 857 994 900; baseline -0.008 -7"><span class='ocrx_word' id='word_1_82' title='bbox 209 862 300 892; x_wconf 78' lang='lat' dir='ltr'>nitor</span> <span class='ocrx_word' id='word_1_83' title='bbox 332 864 506 900; x_wconf 77' lang='lat' dir='ltr'>rectorque</span> <span class='ocrx_word' id='word_1_84' title='bbox 533 857 712 900; x_wconf 82' lang='lat' dir='ltr'>profundi.</span> <span class='ocrx_word' id='word_1_85' title='bbox 769 861 832 888; x_wconf 86' lang='lat' dir='ltr'>Sed</span> <span class='ocrx_word' id='word_1_86' title='bbox 866 860 994 888; x_wconf 89' lang='lat' dir='ltr'>omnino</span> 
     </span>
     <span class='ocr_line' id='line_1_17' title="bbox 209 904 996 944; baseline -0.008 -6"><span class='ocrx_word' id='word_1_87' title='bbox 209 912 377 944; x_wconf 76' lang='lat' dir='ltr'>Neptunus</span> <span class='ocrx_word' id='word_1_88' title='bbox 410 907 535 941; x_wconf 82' lang='lat' dir='ltr'>genitor</span> <span class='ocrx_word' id='word_1_89' title='bbox 567 911 597 934; x_wconf 81' lang='lat' dir='ltr'>et</span> <span class='ocrx_word' id='word_1_90' title='bbox 627 910 718 940; x_wconf 83' lang='lat' dir='ltr'>pater</span> <span class='ocrx_word' id='word_1_91' title='bbox 748 905 805 941; x_wconf 87' lang='lat'>(5,</span> <span class='ocrx_word' id='word_1_92' title='bbox 842 904 900 940; x_wconf 77' lang='lat'>14)</span> <span class='ocrx_word' id='word_1_93' title='bbox 935 913 996 933; x_wconf 84' lang='lat' dir='ltr'>vo·-</span> 
     </span>
     <span class='ocr_line' id='line_1_18' title="bbox 210 952 993 989; baseline -0.006 -6"><span class='ocrx_word' id='word_1_94' title='bbox 210 960 316 989; x_wconf 84' lang='lat' dir='ltr'>catur,</span> <span class='ocrx_word' id='word_1_95' title='bbox 344 958 375 982; x_wconf 82' lang='lat' dir='ltr'>ut</span> <span class='ocrx_word' id='word_1_96' title='bbox 400 953 442 980; x_wconf 91' lang='lat' dir='ltr'>dii</span> <span class='ocrx_word' id='word_1_97' title='bbox 466 960 579 980; x_wconf 87' lang='lat' dir='ltr'>omnes</span> <span class='ocrx_word' id='word_1_98' title='bbox 606 956 714 986; x_wconf 86' lang='lat' dir='ltr'>patres</span> <span class='ocrx_word' id='word_1_99' title='bbox 741 952 905 986; x_wconf 87' lang='lat' dir='ltr'>dicuutur,</span> <span class='ocrx_word' id='word_1_100' title='bbox 931 958 993 985; x_wconf 80' lang='lat' dir='ltr'>quo</span> 
     </span>
     <span class='ocr_line' id='line_1_19' title="bbox 210 997 994 1029; baseline -0.006 0"><span class='ocrx_word' id='word_1_101' title='bbox 210 1000 338 1029; x_wconf 87' lang='lat' dir='ltr'>nomine</span> <span class='ocrx_word' id='word_1_102' title='bbox 378 997 525 1026; x_wconf 84' lang='lat' dir='ltr'>homines</span> <span class='ocrx_word' id='word_1_103' title='bbox 572 1005 631 1025; x_wconf 89' lang='lat' dir='ltr'>eos</span> <span class='ocrx_word' id='word_1_104' title='bbox 677 1002 883 1025; x_wconf 80' lang='lat' dir='ltr'>venerantur.</span> <span class='ocrx_word' id='word_1_105' title='bbox 945 997 994 1024; x_wconf 87' lang='lat' dir='ltr'>Ita</span> 
     </span>
     <span class='ocr_line' id='line_1_20' title="bbox 209 1042 993 1079; baseline -0.008 -4"><span class='ocrx_word' id='word_1_106' title='bbox 209 1047 241 1075; x_wconf 87' lang='lat' dir='ltr'>in</span> <span class='ocrx_word' id='word_1_107' title='bbox 289 1044 434 1074; x_wconf 78' lang='lat' dir='ltr'>Aeneide</span> <span class='ocrx_word' id='word_1_108' title='bbox 479 1045 585 1079; x_wconf 75' lang='lat' dir='ltr'>Mars,</span> <span class='ocrx_word' id='word_1_109' title='bbox 635 1043 772 1077; x_wconf 75' lang='lat' dir='ltr'>Apollo,</span> <span class='ocrx_word' id='word_1_110' title='bbox 820 1042 993 1070; x_wconf 84' lang='lat' dir='ltr'>Tiberinus</span> 
     </span>
     <span class='ocr_line' id='line_1_21' title="bbox 210 1084 994 1126; baseline -0.006 -7"><span class='ocrx_word' id='word_1_111' title='bbox 210 1100 249 1119; x_wconf 87' lang='lat' dir='ltr'>eo</span> <span class='ocrx_word' id='word_1_112' title='bbox 279 1090 408 1119; x_wconf 89' lang='lat' dir='ltr'>nomine</span> <span class='ocrx_word' id='word_1_113' title='bbox 443 1089 647 1116; x_wconf 70' lang='lat' dir='ltr'>invocantur.</span> <span class='ocrx_word' id='word_1_114' title='bbox 677 1103 721 1107; x_wconf 86' lang='lat'><strong>—</strong></span> <span class='ocrx_word' id='word_1_115' title='bbox 747 1084 841 1115; x_wconf 81' lang='lat' dir='ltr'>caelo</span> <span class='ocrx_word' id='word_1_116' title='bbox 875 1089 994 1126; x_wconf 81' lang='lat' dir='ltr'>aperto</span> 
     </span>
     <span class='ocr_line' id='line_1_22' title="bbox 210 1129 993 1171; baseline -0.006 -6"><span class='ocrx_word' id='word_1_117' title='bbox 210 1138 274 1166; x_wconf 87' lang='lat' dir='ltr'>abl.</span> <span class='ocrx_word' id='word_1_118' title='bbox 314 1134 471 1169; x_wconf 75' lang='lat' dir='ltr'>temporis</span> <span class='ocrx_word' id='word_1_119' title='bbox 520 1130 595 1170; x_wconf 85' lang='lat' dir='ltr'>(bei</span> <span class='ocrx_word' id='word_1_120' title='bbox 636 1130 762 1171; x_wconf 87' lang='lat' dir='ltr'>freiem</span> <span class='ocrx_word' id='word_1_121' title='bbox 805 1129 993 1170; x_wconf 85' lang='lat' dir='ltr'>Himmel);</span> 
     </span>
     <span class='ocr_line' id='line_1_23' title="bbox 210 1178 994 1214; baseline -0.008 -3"><span class='ocrx_word' id='word_1_122' title='bbox 210 1182 347 1211; x_wconf 88' lang='lat' dir='ltr'>nubibus</span> <span class='ocrx_word' id='word_1_123' title='bbox 396 1188 459 1208; x_wconf 86' lang='lat' dir='ltr'>non</span> <span class='ocrx_word' id='word_1_124' title='bbox 506 1180 661 1214; x_wconf 85' lang='lat' dir='ltr'>obducto,</span> <span class='ocrx_word' id='word_1_125' title='bbox 714 1185 844 1206; x_wconf 88' lang='lat' dir='ltr'>sereno.</span> <span class='ocrx_word' id='word_1_126' title='bbox 914 1178 994 1206; x_wconf 69' lang='lat' dir='ltr'>Vide</span> 
     </span>
     <span class='ocr_line' id='line_1_24' title="bbox 209 1220 996 1262; baseline -0.006 -7"><span class='ocrx_word' id='word_1_127' title='bbox 209 1228 248 1262; x_wconf 84' lang='lat'>5,</span> <span class='ocrx_word' id='word_1_128' title='bbox 283 1225 359 1254; x_wconf 81' lang='lat'>212.</span> <span class='ocrx_word' id='word_1_129' title='bbox 398 1240 442 1244; x_wconf 90' lang='lat'>—</span> <span class='ocrx_word' id='word_1_130' title='bbox 479 1221 636 1253; x_wconf 57' lang='lat' dir='ltr'>lavo-ctus</span> <span class='ocrx_word' id='word_1_131' title='bbox 679 1220 766 1259; x_wconf 82' lang='lat' dir='ltr'>(uon</span> <span class='ocrx_word' id='word_1_132' title='bbox 797 1220 996 1261; x_wconf 78' lang='lat' dir='ltr'>scierlicher</span> 
     </span>
     <span class='ocr_line' id='line_1_25' title="bbox 213 1267 996 1310; baseline -0.008 -9"><span class='ocrx_word' id='word_1_133' title='bbox 213 1268 424 1310; x_wconf 75' lang='lat' dir='ltr'>Aitffahrt),</span> <span class='ocrx_word' id='word_1_134' title='bbox 460 1270 503 1299; x_wconf 85' lang='lat' dir='ltr'>ita</span> <span class='ocrx_word' id='word_1_135' title='bbox 534 1270 663 1297; x_wconf 81' lang='lat' dir='ltr'>Aurora</span> <span class='ocrx_word' id='word_1_136' title='bbox 705 1267 760 1301; x_wconf 79' lang='lat'>12,</span> <span class='ocrx_word' id='word_1_137' title='bbox 798 1268 882 1305; x_wconf 73' lang='lat'>277,</span> <span class='ocrx_word' id='word_1_138' title='bbox 914 1270 996 1298; x_wconf 89' lang='lat' dir='ltr'>Cae—</span> 
     </span>
     <span class='ocr_line' id='line_1_26' title="bbox 212 1312 902 1351; baseline -0.009 -5"><span class='ocrx_word' id='word_1_139' title='bbox 212 1325 268 1347; x_wconf 86' lang='lat' dir='ltr'>sar</span> <span class='ocrx_word' id='word_1_140' title='bbox 319 1317 478 1350; x_wconf 83' lang='lat' dir='ltr'>triumpho</span> <span class='ocrx_word' id='word_1_141' title='bbox 534 1314 696 1342; x_wconf 82' lang='lat' dir='ltr'>invehitur</span> <span class='ocrx_word' id='word_1_142' title='bbox 741 1313 779 1351; x_wconf 88' lang='lat'>8,</span> <span class='ocrx_word' id='word_1_143' title='bbox 827 1312 902 1341; x_wconf 74' lang='lat'>714.</span> 
     </span>
     <span class='ocr_line' id='line_1_27' title="bbox 211 1358 999 1397; baseline -0.006 -5"><span class='ocrx_word' id='word_1_144' title='bbox 211 1363 292 1397; x_wconf 83' lang='lat' dir='ltr'>Equi</span> <span class='ocrx_word' id='word_1_145' title='bbox 316 1361 455 1396; x_wconf 76' lang='lat' dir='ltr'>Neptuni</span> <span class='ocrx_word' id='word_1_146' title='bbox 479 1363 696 1388; x_wconf 86' lang='lat' dir='ltr'>memorantur</span> <span class='ocrx_word' id='word_1_147' title='bbox 726 1359 821 1387; x_wconf 85' lang='lat' dir='ltr'>etiam</span> <span class='ocrx_word' id='word_1_148' title='bbox 852 1358 889 1395; x_wconf 80' lang='lat'>5,</span> <span class='ocrx_word' id='word_1_149' title='bbox 920 1358 999 1387; x_wconf 84' lang='lat'>817.</span> 
     </span>
     <span class='ocr_line' id='line_1_28' title="bbox 212 1401 998 1444; baseline -0.006 -8"><span class='ocrx_word' id='word_1_150' title='bbox 212 1410 248 1436; x_wconf 91' lang='lat' dir='ltr'>Il.</span> <span class='ocrx_word' id='word_1_151' title='bbox 291 1405 346 1444; x_wconf 86' lang='lat'>13,</span> <span class='ocrx_word' id='word_1_152' title='bbox 386 1405 440 1434; x_wconf 80' lang='lat'>23.</span> <span class='ocrx_word' id='word_1_153' title='bbox 483 1420 527 1425; x_wconf 89' lang='lat'>—-</span> <span class='ocrx_word' id='word_1_154' title='bbox 568 1412 669 1433; x_wconf 80' lang='lat' dir='ltr'>curru</span> <span class='ocrx_word' id='word_1_155' title='bbox 710 1401 873 1440; x_wconf 78' lang='lat' dir='ltr'>secundo,</span> <span class='ocrx_word' id='word_1_156' title='bbox 911 1404 931 1432; x_wconf 89' lang='grc'>1.</span> <span class='ocrx_word' id='word_1_157' title='bbox 971 1412 998 1432; x_wconf 86' lang='lat' dir='ltr'>e.</span> 
     </span>
     <span class='ocr_line' id='line_1_29' title="bbox 211 1449 999 1486; baseline -0.006 -4"><span class='ocrx_word' id='word_1_158' title='bbox 211 1453 313 1482; x_wconf 83' lang='lat' dir='ltr'>celeri</span> <span class='ocrx_word' id='word_1_159' title='bbox 337 1453 391 1480; x_wconf 90' lang='lat' dir='ltr'>vel</span> <span class='ocrx_word' id='word_1_160' title='bbox 417 1460 475 1486; x_wconf 86' lang='lat' dir='ltr'>eo,</span> <span class='ocrx_word' id='word_1_161' title='bbox 511 1450 564 1484; x_wconf 86' lang='lat' dir='ltr'>qui</span> <span class='ocrx_word' id='word_1_162' title='bbox 591 1449 687 1478; x_wconf 80' lang='lat' dir='ltr'>facite</span> <span class='ocrx_word' id='word_1_163' title='bbox 713 1457 814 1484; x_wconf 85' lang='lat' dir='ltr'>equos</span> <span class='ocrx_word' id='word_1_164' title='bbox 842 1450 999 1485; x_wconf 84' lang='lat' dir='ltr'>sequitur,</span> 
     </span>
     <span class='ocr_line' id='line_1_30' title="bbox 212 1492 1000 1534; baseline -0.008 -6"><span class='ocrx_word' id='word_1_165' title='bbox 212 1499 437 1534; x_wconf 79' lang='lat' dir='ltr'>significatque</span> <span class='ocrx_word' id='word_1_166' title='bbox 468 1496 551 1524; x_wconf 88' lang='lat' dir='ltr'>idem</span> <span class='ocrx_word' id='word_1_167' title='bbox 585 1496 669 1529; x_wconf 85' lang='lat' dir='ltr'>quod</span> <span class='ocrx_word' id='word_1_168' title='bbox 703 1494 762 1523; x_wconf 76' lang='lat'>147</span> <span class='ocrx_word' id='word_1_169' title='bbox 797 1500 846 1523; x_wconf 81' lang='lat' dir='ltr'>est</span> <span class='ocrx_word' id='word_1_170' title='bbox 869 1492 1000 1523; x_wconf 83' lang='lat' dir='ltr'>levibus</span> 
     </span>
     <span class='ocr_line' id='line_1_31' title="bbox 211 1540 1002 1583; baseline -0.006 -10"><span class='ocrx_word' id='word_1_171' title='bbox 211 1542 308 1573; x_wconf 81' lang='lat' dir='ltr'>rotis.</span> <span class='ocrx_word' id='word_1_172' title='bbox 354 1540 437 1583; x_wconf 82' lang='lat' dir='ltr'>Wg.</span> <span class='ocrx_word' id='word_1_173' title='bbox 463 1542 605 1570; x_wconf 77' lang='lat' dir='ltr'>dativum</span> <span class='ocrx_word' id='word_1_174' title='bbox 629 1548 707 1569; x_wconf 87' lang='lat' dir='ltr'>esse</span> <span class='ocrx_word' id='word_1_175' title='bbox 725 1541 821 1569; x_wconf 82' lang='lat' dir='ltr'>sumit</span> <span class='ocrx_word' id='word_1_176' title='bbox 847 1545 876 1568; x_wconf 89' lang='lat' dir='ltr'>et</span> <span class='ocrx_word' id='word_1_177' title='bbox 901 1540 1002 1575; x_wconf 86' lang='lat' dir='ltr'>iungit</span> 
     </span>
     <span class='ocr_line' id='line_1_32' title="bbox 214 1583 1002 1618; baseline -0.006 0"><span class='ocrx_word' id='word_1_178' title='bbox 214 1587 288 1618; x_wconf 88' lang='lat' dir='ltr'>lora</span> <span class='ocrx_word' id='word_1_179' title='bbox 313 1586 396 1617; x_wconf 81' lang='lat' dir='ltr'>dare</span> <span class='ocrx_word' id='word_1_180' title='bbox 417 1584 544 1616; x_wconf 84' lang='lat' dir='ltr'>currui.</span> <span class='ocrx_word' id='word_1_181' title='bbox 603 1583 692 1615; x_wconf 87' lang='lat' dir='ltr'>Lora</span> <span class='ocrx_word' id='word_1_182' title='bbox 712 1583 796 1614; x_wconf 77' lang='lat' dir='ltr'>dare</span> <span class='ocrx_word' id='word_1_183' title='bbox 818 1590 868 1614; x_wconf 78' lang='lat' dir='ltr'>est</span> <span class='ocrx_word' id='word_1_184' title='bbox 893 1587 1002 1613; x_wconf 78' lang='lat' dir='ltr'>remit-</span> 
     </span>
     <span class='ocr_line' id='line_1_33' title="bbox 213 1631 1002 1667; baseline -0.006 -4"><span class='ocrx_word' id='word_1_185' title='bbox 213 1640 292 1663; x_wconf 83' lang='lat' dir='ltr'>tere.</span> <span class='ocrx_word' id='word_1_186' title='bbox 343 1635 455 1667; x_wconf 83' lang='lat' dir='ltr'>Itaque</span> <span class='ocrx_word' id='word_1_187' title='bbox 485 1639 599 1660; x_wconf 89' lang='lat' dir='ltr'>currus</span> <span class='ocrx_word' id='word_1_188' title='bbox 633 1635 765 1666; x_wconf 83' lang='lat' dir='ltr'>cuperet</span> <span class='ocrx_word' id='word_1_189' title='bbox 799 1631 927 1659; x_wconf 83' lang='lat' dir='ltr'>volare!</span> <span class='ocrx_word' id='word_1_190' title='bbox 957 1647 1002 1651; x_wconf 80' lang='lat'>——</span> 
     </span>
     <span class='ocr_line' id='line_1_34' title="bbox 214 1675 1003 1717; baseline -0.006 -8"><span class='ocrx_word' id='word_1_191' title='bbox 214 1677 546 1717; x_wconf 76' lang='lat' dir='ltr'>cecidit-postquam</span> <span class='ocrx_word' id='word_1_192' title='bbox 576 1675 700 1715; x_wconf 79' lang='lat' dir='ltr'>flectit.</span> <span class='ocrx_word' id='word_1_193' title='bbox 753 1678 919 1705; x_wconf 84' lang='lat' dir='ltr'>Praesens</span> <span class='ocrx_word' id='word_1_194' title='bbox 952 1677 1003 1705; x_wconf 88' lang='grc'>111-</span> 
     </span>
     <span class='ocr_line' id='line_1_35' title="bbox 214 1722 1002 1758; baseline -0.006 -4"><span class='ocrx_word' id='word_1_195' title='bbox 214 1725 369 1755; x_wconf 90' lang='lat' dir='ltr'>storicum</span> <span class='ocrx_word' id='word_1_196' title='bbox 388 1731 485 1758; x_wconf 80' lang='lat' dir='ltr'>quum</span> <span class='ocrx_word' id='word_1_197' title='bbox 501 1723 539 1752; x_wconf 84' lang='lat' dir='ltr'>sit</span> <span class='ocrx_word' id='word_1_198' title='bbox 560 1731 616 1757; x_wconf 92' lang='lat' dir='ltr'>pro</span> <span class='ocrx_word' id='word_1_199' title='bbox 632 1722 786 1757; x_wconf 82' lang='lat' dir='ltr'>perfecto,</span> <span class='ocrx_word' id='word_1_200' title='bbox 807 1723 882 1750; x_wconf 79' lang='lat' dir='ltr'>licet</span> <span class='ocrx_word' id='word_1_201' title='bbox 905 1722 1002 1750; x_wconf 86' lang='lat' dir='ltr'>etiam</span> 
     </span>
     <span class='ocr_line' id='line_1_36' title="bbox 214 1768 1001 1808; baseline -0.006 -8"><span class='ocrx_word' id='word_1_202' title='bbox 214 1779 286 1800; x_wconf 89' lang='lat' dir='ltr'>cum</span> <span class='ocrx_word' id='word_1_203' title='bbox 323 1770 482 1805; x_wconf 87' lang='lat' dir='ltr'>particula</span> <span class='ocrx_word' id='word_1_204' title='bbox 515 1770 696 1808; x_wconf 77' lang='lat' dir='ltr'>postquam</span> <span class='ocrx_word' id='word_1_205' title='bbox 731 1768 882 1803; x_wconf 87' lang='lat' dir='ltr'>iungere,</span> <span class='ocrx_word' id='word_1_206' title='bbox 928 1769 1001 1796; x_wconf 81' lang='lat' dir='ltr'>sive</span> 
     </span>
     <span class='ocr_line' id='line_1_37' title="bbox 214 1813 1002 1849; baseline -0.006 -3"><span class='ocrx_word' id='word_1_207' title='bbox 214 1818 245 1846; x_wconf 87' lang='lat' dir='ltr'>in</span> <span class='ocrx_word' id='word_1_208' title='bbox 270 1816 435 1844; x_wconf 81' lang='lat' dir='ltr'>enuntiato</span> <span class='ocrx_word' id='word_1_209' title='bbox 461 1813 636 1849; x_wconf 88' lang='lat' dir='ltr'>perfectum</span> <span class='ocrx_word' id='word_1_210' title='bbox 663 1817 729 1848; x_wconf 85' lang='lat' dir='ltr'>est,</span> <span class='ocrx_word' id='word_1_211' title='bbox 766 1818 798 1842; x_wconf 84' lang='lat' dir='ltr'>ut</span> <span class='ocrx_word' id='word_1_212' title='bbox 821 1815 850 1841; x_wconf 87' lang='grc'>11.</span> <span class='ocrx_word' id='word_1_213' title='bbox 880 1815 900 1841; x_wconf 93' lang='lat' dir='ltr'>l.</span> <span class='ocrx_word' id='word_1_214' title='bbox 928 1814 1002 1842; x_wconf 77' lang='lat' dir='ltr'>sive</span> 
     </span>
     <span class='ocr_line' id='line_1_38' title="bbox 215 1857 1002 1898; baseline -0.005 -7"><span class='ocrx_word' id='word_1_215' title='bbox 215 1869 376 1898; x_wconf 81' lang='lat' dir='ltr'>praesens</span> <span class='ocrx_word' id='word_1_216' title='bbox 415 1859 604 1888; x_wconf 87' lang='lat' dir='ltr'>historicum</span> <span class='ocrx_word' id='word_1_217' title='bbox 634 1862 664 1886; x_wconf 90' lang='lat' dir='ltr'>ut</span> <span class='ocrx_word' id='word_1_218' title='bbox 704 1857 761 1893; x_wconf 86' lang='lat'>12,</span> <span class='ocrx_word' id='word_1_219' title='bbox 796 1858 872 1886; x_wconf 89' lang='grc'><strong>861.</strong></span> <span class='ocrx_word' id='word_1_220' title='bbox 908 1860 1002 1896; x_wconf 76' lang='lat' dir='ltr'>post-</span> 
     </span>
     <span class='ocr_line' id='line_1_39' title="bbox 215 1902 1001 1947; baseline -0.006 -11"><span class='ocrx_word' id='word_1_221' title='bbox 215 1915 315 1947; x_wconf 78' lang='lat' dir='ltr'>quam</span> <span class='ocrx_word' id='word_1_222' title='bbox 336 1903 430 1935; x_wconf 81' lang='lat' dir='ltr'>videt</span> <span class='ocrx_word' id='word_1_223' title='bbox 445 1903 584 1943; x_wconf 81' lang='lat' dir='ltr'>—fert.</span> <span class='ocrx_word' id='word_1_224' title='bbox 620 1903 661 1932; x_wconf 81' lang='lat' dir='ltr'>cf.</span> <span class='ocrx_word' id='word_1_225' title='bbox 676 1906 728 1933; x_wconf 88' lang='lat' dir='ltr'>Gr.</span> <span class='ocrx_word' id='word_1_226' title='bbox 751 1903 772 1938; x_wconf 76' lang='lat' dir='ltr'>S</span> <span class='ocrx_word' id='word_1_227' title='bbox 795 1902 870 1939; x_wconf 74' lang='lat'>464,</span> <span class='ocrx_word' id='word_1_228' title='bbox 892 1905 955 1932; x_wconf 83' lang='lat' dir='ltr'>An.</span> <span class='ocrx_word' id='word_1_229' title='bbox 971 1903 1001 1931; x_wconf 83' lang='lat'>3.</span> 
     </span>
    </p>
   </div>
   <div class='ocr_carea' id='block_1_10' title="bbox 218 1977 1002 2066">
    <p class='ocr_par' dir='ltr' id='par_1_11' title="bbox 218 1977 1002 2066">
     <span class='ocr_line' id='line_1_40' title="bbox 218 1977 1002 2014; baseline -0.004 -1"><span class='ocrx_word' id='word_1_230' title='bbox 218 1981 430 2014; x_wconf 71' lang='lat'>157—179.</span> <span class='ocrx_word' id='word_1_231' title='bbox 492 1979 631 2011; x_wconf 83' lang='lat' dir='ltr'>Troiani</span> <span class='ocrx_word' id='word_1_232' title='bbox 677 1978 719 2010; x_wconf 86' lang='lat' dir='ltr'>ad</span> <span class='ocrx_word' id='word_1_233' title='bbox 764 1982 888 2010; x_wconf 84' lang='lat' dir='ltr'>terram</span> <span class='ocrx_word' id='word_1_234' title='bbox 935 1977 1002 2011; x_wconf 88' lang='lat' dir='ltr'>sibi</span> 
     </span>
     <span class='ocr_line' id='line_1_41' title="bbox 396 2023 821 2066; baseline -0.005 -9"><span class='ocrx_word' id='word_1_235' title='bbox 396 2026 603 2065; x_wconf 78' lang='lat' dir='ltr'>incognitam</span> <span class='ocrx_word' id='word_1_236' title='bbox 630 2023 821 2066; x_wconf 84' lang='lat' dir='ltr'>appellunt.</span> 
     </span>
    </p>
   </div>
   <div class='ocr_carea' id='block_1_11' title="bbox 217 2080 1005 2204">
    <p class='ocr_par' dir='ltr' id='par_1_12' title="bbox 217 2080 1005 2204">
     <span class='ocr_line' id='line_1_42' title="bbox 266 2080 1002 2123; baseline -0.007 -9"><span class='ocrx_word' id='word_1_237' title='bbox 266 2085 338 2114; x_wconf 80' lang='grc'>157.</span> <span class='ocrx_word' id='word_1_238' title='bbox 365 2081 492 2121; x_wconf 82' lang='lat' dir='ltr'>defessi</span> <span class='ocrx_word' id='word_1_239' title='bbox 510 2080 628 2123; x_wconf 75' lang='lat' dir='ltr'>(ganz-</span> <span class='ocrx_word' id='word_1_240' title='bbox 649 2080 832 2121; x_wconf 70' lang='lat' dir='ltr'>ersehbpft,</span> <span class='ocrx_word' id='word_1_241' title='bbox 855 2082 895 2110; x_wconf 85' lang='lat' dir='ltr'>cf.</span> <span class='ocrx_word' id='word_1_242' title='bbox 920 2081 1002 2117; x_wconf 76' lang='lat'>106]</span> 
     </span>
     <span class='ocr_line' id='line_1_43' title="bbox 217 2129 1004 2165; baseline -0.005 -6"><span class='ocrx_word' id='word_1_243' title='bbox 217 2136 292 2160; x_wconf 86' lang='lat' dir='ltr'>sunt</span> <span class='ocrx_word' id='word_1_244' title='bbox 312 2133 523 2165; x_wconf 80' lang='lat' dir='ltr'>tempestate3</span> <span class='ocrx_word' id='word_1_245' title='bbox 549 2136 647 2163; x_wconf 78' lang='lat' dir='ltr'>quare</span> <span class='ocrx_word' id='word_1_246' title='bbox 669 2137 766 2157; x_wconf 90' lang='lat' dir='ltr'>cursu</span> <span class='ocrx_word' id='word_1_247' title='bbox 786 2129 861 2156; x_wconf 91' lang='lat' dir='ltr'>litus</span> <span class='ocrx_word' id='word_1_248' title='bbox 883 2133 1004 2163; x_wconf 80' lang='lat' dir='ltr'>petunt.</span> 
     </span>
     <span class='ocr_line' id='line_1_44' title="bbox 219 2172 1005 2204; baseline -0.004 0"><span class='ocrx_word' id='word_1_249' title='bbox 219 2193 263 2196; x_wconf 97' lang='lat'><strong>—</strong></span> <span class='ocrx_word' id='word_1_250' title='bbox 302 2172 485 2204; x_wconf 77' lang='lat' dir='ltr'>Aeneadae</span> <span class='ocrx_word' id='word_1_251' title='bbox 528 2176 689 2202; x_wconf 80' lang='lat' dir='ltr'>vocabulo</span> <span class='ocrx_word' id='word_1_252' title='bbox 729 2174 791 2202; x_wconf 84' lang='lat' dir='ltr'>iam</span> <span class='ocrx_word' id='word_1_253' title='bbox 829 2181 911 2202; x_wconf 88' lang='lat' dir='ltr'>usus</span> <span class='ocrx_word' id='word_1_254' title='bbox 954 2178 1005 2202; x_wconf 82' lang='lat' dir='ltr'>est</span> 
     </span>
    </p>
   </div>
   <div class='ocr_carea' id='block_1_12' title="bbox 217 2219 1006 3027">
    <p class='ocr_par' dir='ltr' id='par_1_13' title="bbox 217 2219 1006 2437">
     <span class='ocr_line' id='line_1_45' title="bbox 218 2219 1005 2257; baseline -0.004 -7"><span class='ocrx_word' id='word_1_255' title='bbox 218 2222 388 2251; x_wconf 87' lang='lat' dir='ltr'>Lucretius</span> <span class='ocrx_word' id='word_1_256' title='bbox 418 2219 445 2257; x_wconf 91' lang='grc'>1,</span> <span class='ocrx_word' id='word_1_257' title='bbox 478 2219 504 2248; x_wconf 91' lang='grc'>1.</span> <span class='ocrx_word' id='word_1_258' title='bbox 532 2221 591 2248; x_wconf 87' lang='lat' dir='ltr'>sed</span> <span class='ocrx_word' id='word_1_259' title='bbox 616 2221 803 2255; x_wconf 87' lang='lat' dir='ltr'>notandum,</span> <span class='ocrx_word' id='word_1_260' title='bbox 830 2220 914 2253; x_wconf 80' lang='lat' dir='ltr'>quod</span> <span class='ocrx_word' id='word_1_261' title='bbox 939 2220 1005 2247; x_wconf 87' lang='lat' dir='ltr'>Ae-</span> 
     </span>
     <span class='ocr_line' id='line_1_46' title="bbox 217 2265 1006 2300; baseline -0.004 -5"><span class='ocrx_word' id='word_1_262' title='bbox 217 2268 342 2296; x_wconf 82' lang='lat' dir='ltr'>neadas</span> <span class='ocrx_word' id='word_1_263' title='bbox 369 2266 443 2294; x_wconf 82' lang='lat' dir='ltr'>dicit</span> <span class='ocrx_word' id='word_1_264' title='bbox 468 2267 539 2300; x_wconf 73' lang='lat' dir='ltr'>Vgl.</span> <span class='ocrx_word' id='word_1_265' title='bbox 567 2273 630 2294; x_wconf 89' lang='lat' dir='ltr'>non</span> <span class='ocrx_word' id='word_1_266' title='bbox 652 2272 721 2297; x_wconf 82' lang='lat' dir='ltr'>eos.</span> <span class='ocrx_word' id='word_1_267' title='bbox 748 2265 801 2299; x_wconf 76' lang='lat' dir='ltr'>qui</span> <span class='ocrx_word' id='word_1_268' title='bbox 827 2266 866 2293; x_wconf 86' lang='lat' dir='ltr'>ab</span> <span class='ocrx_word' id='word_1_269' title='bbox 892 2266 1006 2293; x_wconf 84' lang='lat' dir='ltr'>Aenea</span> 
     </span>
     <span class='ocr_line' id='line_1_47' title="bbox 219 2309 1005 2347; baseline -0.003 -7"><span class='ocrx_word' id='word_1_270' title='bbox 219 2313 375 2347; x_wconf 82' lang='lat' dir='ltr'>originem</span> <span class='ocrx_word' id='word_1_271' title='bbox 398 2312 535 2345; x_wconf 86' lang='lat' dir='ltr'>ducunt,</span> <span class='ocrx_word' id='word_1_272' title='bbox 569 2315 599 2338; x_wconf 94' lang='lat' dir='ltr'>ut</span> <span class='ocrx_word' id='word_1_273' title='bbox 624 2310 662 2345; x_wconf 80' lang='grc'>8,</span> <span class='ocrx_word' id='word_1_274' title='bbox 689 2309 772 2345; x_wconf 73' lang='grc'>648,</span> <span class='ocrx_word' id='word_1_275' title='bbox 805 2311 863 2338; x_wconf 88' lang='lat' dir='ltr'>sed</span> <span class='ocrx_word' id='word_1_276' title='bbox 891 2311 942 2344; x_wconf 85' lang='lat' dir='ltr'>qui</span> <span class='ocrx_word' id='word_1_277' title='bbox 967 2317 1005 2338; x_wconf 88' lang='lat' dir='ltr'>eo</span> 
     </span>
     <span class='ocr_line' id='line_1_48' title="bbox 218 2354 1004 2391; baseline -0.004 -5"><span class='ocrx_word' id='word_1_278' title='bbox 218 2363 348 2386; x_wconf 90' lang='lat' dir='ltr'>utuntur</span> <span class='ocrx_word' id='word_1_279' title='bbox 391 2357 473 2385; x_wconf 86' lang='lat' dir='ltr'>duce</span> <span class='ocrx_word' id='word_1_280' title='bbox 513 2361 543 2384; x_wconf 81' lang='lat' dir='ltr'>et</span> <span class='ocrx_word' id='word_1_281' title='bbox 579 2356 783 2391; x_wconf 82' lang='lat' dir='ltr'>imperatore.</span> <span class='ocrx_word' id='word_1_282' title='bbox 848 2357 895 2384; x_wconf 85' lang='lat' dir='ltr'>lta</span> <span class='ocrx_word' id='word_1_283' title='bbox 928 2354 1004 2384; x_wconf 87' lang='lat'>568.</span> 
     </span>
     <span class='ocr_line' id='line_1_49' title="bbox 218 2399 810 2437; baseline -0.005 -6"><span class='ocrx_word' id='word_1_284' title='bbox 218 2403 254 2433; x_wconf 77' lang='lat'>5.</span> <span class='ocrx_word' id='word_1_285' title='bbox 277 2402 351 2431; x_wconf 80' lang='lat'>108.</span> <span class='ocrx_word' id='word_1_286' title='bbox 378 2402 414 2437; x_wconf 79' lang='lat'>7,</span> <span class='ocrx_word' id='word_1_287' title='bbox 437 2399 512 2430; x_wconf 75' lang='lat'>284.</span> <span class='ocrx_word' id='word_1_288' title='bbox 536 2400 611 2429; x_wconf 77' lang='lat'>334.</span> <span class='ocrx_word' id='word_1_289' title='bbox 634 2400 701 2429; x_wconf 85' lang='lat'>616</span> <span class='ocrx_word' id='word_1_290' title='bbox 724 2401 810 2429; x_wconf 86' lang='lat' dir='ltr'>alibi.</span> 
     </span>
    </p>

    <p class='ocr_par' dir='ltr' id='par_1_14' title="bbox 217 2445 1006 3027">
     <span class='ocr_line' id='line_1_50' title="bbox 266 2445 1004 2483; baseline -0.005 -6"><span class='ocrx_word' id='word_1_291' title='bbox 266 2448 339 2477; x_wconf 84' lang='lat'>159.</span> <span class='ocrx_word' id='word_1_292' title='bbox 365 2445 455 2483; x_wconf 76' lang='lat' dir='ltr'>„Est</span> <span class='ocrx_word' id='word_1_293' title='bbox 476 2445 511 2475; x_wconf 86' lang='lat' dir='ltr'>in</span> <span class='ocrx_word' id='word_1_294' title='bbox 533 2454 674 2475; x_wconf 73' lang='lat' dir='ltr'>secessu.</span> <span class='ocrx_word' id='word_1_295' title='bbox 723 2446 924 2480; x_wconf 86' lang='lat' dir='ltr'>Topothesia</span> <span class='ocrx_word' id='word_1_296' title='bbox 944 2449 1004 2481; x_wconf 81' lang='lat' dir='ltr'>est,</span> 
     </span>
     <span class='ocr_line' id='line_1_51' title="bbox 217 2492 1006 2526; baseline -0.003 -5"><span class='ocrx_word' id='word_1_297' title='bbox 217 2493 237 2521; x_wconf 87' lang='lat' dir='ltr'>i.</span> <span class='ocrx_word' id='word_1_298' title='bbox 265 2502 292 2521; x_wconf 88' lang='lat' dir='ltr'>e.</span> <span class='ocrx_word' id='word_1_299' title='bbox 325 2493 416 2521; x_wconf 85' lang='lat' dir='ltr'>fictus</span> <span class='ocrx_word' id='word_1_300' title='bbox 448 2493 627 2522; x_wconf 89' lang='lat' dir='ltr'>secundum</span> <span class='ocrx_word' id='word_1_301' title='bbox 661 2492 818 2526; x_wconf 88' lang='lat' dir='ltr'>poeticam</span> <span class='ocrx_word' id='word_1_302' title='bbox 843 2492 1006 2519; x_wconf 73' lang='lat' dir='ltr'>licentiam</span> 
     </span>
     <span class='ocr_line' id='line_1_52' title="bbox 219 2537 1004 2571; baseline -0.003 -5"><span class='ocrx_word' id='word_1_303' title='bbox 219 2540 324 2566; x_wconf 88' lang='lat' dir='ltr'>locus.</span> <span class='ocrx_word' id='word_1_304' title='bbox 372 2541 417 2566; x_wconf 76' lang='lat' dir='ltr'>Ne</span> <span class='ocrx_word' id='word_1_305' title='bbox 444 2543 551 2566; x_wconf 85' lang='lat' dir='ltr'>autem</span> <span class='ocrx_word' id='word_1_306' title='bbox 577 2538 727 2565; x_wconf 82' lang='lat' dir='ltr'>videatur</span> <span class='ocrx_word' id='word_1_307' title='bbox 751 2537 878 2571; x_wconf 86' lang='lat' dir='ltr'>penitus</span> <span class='ocrx_word' id='word_1_308' title='bbox 900 2544 918 2564; x_wconf 89' lang='lat' dir='ltr'>a</span> <span class='ocrx_word' id='word_1_309' title='bbox 946 2544 1004 2564; x_wconf 87' lang='lat' dir='ltr'>ve-</span> 
     </span>
     <span class='ocr_line' id='line_1_53' title="bbox 221 2582 1004 2617; baseline -0.003 -6"><span class='ocrx_word' id='word_1_310' title='bbox 221 2584 311 2611; x_wconf 86' lang='lat' dir='ltr'>ritate</span> <span class='ocrx_word' id='word_1_311' title='bbox 335 2584 523 2617; x_wconf 80' lang='lat' dir='ltr'>descedere,</span> <span class='ocrx_word' id='word_1_312' title='bbox 548 2582 777 2617; x_wconf 82' lang='lat' dir='ltr'>Hispaniensis</span> <span class='ocrx_word' id='word_1_313' title='bbox 801 2582 1004 2613; x_wconf 66' lang='lat' dir='ltr'>Carthaginis</span> 
     </span>
     <span class='ocr_line' id='line_1_54' title="bbox 222 2627 1005 2663; baseline -0.001 -8"><span class='ocrx_word' id='word_1_314' title='bbox 222 2629 325 2663; x_wconf 79' lang='lat' dir='ltr'>(quae</span> <span class='ocrx_word' id='word_1_315' title='bbox 358 2632 407 2655; x_wconf 81' lang='lat' dir='ltr'>est</span> <span class='ocrx_word' id='word_1_316' title='bbox 430 2629 523 2656; x_wconf 85' lang='lat' dir='ltr'>hodie</span> <span class='ocrx_word' id='word_1_317' title='bbox 548 2627 773 2661; x_wconf 68' lang='lat' dir='ltr'>Carthagena]</span> <span class='ocrx_word' id='word_1_318' title='bbox 800 2632 922 2661; x_wconf 83' lang='lat' dir='ltr'>portum</span> <span class='ocrx_word' id='word_1_319' title='bbox 949 2628 1005 2654; x_wconf 84' lang='lat' dir='ltr'>de-</span> 
     </span>
     <span class='ocr_line' id='line_1_55' title="bbox 222 2674 1004 2706; baseline -0.003 -4"><span class='ocrx_word' id='word_1_320' title='bbox 222 2674 342 2703; x_wconf 77' lang='lat' dir='ltr'>scribit.</span> <span class='ocrx_word' id='word_1_321' title='bbox 400 2674 547 2701; x_wconf 86' lang='lat' dir='ltr'>Ceterum</span> <span class='ocrx_word' id='word_1_322' title='bbox 583 2675 668 2701; x_wconf 85' lang='lat' dir='ltr'>hunc</span> <span class='ocrx_word' id='word_1_323' title='bbox 704 2675 808 2700; x_wconf 89' lang='lat' dir='ltr'>locum</span> <span class='ocrx_word' id='word_1_324' title='bbox 844 2680 1004 2706; x_wconf 79' lang='lat' dir='ltr'>nusquam</span> 
     </span>
     <span class='ocr_line' id='line_1_56' title="bbox 221 2718 1004 2753; baseline -0.003 -6"><span class='ocrx_word' id='word_1_325' title='bbox 221 2720 252 2747; x_wconf 92' lang='lat' dir='ltr'>in</span> <span class='ocrx_word' id='word_1_326' title='bbox 287 2718 399 2747; x_wconf 81' lang='lat' dir='ltr'>Africa</span> <span class='ocrx_word' id='word_1_327' title='bbox 432 2725 510 2746; x_wconf 83' lang='lat' dir='ltr'>esse</span> <span class='ocrx_word' id='word_1_328' title='bbox 547 2723 693 2753; x_wconf 81' lang='lat' dir='ltr'>constat,</span> <span class='ocrx_word' id='word_1_329' title='bbox 737 2726 796 2746; x_wconf 89' lang='lat' dir='ltr'>nee</span> <span class='ocrx_word' id='word_1_330' title='bbox 827 2718 1004 2749; x_wconf 68' lang='lat' dir='ltr'>incongrue</span> 
     </span>
     <span class='ocr_line' id='line_1_57' title="bbox 222 2761 1004 2799; baseline -0.003 -7"><span class='ocrx_word' id='word_1_331' title='bbox 222 2768 351 2799; x_wconf 87' lang='lat' dir='ltr'>propter</span> <span class='ocrx_word' id='word_1_332' title='bbox 377 2763 515 2791; x_wconf 86' lang='lat' dir='ltr'>nominis</span> <span class='ocrx_word' id='word_1_333' title='bbox 542 2764 780 2791; x_wconf 86' lang='lat' dir='ltr'>similitudinem</span> <span class='ocrx_word' id='word_1_334' title='bbox 804 2761 944 2797; x_wconf 75' lang='lat' dir='ltr'>posuit.‘⁴</span> <span class='ocrx_word' id='word_1_335' title='bbox 973 2765 1004 2790; x_wconf 91' lang='lat' dir='ltr'>S.</span> 
     </span>
     <span class='ocr_line' id='line_1_58' title="bbox 220 2808 1005 2843; baseline -0.004 -5"><span class='ocrx_word' id='word_1_336' title='bbox 220 2808 384 2838; x_wconf 86' lang='lat' dir='ltr'>Extremis</span> <span class='ocrx_word' id='word_1_337' title='bbox 410 2809 518 2836; x_wconf 85' lang='lat' dir='ltr'>verbis</span> <span class='ocrx_word' id='word_1_338' title='bbox 545 2814 682 2837; x_wconf 81' lang='lat' dir='ltr'>excusat</span> <span class='ocrx_word' id='word_1_339' title='bbox 698 2809 834 2836; x_wconf 72' lang='lat' dir='ltr'>Servius</span> <span class='ocrx_word' id='word_1_340' title='bbox 861 2813 1005 2843; x_wconf 89' lang='lat' dir='ltr'>poetam;</span> 
     </span>
     <span class='ocr_line' id='line_1_59' title="bbox 223 2853 1005 2888; baseline -0.003 -5"><span class='ocrx_word' id='word_1_341' title='bbox 223 2856 281 2884; x_wconf 86' lang='lat' dir='ltr'>sed</span> <span class='ocrx_word' id='word_1_342' title='bbox 305 2858 389 2882; x_wconf 86' lang='lat' dir='ltr'>errat</span> <span class='ocrx_word' id='word_1_343' title='bbox 413 2853 495 2888; x_wconf 84' lang='lat' dir='ltr'>ipse.</span> <span class='ocrx_word' id='word_1_344' title='bbox 521 2862 625 2887; x_wconf 82' lang='lat' dir='ltr'>neque</span> <span class='ocrx_word' id='word_1_345' title='bbox 651 2854 734 2882; x_wconf 89' lang='lat' dir='ltr'>enim</span> <span class='ocrx_word' id='word_1_346' title='bbox 758 2855 788 2882; x_wconf 91' lang='lat' dir='ltr'>in</span> <span class='ocrx_word' id='word_1_347' title='bbox 809 2855 905 2882; x_wconf 88' lang='lat' dir='ltr'>rebus</span> <span class='ocrx_word' id='word_1_348' title='bbox 927 2861 1005 2888; x_wconf 84' lang='lat' dir='ltr'>geo-</span> 
     </span>
     <span class='ocr_line' id='line_1_60' title="bbox 223 2899 1003 2934; baseline -0.003 -6"><span class='ocrx_word' id='word_1_349' title='bbox 223 2899 389 2934; x_wconf 82' lang='lat' dir='ltr'>graphicis</span> <span class='ocrx_word' id='word_1_350' title='bbox 420 2899 513 2933; x_wconf 66' lang='lat' dir='ltr'>Yglio</span> <span class='ocrx_word' id='word_1_351' title='bbox 552 2903 619 2927; x_wconf 82' lang='lat' dir='ltr'>erat</span> <span class='ocrx_word' id='word_1_352' title='bbox 659 2899 796 2933; x_wconf 81' lang='lat' dir='ltr'>fingendi</span> <span class='ocrx_word' id='word_1_353' title='bbox 832 2900 926 2926; x_wconf 85' lang='lat' dir='ltr'>locus</span> <span class='ocrx_word' id='word_1_354' title='bbox 963 2899 1003 2926; x_wconf 80' lang='lat' dir='ltr'>cf.</span> 
     </span>
     <span class='ocr_line' id='line_1_61' title="bbox 222 2944 1004 2981; baseline 0.001 -10"><span class='ocrx_word' id='word_1_355' title='bbox 222 2944 258 2980; x_wconf 81' lang='lat'>3,</span> <span class='ocrx_word' id='word_1_356' title='bbox 284 2944 314 2973; x_wconf 90' lang='grc'>6.</span> <span class='ocrx_word' id='word_1_357' title='bbox 364 2945 412 2972; x_wconf 86' lang='lat' dir='ltr'>Ac</span> <span class='ocrx_word' id='word_1_358' title='bbox 435 2945 557 2972; x_wconf 82' lang='lat' dir='ltr'>Schaw</span> <span class='ocrx_word' id='word_1_359' title='bbox 577 2945 705 2978; x_wconf 73' lang='lat' dir='ltr'>Angtus</span> <span class='ocrx_word' id='word_1_360' title='bbox 728 2946 852 2981; x_wconf 90' lang='lat' dir='ltr'>locum,</span> <span class='ocrx_word' id='word_1_361' title='bbox 877 2945 1004 2977; x_wconf 85' lang='lat' dir='ltr'>qualem</span> 
     </span>
     <span class='ocr_line' id='line_1_62' title="bbox 223 2989 1006 3027; baseline -0.001 -8"><span class='ocrx_word' id='word_1_362' title='bbox 223 2990 375 3019; x_wconf 82' lang='lat' dir='ltr'>describit</span> <span class='ocrx_word' id='word_1_363' title='bbox 399 2991 491 3027; x_wconf 53' lang='grc' dir='ltr'>γει,</span> <span class='ocrx_word' id='word_1_364' title='bbox 527 2989 697 3018; x_wconf 87' lang='lat' dir='ltr'>invenisse</span> <span class='ocrx_word' id='word_1_365' title='bbox 732 2990 793 3018; x_wconf 88' lang='lat' dir='ltr'>sibi</span> <span class='ocrx_word' id='word_1_366' title='bbox 826 2989 921 3018; x_wconf 84' lang='lat' dir='ltr'>visus</span> <span class='ocrx_word' id='word_1_367' title='bbox 956 2993 1006 3018; x_wconf 89' lang='lat' dir='ltr'>est</span> 
     </span>
    </p>
   </div>
   <div class='ocr_carea' id='block_1_13' title="bbox 1040 717 1874 3018">
    <p class='ocr_par' dir='ltr' id='par_1_15' title="bbox 1040 717 1874 2021">
     <span class='ocr_line' id='line_1_63' title="bbox 1040 717 1826 761; baseline -0.003 -11"><span class='ocrx_word' id='word_1_368' title='bbox 1040 722 1122 750; x_wconf 88' lang='lat' dir='ltr'>inter</span> <span class='ocrx_word' id='word_1_369' title='bbox 1147 723 1395 757; x_wconf 86' lang='lat' dir='ltr'>promontorium</span> <span class='ocrx_word' id='word_1_370' title='bbox 1418 722 1569 751; x_wconf 86' lang='lat' dir='ltr'>Mercurii</span> <span class='ocrx_word' id='word_1_371' title='bbox 1594 717 1695 761; x_wconf 83' lang='lat' dir='ltr'>(Cap</span> <span class='ocrx_word' id='word_1_372' title='bbox 1728 717 1826 760; x_wconf 81' lang='lat' dir='ltr'>Bon)</span> 
     </span>
     <span class='ocr_line' id='line_1_64' title="bbox 1042 765 1828 807; baseline -0.001 -12"><span class='ocrx_word' id='word_1_373' title='bbox 1042 772 1071 795; x_wconf 83' lang='lat' dir='ltr'>et</span> <span class='ocrx_word' id='word_1_374' title='bbox 1090 768 1254 802; x_wconf 79' lang='lat' dir='ltr'>Apollinis</span> <span class='ocrx_word' id='word_1_375' title='bbox 1281 765 1381 807; x_wconf 87' lang='lat' dir='ltr'>(Cap</span> <span class='ocrx_word' id='word_1_376' title='bbox 1405 765 1523 806; x_wconf 79' lang='lat' dir='ltr'>Zibet)</span> <span class='ocrx_word' id='word_1_377' title='bbox 1543 774 1643 802; x_wconf 81' lang='lat' dir='ltr'>prope</span> <span class='ocrx_word' id='word_1_378' title='bbox 1663 767 1828 800; x_wconf 81' lang='lat' dir='ltr'>antiquam</span> 
     </span>
     <span class='ocr_line' id='line_1_65' title="bbox 1041 810 1827 848; baseline -0.003 -7"><span class='ocrx_word' id='word_1_379' title='bbox 1041 815 1149 841; x_wconf 84' lang='lat' dir='ltr'>urbem</span> <span class='ocrx_word' id='word_1_380' title='bbox 1169 813 1381 848; x_wconf 77' lang='lat' dir='ltr'>Aquilariam,</span> <span class='ocrx_word' id='word_1_381' title='bbox 1401 814 1440 841; x_wconf 89' lang='lat' dir='ltr'>de</span> <span class='ocrx_word' id='word_1_382' title='bbox 1466 820 1528 846; x_wconf 79' lang='lat' dir='ltr'>qua</span> <span class='ocrx_word' id='word_1_383' title='bbox 1553 813 1650 841; x_wconf 84' lang='lat' dir='ltr'>Caes.</span> <span class='ocrx_word' id='word_1_384' title='bbox 1673 813 1710 840; x_wconf 92' lang='lat' dir='ltr'>B.</span> <span class='ocrx_word' id='word_1_385' title='bbox 1736 812 1770 840; x_wconf 86' lang='lat' dir='ltr'>C.</span> <span class='ocrx_word' id='word_1_386' title='bbox 1794 810 1827 847; x_wconf 85' lang='lat'>2,</span> 
     </span>
     <span class='ocr_line' id='line_1_66' title="bbox 1040 857 1827 893; baseline 0 -8"><span class='ocrx_word' id='word_1_387' title='bbox 1040 857 1095 886; x_wconf 83' lang='lat'>23.</span> <span class='ocrx_word' id='word_1_388' title='bbox 1145 860 1249 893; x_wconf 83' lang='lat' dir='ltr'>Quare</span> <span class='ocrx_word' id='word_1_389' title='bbox 1281 866 1344 886; x_wconf 91' lang='lat' dir='ltr'>non</span> <span class='ocrx_word' id='word_1_390' title='bbox 1370 866 1442 886; x_wconf 90' lang='lat' dir='ltr'>cum</span> <span class='ocrx_word' id='word_1_391' title='bbox 1469 858 1584 886; x_wconf 83' lang='lat' dir='ltr'>Servio</span> <span class='ocrx_word' id='word_1_392' title='bbox 1610 862 1639 884; x_wconf 86' lang='lat' dir='ltr'>et</span> <span class='ocrx_word' id='word_1_393' title='bbox 1662 858 1827 885; x_wconf 78' lang='lat' dir='ltr'>Mam-onio</span> 
     </span>
     <span class='ocr_line' id='line_1_67' title="bbox 1041 901 1828 938; baseline -0.003 -6"><span class='ocrx_word' id='word_1_394' title='bbox 1041 904 1179 938; x_wconf 81' lang='lat' dir='ltr'>aliisque</span> <span class='ocrx_word' id='word_1_395' title='bbox 1220 905 1258 931; x_wconf 91' lang='lat' dir='ltr'>de</span> <span class='ocrx_word' id='word_1_396' title='bbox 1296 904 1417 937; x_wconf 82' lang='lat' dir='ltr'>odyss.</span> <span class='ocrx_word' id='word_1_397' title='bbox 1459 901 1518 938; x_wconf 84' lang='lat'>13,</span> <span class='ocrx_word' id='word_1_398' title='bbox 1555 901 1608 930; x_wconf 79' lang='grc'>96.</span> <span class='ocrx_word' id='word_1_399' title='bbox 1645 907 1828 936; x_wconf 88' lang='lat' dir='ltr'>surreptam</span> 
     </span>
     <span class='ocr_line' id='line_1_68' title="bbox 1041 947 1830 984; baseline -0.001 -7"><span class='ocrx_word' id='word_1_400' title='bbox 1041 950 1185 978; x_wconf 87' lang='lat' dir='ltr'>dicemus</span> <span class='ocrx_word' id='word_1_401' title='bbox 1199 951 1281 977; x_wconf 82' lang='lat' dir='ltr'>hanc</span> <span class='ocrx_word' id='word_1_402' title='bbox 1296 954 1408 984; x_wconf 88' lang='lat' dir='ltr'>portus</span> <span class='ocrx_word' id='word_1_403' title='bbox 1424 947 1685 982; x_wconf 82' lang='lat' dir='ltr'>descriptionem.</span> <span class='ocrx_word' id='word_1_404' title='bbox 1721 947 1830 976; x_wconf 85' lang='lat' dir='ltr'>Alium</span> 
     </span>
     <span class='ocr_line' id='line_1_69' title="bbox 1040 992 1829 1029; baseline -0.003 -7"><span class='ocrx_word' id='word_1_405' title='bbox 1040 997 1146 1023; x_wconf 86' lang='lat' dir='ltr'>locum</span> <span class='ocrx_word' id='word_1_406' title='bbox 1169 999 1197 1022; x_wconf 87' lang='lat' dir='ltr'>et</span> <span class='ocrx_word' id='word_1_407' title='bbox 1216 994 1288 1029; x_wconf 67' lang='lat' dir='ltr'>Vgli</span> <span class='ocrx_word' id='word_1_408' title='bbox 1312 994 1419 1022; x_wconf 81' lang='lat' dir='ltr'>verbis</span> <span class='ocrx_word' id='word_1_409' title='bbox 1446 993 1550 1028; x_wconf 84' lang='lat' dir='ltr'>magis</span> <span class='ocrx_word' id='word_1_410' title='bbox 1577 1000 1753 1027; x_wconf 86' lang='lat' dir='ltr'>congruum</span> <span class='ocrx_word' id='word_1_411' title='bbox 1779 992 1829 1021; x_wconf 90' lang='lat' dir='ltr'>in-</span> 
     </span>
     <span class='ocr_line' id='line_1_70' title="bbox 1041 1035 1830 1079; baseline -0.001 -11"><span class='ocrx_word' id='word_1_412' title='bbox 1041 1041 1126 1068; x_wconf 80' lang='lat' dir='ltr'>venit</span> <span class='ocrx_word' id='word_1_413' title='bbox 1146 1041 1248 1068; x_wconf 74' lang='lat' dir='ltr'>Davis</span> <span class='ocrx_word' id='word_1_414' title='bbox 1267 1037 1480 1079; x_wconf 71' lang='lat' dir='ltr'>(Karthago</span> <span class='ocrx_word' id='word_1_415' title='bbox 1499 1036 1569 1066; x_wconf 83' lang='lat' dir='ltr'>und</span> <span class='ocrx_word' id='word_1_416' title='bbox 1595 1036 1686 1066; x_wconf 77' lang='lat' dir='ltr'>scine</span> <span class='ocrx_word' id='word_1_417' title='bbox 1707 1035 1830 1067; x_wconf 83' lang='lat' dir='ltr'>Ueber-</span> 
     </span>
     <span class='ocr_line' id='line_1_71' title="bbox 1040 1081 1831 1124; baseline -0.004 -10"><span class='ocrx_word' id='word_1_418' title='bbox 1040 1088 1138 1114; x_wconf 84' lang='lat' dir='ltr'>reste.</span> <span class='ocrx_word' id='word_1_419' title='bbox 1188 1084 1260 1114; x_wconf 87' lang='lat' dir='ltr'>Aus</span> <span class='ocrx_word' id='word_1_420' title='bbox 1275 1082 1308 1113; x_wconf 81' lang='lat' dir='ltr'>d.</span> <span class='ocrx_word' id='word_1_421' title='bbox 1327 1081 1436 1124; x_wconf 78' lang='lat' dir='ltr'>Engl.</span> <span class='ocrx_word' id='word_1_422' title='bbox 1462 1081 1569 1122; x_wconf 68' lang='lat'>1863)</span> <span class='ocrx_word' id='word_1_423' title='bbox 1593 1083 1732 1118; x_wconf 87' lang='lat' dir='ltr'>Propius</span> <span class='ocrx_word' id='word_1_424' title='bbox 1750 1085 1831 1113; x_wconf 86' lang='lat' dir='ltr'>Car-</span> 
     </span>
     <span class='ocr_line' id='line_1_72' title="bbox 1040 1130 1829 1165; baseline -0.001 -6"><span class='ocrx_word' id='word_1_425' title='bbox 1040 1131 1202 1165; x_wconf 78' lang='lat' dir='ltr'>thaginem</span> <span class='ocrx_word' id='word_1_426' title='bbox 1228 1135 1353 1165; x_wconf 88' lang='lat' dir='ltr'>portum</span> <span class='ocrx_word' id='word_1_427' title='bbox 1374 1137 1463 1165; x_wconf 90' lang='lat' dir='ltr'>esse,</span> <span class='ocrx_word' id='word_1_428' title='bbox 1489 1137 1589 1164; x_wconf 85' lang='lat' dir='ltr'>prope</span> <span class='ocrx_word' id='word_1_429' title='bbox 1612 1134 1737 1163; x_wconf 88' lang='lat' dir='ltr'>portum</span> <span class='ocrx_word' id='word_1_430' title='bbox 1762 1130 1829 1164; x_wconf 85' lang='lat' dir='ltr'>Cap</span> 
     </span>
     <span class='ocr_line' id='line_1_73' title="bbox 1041 1175 1830 1212; baseline -0.003 -7"><span class='ocrx_word' id='word_1_431' title='bbox 1041 1178 1198 1212; x_wconf 83' lang='lat' dir='ltr'>Klamart,</span> <span class='ocrx_word' id='word_1_432' title='bbox 1223 1177 1306 1204; x_wconf 89' lang='lat' dir='ltr'>unde</span> <span class='ocrx_word' id='word_1_433' title='bbox 1329 1176 1463 1204; x_wconf 80' lang='lat' dir='ltr'>Aeneas</span> <span class='ocrx_word' id='word_1_434' title='bbox 1491 1175 1714 1211; x_wconf 81' lang='lat' dir='ltr'>prospexerit,</span> <span class='ocrx_word' id='word_1_435' title='bbox 1743 1176 1830 1203; x_wconf 87' lang='lat' dir='ltr'>haud</span> 
     </span>
     <span class='ocr_line' id='line_1_74' title="bbox 1043 1220 1831 1257; baseline -0.004 -7"><span class='ocrx_word' id='word_1_436' title='bbox 1043 1224 1155 1257; x_wconf 90' lang='lat' dir='ltr'>procul</span> <span class='ocrx_word' id='word_1_437' title='bbox 1179 1229 1197 1250; x_wconf 88' lang='lat' dir='ltr'>a</span> <span class='ocrx_word' id='word_1_438' title='bbox 1225 1226 1316 1256; x_wconf 91' lang='lat' dir='ltr'>portu</span> <span class='ocrx_word' id='word_1_439' title='bbox 1346 1229 1422 1249; x_wconf 85' lang='lat' dir='ltr'>esse</span> <span class='ocrx_word' id='word_1_440' title='bbox 1448 1220 1566 1249; x_wconf 87' lang='lat' dir='ltr'>fontem</span> <span class='ocrx_word' id='word_1_441' title='bbox 1595 1220 1831 1253; x_wconf 75' lang='lat' dir='ltr'>dulcissimum,</span> 
     </span>
     <span class='ocr_line' id='line_1_75' title="bbox 1043 1267 1833 1299; baseline -0.004 -3"><span class='ocrx_word' id='word_1_442' title='bbox 1043 1276 1121 1296; x_wconf 80' lang='lat' dir='ltr'>esse</span> <span class='ocrx_word' id='word_1_443' title='bbox 1137 1267 1330 1295; x_wconf 84' lang='lat' dir='ltr'>etiamnunc</span> <span class='ocrx_word' id='word_1_444' title='bbox 1345 1273 1476 1294; x_wconf 87' lang='lat' dir='ltr'>nemora</span> <span class='ocrx_word' id='word_1_445' title='bbox 1491 1268 1659 1299; x_wconf 84' lang='lat' dir='ltr'>umbrosa;</span> <span class='ocrx_word' id='word_1_446' title='bbox 1674 1270 1833 1294; x_wconf 84' lang='lat' dir='ltr'>monstrat</span> 
     </span>
     <span class='ocr_line' id='line_1_76' title="bbox 1044 1309 1832 1345; baseline -0.001 -5"><span class='ocrx_word' id='word_1_447' title='bbox 1044 1315 1156 1341; x_wconf 71' lang='lat' dir='ltr'>Venus</span> <span class='ocrx_word' id='word_1_448' title='bbox 1171 1312 1399 1345; x_wconf 79' lang='lat' dir='ltr'>Carthaginem</span> <span class='ocrx_word' id='word_1_449' title='bbox 1423 1309 1488 1339; x_wconf 85' lang='lat'>365</span> <span class='ocrx_word' id='word_1_450' title='bbox 1515 1318 1556 1338; x_wconf 84' lang='lat' dir='ltr'>ex</span> <span class='ocrx_word' id='word_1_451' title='bbox 1581 1315 1688 1338; x_wconf 82' lang='lat' dir='ltr'>monte</span> <span class='ocrx_word' id='word_1_452' title='bbox 1703 1312 1832 1339; x_wconf 76' lang='lat' dir='ltr'>Dsclle-</span> 
     </span>
     <span class='ocr_line' id='line_1_77' title="bbox 1045 1352 1830 1395; baseline -0.004 -9"><span class='ocrx_word' id='word_1_453' title='bbox 1045 1360 1095 1386; x_wconf 86' lang='lat' dir='ltr'>bel</span> <span class='ocrx_word' id='word_1_454' title='bbox 1111 1358 1240 1389; x_wconf 82' lang='lat' dir='ltr'>Khawi.</span> <span class='ocrx_word' id='word_1_455' title='bbox 1267 1358 1339 1386; x_wconf 82' lang='lat' dir='ltr'>sive</span> <span class='ocrx_word' id='word_1_456' title='bbox 1358 1352 1720 1395; x_wconf 70' lang='lat' dir='ltr'>Katakombenhiigel,</span> <span class='ocrx_word' id='word_1_457' title='bbox 1746 1355 1766 1383; x_wconf 77' lang='lat'><strong>4</strong></span> <span class='ocrx_word' id='word_1_458' title='bbox 1790 1364 1830 1385; x_wconf 91' lang='lat' dir='ltr'>m.</span> 
     </span>
     <span class='ocr_line' id='line_1_78' title="bbox 1044 1398 1832 1440; baseline -0.003 -8"><span class='ocrx_word' id='word_1_459' title='bbox 1044 1405 1130 1438; x_wconf 81' lang='lat' dir='ltr'>angl.</span> <span class='ocrx_word' id='word_1_460' title='bbox 1153 1410 1172 1431; x_wconf 89' lang='lat' dir='ltr'>a</span> <span class='ocrx_word' id='word_1_461' title='bbox 1189 1404 1316 1438; x_wconf 81' lang='lat' dir='ltr'>Cartn.;</span> <span class='ocrx_word' id='word_1_462' title='bbox 1342 1402 1400 1430; x_wconf 89' lang='lat' dir='ltr'>sed</span> <span class='ocrx_word' id='word_1_463' title='bbox 1427 1401 1522 1430; x_wconf 91' lang='lat' dir='ltr'>collis</span> <span class='ocrx_word' id='word_1_464' title='bbox 1545 1398 1611 1428; x_wconf 75' lang='lat'>419</span> <span class='ocrx_word' id='word_1_465' title='bbox 1635 1399 1694 1440; x_wconf 85' lang='lat' dir='ltr'>qui</span> <span class='ocrx_word' id='word_1_466' title='bbox 1717 1398 1832 1440; x_wconf 82' lang='lat' dir='ltr'>pluri-</span> 
     </span>
     <span class='ocr_line' id='line_1_79' title="bbox 1045 1445 1834 1483; baseline 0 -7"><span class='ocrx_word' id='word_1_467' title='bbox 1045 1456 1119 1477; x_wconf 85' lang='lat' dir='ltr'>mus</span> <span class='ocrx_word' id='word_1_468' title='bbox 1145 1445 1221 1476; x_wconf 82' lang='lat' dir='ltr'>urbi</span> <span class='ocrx_word' id='word_1_469' title='bbox 1245 1445 1397 1476; x_wconf 80' lang='lat' dir='ltr'>imminet</span> <span class='ocrx_word' id='word_1_470' title='bbox 1425 1452 1474 1475; x_wconf 85' lang='lat' dir='ltr'>est</span> <span class='ocrx_word' id='word_1_471' title='bbox 1500 1446 1567 1475; x_wconf 85' lang='lat' dir='ltr'>Sidi</span> <span class='ocrx_word' id='word_1_472' title='bbox 1588 1447 1722 1483; x_wconf 85' lang='lat' dir='ltr'>Bosaid,</span> <span class='ocrx_word' id='word_1_473' title='bbox 1749 1449 1834 1476; x_wconf 90' lang='lat' dir='ltr'>unde</span> 
     </span>
     <span class='ocr_line' id='line_1_80' title="bbox 1045 1492 1834 1528; baseline -0.001 -6"><span class='ocrx_word' id='word_1_474' title='bbox 1045 1494 1178 1528; x_wconf 80' lang='lat' dir='ltr'>singula</span> <span class='ocrx_word' id='word_1_475' title='bbox 1216 1493 1303 1521; x_wconf 90' lang='lat' dir='ltr'>urbis</span> <span class='ocrx_word' id='word_1_476' title='bbox 1342 1497 1489 1528; x_wconf 83' lang='lat' dir='ltr'>poterant</span> <span class='ocrx_word' id='word_1_477' title='bbox 1533 1492 1691 1527; x_wconf 90' lang='lat' dir='ltr'>conspici.</span> <span class='ocrx_word' id='word_1_478' title='bbox 1742 1494 1834 1521; x_wconf 86' lang='lat' dir='ltr'>Hanc</span> 
     </span>
     <span class='ocr_line' id='line_1_81' title="bbox 1047 1534 1835 1573; baseline -0.001 -6"><span class='ocrx_word' id='word_1_479' title='bbox 1047 1548 1113 1568; x_wconf 84' lang='lat' dir='ltr'>rem</span> <span class='ocrx_word' id='word_1_480' title='bbox 1139 1539 1290 1573; x_wconf 84' lang='lat' dir='ltr'>exposuit</span> <span class='ocrx_word' id='word_1_481' title='bbox 1322 1535 1445 1567; x_wconf 82' lang='lat' dir='ltr'>Goebel</span> <span class='ocrx_word' id='word_1_482' title='bbox 1464 1534 1560 1566; x_wconf 82' lang='lat' dir='ltr'>lerb.</span> <span class='ocrx_word' id='word_1_483' title='bbox 1594 1537 1676 1565; x_wconf 70' lang='lat'>¹864</span> <span class='ocrx_word' id='word_1_484' title='bbox 1703 1546 1733 1573; x_wconf 91' lang='lat' dir='ltr'>p.</span> <span class='ocrx_word' id='word_1_485' title='bbox 1758 1538 1835 1567; x_wconf 85' lang='lat'>658.</span> 
     </span>
     <span class='ocr_line' id='line_1_82' title="bbox 1046 1583 1836 1613; baseline -0.001 0"><span class='ocrx_word' id='word_1_486' title='bbox 1046 1601 1091 1604; x_wconf 97' lang='lat'><strong>—</strong></span> <span class='ocrx_word' id='word_1_487' title='bbox 1107 1585 1244 1613; x_wconf 84' lang='lat' dir='ltr'>Mediam</span> <span class='ocrx_word' id='word_1_488' title='bbox 1268 1584 1299 1612; x_wconf 89' lang='lat' dir='ltr'>in</span> <span class='ocrx_word' id='word_1_489' title='bbox 1317 1588 1432 1612; x_wconf 84' lang='lat' dir='ltr'>terram</span> <span class='ocrx_word' id='word_1_490' title='bbox 1452 1583 1573 1611; x_wconf 79' lang='lat' dir='ltr'>recedit</span> <span class='ocrx_word' id='word_1_491' title='bbox 1589 1587 1618 1611; x_wconf 85' lang='lat' dir='ltr'>et</span> <span class='ocrx_word' id='word_1_492' title='bbox 1637 1591 1674 1611; x_wconf 86' lang='lat' dir='ltr'>se</span> <span class='ocrx_word' id='word_1_493' title='bbox 1691 1583 1836 1612; x_wconf 81' lang='lat' dir='ltr'>insinuat</span> 
     </span>
     <span class='ocr_line' id='line_1_83' title="bbox 1048 1630 1836 1663; baseline 0 -5"><span class='ocrx_word' id='word_1_494' title='bbox 1048 1638 1136 1659; x_wconf 88' lang='lat' dir='ltr'>mare</span> <span class='ocrx_word' id='word_1_495' title='bbox 1163 1634 1192 1658; x_wconf 82' lang='lat' dir='ltr'>et</span> <span class='ocrx_word' id='word_1_496' title='bbox 1217 1630 1343 1658; x_wconf 86' lang='lat' dir='ltr'>obiecta</span> <span class='ocrx_word' id='word_1_497' title='bbox 1370 1630 1491 1663; x_wconf 83' lang='lat' dir='ltr'>insuta,</span> <span class='ocrx_word' id='word_1_498' title='bbox 1517 1636 1580 1663; x_wconf 81' lang='lat' dir='ltr'>qua</span> <span class='ocrx_word' id='word_1_499' title='bbox 1597 1636 1710 1657; x_wconf 86' lang='lat' dir='ltr'>omnes</span> <span class='ocrx_word' id='word_1_500' title='bbox 1729 1630 1836 1658; x_wconf 89' lang='lat' dir='ltr'>undae</span> 
     </span>
     <span class='ocr_line' id='line_1_84' title="bbox 1047 1674 1833 1711; baseline -0.003 -7"><span class='ocrx_word' id='word_1_501' title='bbox 1047 1676 1251 1711; x_wconf 82' lang='lat' dir='ltr'>franguntur,</span> <span class='ocrx_word' id='word_1_502' title='bbox 1287 1680 1373 1703; x_wconf 77' lang='lat' dir='ltr'>tutus</span> <span class='ocrx_word' id='word_1_503' title='bbox 1408 1674 1544 1702; x_wconf 85' lang='lat' dir='ltr'>efficitur</span> <span class='ocrx_word' id='word_1_504' title='bbox 1569 1679 1700 1710; x_wconf 89' lang='lat' dir='ltr'>portus,</span> <span class='ocrx_word' id='word_1_505' title='bbox 1731 1675 1772 1703; x_wconf 84' lang='lat' dir='ltr'>cf.</span> <span class='ocrx_word' id='word_1_506' title='bbox 1801 1674 1833 1711; x_wconf 83' lang='grc'>8,</span> 
     </span>
     <span class='ocr_line' id='line_1_85' title="bbox 1051 1717 1835 1759; baseline -0.001 -10"><span class='ocrx_word' id='word_1_507' title='bbox 1051 1720 1124 1750; x_wconf 87' lang='grc'>193.</span> <span class='ocrx_word' id='word_1_508' title='bbox 1174 1717 1295 1749; x_wconf 80' lang='lat' dir='ltr'>Insula</span> <span class='ocrx_word' id='word_1_509' title='bbox 1314 1721 1450 1759; x_wconf 71' lang='lat' dir='ltr'>portum</span> <span class='ocrx_word' id='word_1_510' title='bbox 1470 1717 1577 1757; x_wconf 73' lang='lat' dir='ltr'>efficit</span> <span class='ocrx_word' id='word_1_511' title='bbox 1596 1717 1726 1748; x_wconf 76' lang='lat' dir='ltr'>obiectu</span> <span class='ocrx_word' id='word_1_512' title='bbox 1747 1717 1835 1748; x_wconf 79' lang='lat' dir='ltr'>lale-</span> 
     </span>
     <span class='ocr_line' id='line_1_86' title="bbox 1048 1762 1874 1801; baseline -0.001 -6"><span class='ocrx_word' id='word_1_513' title='bbox 1048 1775 1134 1795; x_wconf 88' lang='lat' dir='ltr'>rum.</span> <span class='ocrx_word' id='word_1_514' title='bbox 1182 1765 1229 1795; x_wconf 79' lang='lat' dir='ltr'>Cf.</span> <span class='ocrx_word' id='word_1_515' title='bbox 1261 1767 1356 1795; x_wconf 81' lang='lat' dir='ltr'>caes.</span> <span class='ocrx_word' id='word_1_516' title='bbox 1393 1766 1430 1793; x_wconf 91' lang='grc' dir='ltr'>Β.</span> <span class='ocrx_word' id='word_1_517' title='bbox 1464 1765 1498 1794; x_wconf 90' lang='lat' dir='ltr'>C.</span> <span class='ocrx_word' id='word_1_518' title='bbox 1531 1764 1569 1800; x_wconf 86' lang='lat'>3,</span> <span class='ocrx_word' id='word_1_519' title='bbox 1609 1764 1680 1794; x_wconf 87' lang='lat'>112.</span> <span class='ocrx_word' id='word_1_520' title='bbox 1738 1762 1835 1795; x_wconf 85' lang='lat' dir='ltr'>Haec</span> <span class='ocrx_word' id='word_1_521' title='bbox 1871 1799 1874 1801; x_wconf 18' lang='lat' dir='ltr'>q</span> 
     </span>
     <span class='ocr_line' id='line_1_87' title="bbox 1047 1807 1837 1848; baseline 0 -8"><span class='ocrx_word' id='word_1_522' title='bbox 1047 1811 1212 1848; x_wconf 81' lang='lat' dir='ltr'>(Pharos)</span> <span class='ocrx_word' id='word_1_523' title='bbox 1264 1807 1379 1839; x_wconf 74' lang='lat' dir='ltr'>insula</span> <span class='ocrx_word' id='word_1_524' title='bbox 1429 1807 1559 1839; x_wconf 71' lang='lat' dir='ltr'>obiecta</span> <span class='ocrx_word' id='word_1_525' title='bbox 1601 1807 1837 1840; x_wconf 64' lang='lat' dir='ltr'>Alea-andriae</span> 
     </span>
     <span class='ocr_line' id='line_1_88' title="bbox 1046 1853 1835 1897; baseline -0.001 -12"><span class='ocrx_word' id='word_1_526' title='bbox 1046 1859 1180 1897; x_wconf 78' lang='lat' dir='ltr'>portum</span> <span class='ocrx_word' id='word_1_527' title='bbox 1209 1853 1326 1894; x_wconf 77' lang='lat' dir='ltr'>efficit.</span> <span class='ocrx_word' id='word_1_528' title='bbox 1374 1855 1526 1884; x_wconf 84' lang='lat' dir='ltr'>Proxime</span> <span class='ocrx_word' id='word_1_529' title='bbox 1552 1857 1592 1884; x_wconf 88' lang='lat' dir='ltr'>ad</span> <span class='ocrx_word' id='word_1_530' title='bbox 1617 1858 1702 1885; x_wconf 81' lang='lat' dir='ltr'>hunc</span> <span class='ocrx_word' id='word_1_531' title='bbox 1727 1857 1835 1885; x_wconf 89' lang='lat' dir='ltr'>locum</span> 
     </span>
     <span class='ocr_line' id='line_1_89' title="bbox 1048 1898 1836 1934; baseline -0.001 -3"><span class='ocrx_word' id='word_1_532' title='bbox 1048 1902 1173 1931; x_wconf 84' lang='lat' dir='ltr'>accedit</span> <span class='ocrx_word' id='word_1_533' title='bbox 1205 1902 1306 1930; x_wconf 89' lang='lat' dir='ltr'>Solin.</span> <span class='ocrx_word' id='word_1_534' title='bbox 1344 1901 1380 1934; x_wconf 83' lang='lat'>7,</span> <span class='ocrx_word' id='word_1_535' title='bbox 1418 1900 1472 1929; x_wconf 69' lang='lat'>24.</span> <span class='ocrx_word' id='word_1_536' title='bbox 1535 1898 1679 1930; x_wconf 85' lang='lat' dir='ltr'>Enbaea</span> <span class='ocrx_word' id='word_1_537' title='bbox 1718 1898 1836 1930; x_wconf 82' lang='lat' dir='ltr'>insula</span> 
     </span>
     <span class='ocr_line' id='line_1_90' title="bbox 1049 1943 1837 1986; baseline -0.001 -10"><span class='ocrx_word' id='word_1_538' title='bbox 1049 1945 1193 1976; x_wconf 84' lang='lat' dir='ltr'>laterum</span> <span class='ocrx_word' id='word_1_539' title='bbox 1221 1944 1350 1975; x_wconf 83' lang='lat' dir='ltr'>obiectu</span> <span class='ocrx_word' id='word_1_540' title='bbox 1381 1943 1489 1985; x_wconf 80' lang='lat' dir='ltr'>efficit</span> <span class='ocrx_word' id='word_1_541' title='bbox 1515 1943 1655 1975; x_wconf 82' lang='lat' dir='ltr'>Aulidis</span> <span class='ocrx_word' id='word_1_542' title='bbox 1687 1949 1837 1986; x_wconf 81' lang='lat' dir='ltr'>portum.</span> 
     </span>
     <span class='ocr_line' id='line_1_91' title="bbox 1048 1989 1835 2021; baseline -0.001 0"><span class='ocrx_word' id='word_1_543' title='bbox 1048 2009 1091 2013; x_wconf 72' lang='lat'>—</span> <span class='ocrx_word' id='word_1_544' title='bbox 1112 1994 1159 2021; x_wconf 89' lang='lat' dir='ltr'>De</span> <span class='ocrx_word' id='word_1_545' title='bbox 1183 1996 1347 2021; x_wconf 87' lang='lat' dir='ltr'>structura</span> <span class='ocrx_word' id='word_1_546' title='bbox 1369 1989 1498 2020; x_wconf 80' lang='lat' dir='ltr'>obiectu</span> <span class='ocrx_word' id='word_1_547' title='bbox 1524 1989 1670 2020; x_wconf 81' lang='lat' dir='ltr'>laterum</span> <span class='ocrx_word' id='word_1_548' title='bbox 1694 1992 1735 2021; x_wconf 87' lang='lat' dir='ltr'>cf.</span> <span class='ocrx_word' id='word_1_549' title='bbox 1758 1991 1835 2021; x_wconf 82' lang='grc'><strong>677.</strong></span> 
     </span>
    </p>

    <p class='ocr_par' dir='ltr' id='par_1_16' title="bbox 1049 2035 1837 2391">
     <span class='ocr_line' id='line_1_92' title="bbox 1096 2035 1836 2073; baseline 0.001 -8"><span class='ocrx_word' id='word_1_550' title='bbox 1096 2037 1169 2066; x_wconf 88' lang='grc'>161.</span> <span class='ocrx_word' id='word_1_551' title='bbox 1196 2038 1317 2066; x_wconf 88' lang='lat' dir='ltr'>Similis</span> <span class='ocrx_word' id='word_1_552' title='bbox 1342 2039 1436 2065; x_wconf 91' lang='lat' dir='ltr'>locus</span> <span class='ocrx_word' id='word_1_553' title='bbox 1460 2039 1496 2065; x_wconf 88' lang='lat' dir='ltr'>G.</span> <span class='ocrx_word' id='word_1_554' title='bbox 1519 2035 1550 2073; x_wconf 81' lang='lat'>4,</span> <span class='ocrx_word' id='word_1_555' title='bbox 1572 2035 1648 2065; x_wconf 80' lang='lat'>420.</span> <span class='ocrx_word' id='word_1_556' title='bbox 1669 2053 1714 2057; x_wconf 79' lang='lat'><strong>—</strong></span> <span class='ocrx_word' id='word_1_557' title='bbox 1733 2040 1836 2066; x_wconf 80' lang='lat' dir='ltr'>Fran-</span> 
     </span>
     <span class='ocr_line' id='line_1_93' title="bbox 1049 2083 1833 2120; baseline -0.001 -8"><span class='ocrx_word' id='word_1_558' title='bbox 1049 2088 1164 2120; x_wconf 80' lang='lat' dir='ltr'>guntur</span> <span class='ocrx_word' id='word_1_559' title='bbox 1196 2085 1299 2111; x_wconf 83' lang='lat' dir='ltr'>undae</span> <span class='ocrx_word' id='word_1_560' title='bbox 1333 2087 1363 2111; x_wconf 78' lang='lat' dir='ltr'>et</span> <span class='ocrx_word' id='word_1_561' title='bbox 1394 2083 1542 2111; x_wconf 86' lang='lat' dir='ltr'>recedunt</span> <span class='ocrx_word' id='word_1_562' title='bbox 1571 2083 1693 2111; x_wconf 88' lang='lat' dir='ltr'>sensim</span> <span class='ocrx_word' id='word_1_563' title='bbox 1717 2084 1833 2111; x_wconf 83' lang='lat' dir='ltr'>dilata-</span> 
     </span>
     <span class='ocr_line' id='line_1_94' title="bbox 1050 2129 1834 2162; baseline -0.003 -4"><span class='ocrx_word' id='word_1_564' title='bbox 1050 2131 1090 2158; x_wconf 81' lang='lat' dir='ltr'>tis</span> <span class='ocrx_word' id='word_1_565' title='bbox 1121 2130 1265 2159; x_wconf 83' lang='lat' dir='ltr'>orbibus.</span> <span class='ocrx_word' id='word_1_566' title='bbox 1299 2130 1401 2157; x_wconf 86' lang='lat' dir='ltr'>undae</span> <span class='ocrx_word' id='word_1_567' title='bbox 1430 2129 1514 2156; x_wconf 89' lang='lat' dir='ltr'>enim</span> <span class='ocrx_word' id='word_1_568' title='bbox 1543 2130 1690 2162; x_wconf 83' lang='lat' dir='ltr'>repulsae</span> <span class='ocrx_word' id='word_1_569' title='bbox 1722 2129 1754 2156; x_wconf 90' lang='lat' dir='ltr'>in</span> <span class='ocrx_word' id='word_1_570' title='bbox 1785 2129 1834 2156; x_wconf 89' lang='lat' dir='ltr'>in-</span> 
     </span>
     <span class='ocr_line' id='line_1_95' title="bbox 1050 2174 1835 2203; baseline -0.001 0"><span class='ocrx_word' id='word_1_571' title='bbox 1050 2175 1168 2203; x_wconf 78' lang='lat' dir='ltr'>finitam</span> <span class='ocrx_word' id='word_1_572' title='bbox 1216 2174 1338 2203; x_wconf 84' lang='lat' dir='ltr'>orbium</span> <span class='ocrx_word' id='word_1_573' title='bbox 1384 2174 1616 2202; x_wconf 83' lang='lat' dir='ltr'>multitudinem</span> <span class='ocrx_word' id='word_1_574' title='bbox 1655 2175 1835 2203; x_wconf 81' lang='lat' dir='ltr'>solvuntur.</span> 
     </span>
     <span class='ocr_line' id='line_1_96' title="bbox 1052 2216 1837 2256; baseline -0.003 -7"><span class='ocrx_word' id='word_1_575' title='bbox 1052 2217 1103 2249; x_wconf 87' lang='lat' dir='ltr'>Ab</span> <span class='ocrx_word' id='word_1_576' title='bbox 1121 2217 1192 2249; x_wconf 85' lang='lat' dir='ltr'>alto</span> <span class='ocrx_word' id='word_1_577' title='bbox 1212 2220 1369 2256; x_wconf 82' lang='lat' dir='ltr'>frangitur</span> <span class='ocrx_word' id='word_1_578' title='bbox 1393 2216 1490 2256; x_wconf 81' lang='lat' dir='ltr'>(vom</span> <span class='ocrx_word' id='word_1_579' title='bbox 1517 2216 1623 2247; x_wconf 84' lang='lat' dir='ltr'>hohen</span> <span class='ocrx_word' id='word_1_580' title='bbox 1650 2216 1760 2248; x_wconf 79' lang='lat' dir='ltr'>Meere</span> <span class='ocrx_word' id='word_1_581' title='bbox 1777 2216 1837 2248; x_wconf 80' lang='lat' dir='ltr'>her</span> 
     </span>
     <span class='ocr_line' id='line_1_97' title="bbox 1052 2261 1835 2303; baseline -0.001 -9"><span class='ocrx_word' id='word_1_582' title='bbox 1052 2262 1158 2294; x_wconf 59' lang='lat' dir='ltr'>brit-ht</span> <span class='ocrx_word' id='word_1_583' title='bbox 1185 2262 1255 2294; x_wconf 79' lang='lat' dir='ltr'>sich</span> <span class='ocrx_word' id='word_1_584' title='bbox 1281 2262 1336 2293; x_wconf 80' lang='lat' dir='ltr'>die</span> <span class='ocrx_word' id='word_1_585' title='bbox 1367 2261 1511 2303; x_wconf 82' lang='lat' dir='ltr'>Welle).</span> <span class='ocrx_word' id='word_1_586' title='bbox 1559 2265 1663 2298; x_wconf 80' lang='lat' dir='ltr'>Quare</span> <span class='ocrx_word' id='word_1_587' title='bbox 1691 2273 1752 2293; x_wconf 89' lang='lat' dir='ltr'>non</span> <span class='ocrx_word' id='word_1_588' title='bbox 1777 2271 1835 2299; x_wconf 83' lang='lat' dir='ltr'>ap-</span> 
     </span>
     <span class='ocr_line' id='line_1_98' title="bbox 1051 2307 1835 2345; baseline -0.001 -6"><span class='ocrx_word' id='word_1_589' title='bbox 1051 2314 1117 2339; x_wconf 86' lang='lat' dir='ltr'>tum</span> <span class='ocrx_word' id='word_1_590' title='bbox 1156 2311 1286 2345; x_wconf 67' lang='lat' dir='ltr'>iungere</span> <span class='ocrx_word' id='word_1_591' title='bbox 1325 2307 1434 2338; x_wconf 82' lang='lat' dir='ltr'>omnis</span> <span class='ocrx_word' id='word_1_592' title='bbox 1473 2307 1516 2338; x_wconf 86' lang='lat' dir='ltr'>ab</span> <span class='ocrx_word' id='word_1_593' title='bbox 1549 2307 1621 2339; x_wconf 79' lang='lat' dir='ltr'>alto</span> <span class='ocrx_word' id='word_1_594' title='bbox 1659 2307 1755 2338; x_wconf 79' lang='lat' dir='ltr'>unda</span> <span class='ocrx_word' id='word_1_595' title='bbox 1795 2311 1835 2338; x_wconf 86' lang='lat' dir='ltr'>ad</span> 
     </span>
     <span class='ocr_line' id='line_1_99' title="bbox 1050 2352 1435 2391; baseline -0.003 -7"><span class='ocrx_word' id='word_1_596' title='bbox 1050 2364 1192 2384; x_wconf 85' lang='lat' dir='ltr'>normam</span> <span class='ocrx_word' id='word_1_597' title='bbox 1215 2356 1277 2385; x_wconf 87' lang='lat' dir='ltr'>loci</span> <span class='ocrx_word' id='word_1_598' title='bbox 1298 2354 1335 2391; x_wconf 71' lang='lat'>7,</span> <span class='ocrx_word' id='word_1_599' title='bbox 1360 2352 1435 2383; x_wconf 78' lang='lat'>647.</span> 
     </span>
    </p>

    <p class='ocr_par' dir='ltr' id='par_1_17' title="bbox 1050 2396 1838 3018">
     <span class='ocr_line' id='line_1_100' title="bbox 1101 2396 1835 2439; baseline -0.001 -10"><span class='ocrx_word' id='word_1_600' title='bbox 1101 2400 1171 2429; x_wconf 85' lang='lat'>162.</span> <span class='ocrx_word' id='word_1_601' title='bbox 1197 2397 1275 2429; x_wconf 79' lang='lat' dir='ltr'>hinc</span> <span class='ocrx_word' id='word_1_602' title='bbox 1293 2403 1396 2439; x_wconf 79' lang='lat' dir='ltr'>atque</span> <span class='ocrx_word' id='word_1_603' title='bbox 1413 2396 1510 2428; x_wconf 82' lang='lat' dir='ltr'>hinc.-</span> <span class='ocrx_word' id='word_1_604' title='bbox 1529 2408 1569 2428; x_wconf 86' lang='lat' dir='ltr'>ex</span> <span class='ocrx_word' id='word_1_605' title='bbox 1585 2403 1717 2434; x_wconf 80' lang='lat' dir='ltr'>utraque</span> <span class='ocrx_word' id='word_1_606' title='bbox 1730 2403 1835 2436; x_wconf 82' lang='lat' dir='ltr'>parte;</span> 
     </span>
     <span class='ocr_line' id='line_1_101' title="bbox 1051 2442 1836 2482; baseline -0.003 -7"><span class='ocrx_word' id='word_1_607' title='bbox 1051 2447 1095 2475; x_wconf 87' lang='lat' dir='ltr'>ita</span> <span class='ocrx_word' id='word_1_608' title='bbox 1125 2445 1162 2482; x_wconf 81' lang='lat'>4,</span> <span class='ocrx_word' id='word_1_609' title='bbox 1194 2444 1268 2474; x_wconf 70' lang='lat'>447.</span> <span class='ocrx_word' id='word_1_610' title='bbox 1312 2444 1349 2481; x_wconf 83' lang='lat'>8,</span> <span class='ocrx_word' id='word_1_611' title='bbox 1379 2444 1454 2473; x_wconf 76' lang='lat'>387.</span> <span class='ocrx_word' id='word_1_612' title='bbox 1496 2442 1552 2474; x_wconf 87' lang='lat'>12.</span> <span class='ocrx_word' id='word_1_613' title='bbox 1585 2443 1647 2474; x_wconf 77' lang='lat'>431</span> <span class='ocrx_word' id='word_1_614' title='bbox 1683 2454 1723 2473; x_wconf 86' lang='lat' dir='ltr'>ex</span> <span class='ocrx_word' id='word_1_615' title='bbox 1750 2445 1836 2474; x_wconf 88' lang='lat' dir='ltr'>omni</span> 
     </span>
     <span class='ocr_line' id='line_1_102' title="bbox 1050 2488 1838 2527; baseline -0.003 -7"><span class='ocrx_word' id='word_1_616' title='bbox 1050 2496 1138 2527; x_wconf 86' lang='lat' dir='ltr'>parte</span> <span class='ocrx_word' id='word_1_617' title='bbox 1163 2500 1194 2520; x_wconf 74' lang='lat' dir='ltr'>v.</span> <span class='ocrx_word' id='word_1_618' title='bbox 1221 2489 1296 2519; x_wconf 89' lang='lat'>500.</span> <span class='ocrx_word' id='word_1_619' title='bbox 1322 2490 1360 2527; x_wconf 81' lang='lat'>9,</span> <span class='ocrx_word' id='word_1_620' title='bbox 1393 2488 1468 2517; x_wconf 87' lang='grc'>380.</span> <span class='ocrx_word' id='word_1_621' title='bbox 1496 2489 1572 2518; x_wconf 89' lang='grc'><strong>550.</strong></span> <span class='ocrx_word' id='word_1_622' title='bbox 1620 2491 1738 2519; x_wconf 77' lang='lat' dir='ltr'>Imitati</span> <span class='ocrx_word' id='word_1_623' title='bbox 1762 2494 1838 2519; x_wconf 81' lang='lat' dir='ltr'>sunt</span> 
     </span>
     <span class='ocr_line' id='line_1_103' title="bbox 1051 2533 1836 2571; baseline -0.001 -6"><span class='ocrx_word' id='word_1_624' title='bbox 1051 2539 1128 2565; x_wconf 83' lang='lat' dir='ltr'>Stat.</span> <span class='ocrx_word' id='word_1_625' title='bbox 1155 2537 1235 2564; x_wconf 82' lang='lat' dir='ltr'>Silv.</span> <span class='ocrx_word' id='word_1_626' title='bbox 1261 2535 1291 2571; x_wconf 77' lang='lat'>⁶2,</span> <span class='ocrx_word' id='word_1_627' title='bbox 1317 2535 1347 2565; x_wconf 80' lang='lat'>2.</span> <span class='ocrx_word' id='word_1_628' title='bbox 1374 2533 1402 2563; x_wconf 81' lang='lat'>4.</span> <span class='ocrx_word' id='word_1_629' title='bbox 1443 2538 1534 2563; x_wconf 82' lang='lat' dir='ltr'>Mart.</span> <span class='ocrx_word' id='word_1_630' title='bbox 1558 2533 1608 2571; x_wconf 75' lang='lat'>10,</span> <span class='ocrx_word' id='word_1_631' title='bbox 1633 2535 1686 2569; x_wconf 84' lang='grc'>83.</span> <span class='ocrx_word' id='word_1_632' title='bbox 1714 2535 1742 2564; x_wconf 90' lang='grc'>1.</span> <span class='ocrx_word' id='word_1_633' title='bbox 1772 2543 1836 2564; x_wconf 89' lang='lat' dir='ltr'>non</span> 
     </span>
     <span class='ocr_line' id='line_1_104' title="bbox 1050 2578 1836 2616; baseline -0.003 -5"><span class='ocrx_word' id='word_1_634' title='bbox 1050 2583 1235 2616; x_wconf 82' lang='lat' dir='ltr'>scriptores.</span> <span class='ocrx_word' id='word_1_635' title='bbox 1263 2588 1452 2615; x_wconf 81' lang='lat' dir='ltr'>quamquam</span> <span class='ocrx_word' id='word_1_636' title='bbox 1476 2578 1554 2609; x_wconf 81' lang='lat' dir='ltr'>hinc</span> <span class='ocrx_word' id='word_1_637' title='bbox 1582 2597 1619 2600; x_wconf 84' lang='lat'>—</span> <span class='ocrx_word' id='word_1_638' title='bbox 1647 2578 1726 2609; x_wconf 81' lang='lat' dir='ltr'>hinc</span> <span class='ocrx_word' id='word_1_639' title='bbox 1750 2589 1836 2610; x_wconf 87' lang='lat' dir='ltr'>rece-</span> 
     </span>
     <span class='ocr_line' id='line_1_105' title="bbox 1050 2623 1835 2665; baseline -0.003 -10"><span class='ocrx_word' id='word_1_640' title='bbox 1050 2632 1161 2662; x_wconf 83' lang='lat' dir='ltr'>perunt</span> <span class='ocrx_word' id='word_1_641' title='bbox 1189 2628 1260 2655; x_wconf 82' lang='lat' dir='ltr'>inde</span> <span class='ocrx_word' id='word_1_642' title='bbox 1283 2634 1303 2655; x_wconf 80' lang='lat' dir='ltr'>a</span> <span class='ocrx_word' id='word_1_643' title='bbox 1328 2627 1430 2654; x_wconf 79' lang='lat' dir='ltr'>Livio.</span> <span class='ocrx_word' id='word_1_644' title='bbox 1480 2623 1544 2654; x_wconf 78' lang='lat' dir='ltr'>hnc</span> <span class='ocrx_word' id='word_1_645' title='bbox 1567 2629 1670 2665; x_wconf 73' lang='lat' dir='ltr'>atque</span> <span class='ocrx_word' id='word_1_646' title='bbox 1694 2623 1758 2654; x_wconf 78' lang='lat' dir='ltr'>huc</span> <span class='ocrx_word' id='word_1_647' title='bbox 1787 2625 1835 2661; x_wconf 92' lang='grc'>11,</span> 
     </span>
     <span class='ocr_line' id='line_1_106' title="bbox 1051 2668 1835 2705; baseline -0.004 -4"><span class='ocrx_word' id='word_1_648' title='bbox 1051 2673 1127 2701; x_wconf 76' lang='grc'>6111.</span> <span class='ocrx_word' id='word_1_649' title='bbox 1176 2672 1230 2700; x_wconf 82' lang='lat'>12.</span> <span class='ocrx_word' id='word_1_650' title='bbox 1267 2672 1410 2700; x_wconf 59' lang='grc'>5513.-</span> <span class='ocrx_word' id='word_1_651' title='bbox 1453 2668 1588 2699; x_wconf 77' lang='lat' dir='ltr'>Gemini</span> <span class='ocrx_word' id='word_1_652' title='bbox 1622 2673 1682 2700; x_wconf 87' lang='lat' dir='ltr'>dno</span> <span class='ocrx_word' id='word_1_653' title='bbox 1713 2671 1835 2705; x_wconf 86' lang='lat' dir='ltr'>scopuli</span> 
     </span>
     <span class='ocr_line' id='line_1_107' title="bbox 1051 2717 1835 2754; baseline -0.003 -8"><span class='ocrx_word' id='word_1_654' title='bbox 1051 2719 1206 2754; x_wconf 86' lang='lat' dir='ltr'>dicuntur,</span> <span class='ocrx_word' id='word_1_655' title='bbox 1231 2719 1312 2752; x_wconf 83' lang='lat' dir='ltr'>quod</span> <span class='ocrx_word' id='word_1_656' title='bbox 1332 2718 1474 2752; x_wconf 87' lang='lat' dir='ltr'>proxime</span> <span class='ocrx_word' id='word_1_657' title='bbox 1494 2717 1576 2745; x_wconf 85' lang='lat' dir='ltr'>inter</span> <span class='ocrx_word' id='word_1_658' title='bbox 1593 2725 1628 2745; x_wconf 88' lang='lat' dir='ltr'>se</span> <span class='ocrx_word' id='word_1_659' title='bbox 1652 2718 1835 2752; x_wconf 81' lang='lat' dir='ltr'>iunguntur,</span> 
     </span>
     <span class='ocr_line' id='line_1_108' title="bbox 1051 2760 1836 2803; baseline -0.004 -11"><span class='ocrx_word' id='word_1_660' title='bbox 1051 2764 1088 2793; x_wconf 87' lang='lat' dir='ltr'>cf.</span> <span class='ocrx_word' id='word_1_661' title='bbox 1115 2761 1246 2803; x_wconf 75' lang='lat' dir='ltr'>gemini</span> <span class='ocrx_word' id='word_1_662' title='bbox 1275 2760 1441 2791; x_wconf 76' lang='lat' dir='ltr'>dracones</span> <span class='ocrx_word' id='word_1_663' title='bbox 1472 2762 1508 2796; x_wconf 85' lang='lat'>2,</span> <span class='ocrx_word' id='word_1_664' title='bbox 1541 2761 1615 2790; x_wconf 80' lang='lat'>⁶203.</span> <span class='ocrx_word' id='word_1_665' title='bbox 1667 2762 1745 2790; x_wconf 74' lang='lat' dir='ltr'>sunt</span> <span class='ocrx_word' id='word_1_666' title='bbox 1772 2769 1836 2801; x_wconf 83' lang='lat' dir='ltr'>ge-</span> 
     </span>
     <span class='ocr_line' id='line_1_109' title="bbox 1051 2803 1837 2847; baseline 0 -11"><span class='ocrx_word' id='word_1_667' title='bbox 1051 2806 1166 2837; x_wconf 83' lang='lat' dir='ltr'>minae</span> <span class='ocrx_word' id='word_1_668' title='bbox 1196 2806 1305 2836; x_wconf 79' lang='lat' dir='ltr'>somni</span> <span class='ocrx_word' id='word_1_669' title='bbox 1334 2810 1456 2847; x_wconf 79' lang='lat' dir='ltr'>portae</span> <span class='ocrx_word' id='word_1_670' title='bbox 1484 2806 1520 2838; x_wconf 71' lang='lat'>4.</span> <span class='ocrx_word' id='word_1_671' title='bbox 1553 2806 1627 2835; x_wconf 71' lang='lat'>894.</span> <span class='ocrx_word' id='word_1_672' title='bbox 1673 2803 1837 2845; x_wconf 76' lang='lat' dir='ltr'>geminae</span> 
     </span>
     <span class='ocr_line' id='line_1_110' title="bbox 1053 2849 1837 2892; baseline -0.003 -10"><span class='ocrx_word' id='word_1_673' title='bbox 1053 2851 1177 2882; x_wconf 79' lang='lat' dir='ltr'>cristae</span> <span class='ocrx_word' id='word_1_674' title='bbox 1199 2853 1230 2884; x_wconf 88' lang='lat'>6.</span> <span class='ocrx_word' id='word_1_675' title='bbox 1253 2852 1328 2881; x_wconf 74' lang='lat'>780.</span> <span class='ocrx_word' id='word_1_676' title='bbox 1375 2850 1534 2892; x_wconf 81' lang='lat' dir='ltr'>geminas</span> <span class='ocrx_word' id='word_1_677' title='bbox 1555 2849 1646 2880; x_wconf 83' lang='lat' dir='ltr'>acies</span> <span class='ocrx_word' id='word_1_678' title='bbox 1665 2861 1707 2876; x_wconf 88' lang='lat'><strong><em>=</em></strong></span> <span class='ocrx_word' id='word_1_679' title='bbox 1727 2853 1837 2881; x_wconf 91' lang='lat' dir='ltr'>oculos</span> 
     </span>
     <span class='ocr_line' id='line_1_111' title="bbox 1053 2896 1836 2933; baseline -0.004 -6"><span class='ocrx_word' id='word_1_680' title='bbox 1053 2898 1083 2929; x_wconf 85' lang='lat'>6.</span> <span class='ocrx_word' id='word_1_681' title='bbox 1108 2898 1183 2927; x_wconf 79' lang='lat'>789.</span> <span class='ocrx_word' id='word_1_682' title='bbox 1220 2914 1256 2917; x_wconf 98' lang='lat'><strong>—</strong></span> <span class='ocrx_word' id='word_1_683' title='bbox 1284 2896 1473 2933; x_wconf 80' lang='lat' dir='ltr'>minantur,</span> <span class='ocrx_word' id='word_1_684' title='bbox 1498 2906 1542 2926; x_wconf 86' lang='lat' dir='ltr'>sc.</span> <span class='ocrx_word' id='word_1_685' title='bbox 1568 2897 1742 2925; x_wconf 87' lang='lat' dir='ltr'>altitudine.</span> <span class='ocrx_word' id='word_1_686' title='bbox 1786 2897 1836 2925; x_wconf 87' lang='lat' dir='ltr'>Si-</span> 
     </span>
     <span class='ocr_line' id='line_1_112' title="bbox 1052 2940 1837 2980; baseline -0.003 -8"><span class='ocrx_word' id='word_1_687' title='bbox 1052 2945 1128 2973; x_wconf 91' lang='lat' dir='ltr'>mile</span> <span class='ocrx_word' id='word_1_688' title='bbox 1150 2951 1199 2978; x_wconf 86' lang='lat' dir='ltr'>ap.</span> <span class='ocrx_word' id='word_1_689' title='bbox 1227 2944 1282 2971; x_wconf 74' lang='lat' dir='ltr'>Sil:</span> <span class='ocrx_word' id='word_1_690' title='bbox 1309 2941 1346 2979; x_wconf 75' lang='lat'>4,</span> <span class='ocrx_word' id='word_1_691' title='bbox 1376 2942 1398 2970; x_wconf 90' lang='lat'>2</span> <span class='ocrx_word' id='word_1_692' title='bbox 1436 2940 1620 2980; x_wconf 74' lang='lat' dir='ltr'>Nubiferos</span> <span class='ocrx_word' id='word_1_693' title='bbox 1649 2943 1779 2971; x_wconf 79' lang='lat' dir='ltr'>montes</span> <span class='ocrx_word' id='word_1_694' title='bbox 1804 2943 1837 2970; x_wconf 84' lang='lat' dir='ltr'>et</span> 
     </span>
     <span class='ocr_line' id='line_1_113' title="bbox 1052 2985 1834 3018; baseline -0.004 0"><span class='ocrx_word' id='word_1_695' title='bbox 1052 2997 1138 3018; x_wconf 73' lang='lat' dir='ltr'>saxa</span> <span class='ocrx_word' id='word_1_696' title='bbox 1163 2986 1336 3018; x_wconf 80' lang='lat' dir='ltr'>minantia</span> <span class='ocrx_word' id='word_1_697' title='bbox 1359 2985 1454 3018; x_wconf 84' lang='lat' dir='ltr'>caelo</span> <span class='ocrx_word' id='word_1_698' title='bbox 1481 2997 1523 3012; x_wconf 67' lang='grc' dir='ltr'>ετ</span> <span class='ocrx_word' id='word_1_699' title='bbox 1551 2987 1584 3016; x_wconf 90' lang='grc'>111</span> <span class='ocrx_word' id='word_1_700' title='bbox 1611 2989 1745 3017; x_wconf 84' lang='lat' dir='ltr'>caelum.</span> <span class='ocrx_word' id='word_1_701' title='bbox 1796 2987 1834 3017; x_wconf 82' lang='lat' dir='ltr'>cf.</span> 
     </span>
    </p>
   </div>
   <div class='ocr_carea' id='block_1_14' title="bbox 1968 0 2037 1787">
    <p class='ocr_par' dir='ltr' id='par_1_18' title="bbox 1968 0 2037 1787">
     <span class='ocr_line' id='line_1_114' title="bbox 1968 0 2037 1787; baseline 0 0"><span class='ocrx_word' id='word_1_702' title='bbox 1968 0 2037 1787; x_wconf 95' lang='lat' dir='ltr'> </span> 
     </span>
    </p>
   </div>
  </div>
 </body>
</html>
