2023 3350
268 108 348 148 632

833 110 868 141 P.
896 108 1087 141 VIRGILII
1110 110 1318 145 MARONIS

267 220 477 270 Stridens,
512 222 554 260 et
587 219 745 259 celeres
783 219 1000 273 incognita
1036 223 1227 264 transilit
1255 224 1446 267 umbras:

266 278 380 318 Talis
418 290 461 317 se
503 279 597 317 sata
634 276 769 316 Nocte
806 277 908 318 tulit
946 280 1170 331 terrasque
1201 281 1362 333 petivit.

1804 287 1888 326 860

266 335 498 385 Postquam
522 332 635 373 acies
672 332 788 374 videt
819 334 974 376 Iliacas
1014 338 1145 388 atque
1181 338 1352 390 agmina
1390 340 1540 382 Turni:

265 390 391 431 Alitis
425 389 469 429 in
504 403 661 442 parvae
701 390 888 433 subitam
920 391 1100 433 collecta
1132 391 1323 446 figuram,

265 447 380 496 Quae
419 445 633 499 quondam
668 447 712 488 in
747 447 884 490 bustis
917 452 993 490 aut
1027 449 1280 492 culminibus
1312 451 1489 495 desertis

263 503 399 544 Nocte
436 503 587 545 sedens
623 518 764 546 serum
803 506 920 548 canit
957 506 1204 560 importuna
1240 521 1317 561 per
1357 510 1540 563 umbras,

264 559 386 601 Hanc
417 574 540 602 versa
582 562 625 603 in
662 561 831 614 faciem,
872 563 1005 604 Turni
1041 577 1085 605 se
1125 564 1257 618 pestis
1290 564 1344 606 ob
1383 580 1459 609 ora

1805 571 1887 610 865

264 618 446 671 Fertque
483 618 700 672 refertque
735 634 912 673 sonans3
953 621 1221 674 clipeumque
1258 621 1479 666 everberat
1518 625 1609 667 alis.

263 675 331 715 Illi
368 675 560 717 membra
590 690 723 719 novus
761 678 886 720 solvit
929 677 1156 719 formidine
1191 682 1352 733 torpor,

263 733 551 786 Arrectaeque
587 733 767 777 horrore
807 749 973 787 comae,
1014 739 1056 777 et
1093 749 1175 777 vox
1214 735 1406 778 faucibus
1439 737 1591 781 haesit.

263 790 335 837 At,
375 791 527 843 procul
557 794 604 832 ut
640 792 770 834 Dirae
805 793 1032 834 stridorem
1067 792 1270 846 adgnovit
1305 797 1346 835 et
1383 793 1486 847 alas,

263 846 415 888 Infelix
446 848 584 890 crines
622 849 779 892 scindit
812 851 991 892 Iuturna
1028 850 1201 901 solutos,

1808 855 1890 895 870

264 903 485 957 Unguibus
520 919 596 947 ora
635 920 756 949 soror
791 907 970 949 foedans
1008 911 1050 949 et
1088 911 1268 961 pectora
1305 908 1480 961 pugnis:

264 961 373 1011 Quid
410 977 520 1004 nunc
554 967 597 1005 te
629 967 722 1016 tua,
757 965 916 1017 Turne,
957 969 1103 1018 potest
1138 978 1340 1018 germana
1376 965 1550 1007 iuvare‘?

264 1021 350 1060 Aut
386 1019 489 1072 quid
516 1020 600 1062 iam
641 1021 773 1064 durae
811 1026 985 1076 superat
1019 1022 1151 1063 mihi?
1192 1036 1278 1076 qua
1311 1022 1391 1064 tibi
1429 1023 1566 1064 lucem

263 1078 366 1117 Arte
404 1079 571 1119 morer?
605 1079 713 1121 talin
747 1094 920 1133 possum
952 1094 1019 1121 me
1050 1093 1268 1134 opponere
1304 1080 1520 1122 monstro?

264 1134 356 1175 Iam
391 1134 476 1176 iam
515 1134 666 1189 linquo
705 1138 830 1179 acies.

890 1138 952 1179 Ne
986 1151 1054 1179 me
1086 1141 1245 1179 terrete
1284 1137 1516 1190 timentem,

1810 1139 1892 1179 875

265 1191 483 1234 Obscenae
520 1194 730 1236 volucres:
770 1195 935 1237 alarum
972 1194 1150 1236 verbera
1190 1208 1320 1236 nosco

263 1249 539 1303 Letalemque
575 1265 740 1304 sonum,
779 1267 856 1294 nec
891 1252 1047 1294 fallunt
1084 1252 1202 1294 iussa
1239 1251 1423 1305 superba

263 1306 525 1359 Magnanimi
561 1309 682 1351 Iovis.

742 1310 860 1352 Haec
896 1324 974 1364 pro
1009 1310 1256 1363 virginitate
1289 1308 1486 1362 reponit?

265 1364 355 1415 Quo
391 1365 523 1407 vitam
568 1366 687 1409 dedit
725 1368 974 1410 aeternam?
1011 1381 1085 1409 cur
1121 1367 1271 1409 mortis
1307 1367 1509 1420 adempta
1545 1369 1609 1408 est

265 1540 370 1569 Ceteri
394 1544 424 1569 et
456 1541 629 1576 scriptores
655 1546 685 1571 et
710 1546 821 1576 poetae
848 1542 998 1571 videntur
1020 1550 1057 1571 eo

264 1594 324 1615 usu
367 1587 577 1616 abstinuisse.
626 1589 675 1617 Ex
712 1588 821 1616 Ovidii
858 1589 1058 1618 carminibus

264 1633 327 1661 loci
352 1632 526 1661 afferuntur
550 1634 624 1662 Am.
650 1632 679 1667 3,
702 1630 777 1661 3:33.
811 1634 863 1662 Tr.
891 1632 921 1670 1,
949 1632 980 1670 9,
1005 1632 1058 1662 43.

262 1679 307 1707 Ib.
334 1675 398 1705 507
422 1678 505 1706 satis
528 1679 626 1707 dubii.
662 1675 782 1706 Telum
808 1675 1063 1708 immedicabile

264 1727 323 1759 est,
349 1724 430 1757 quod
457 1725 579 1752 vulnus
604 1723 681 1752 facit
705 1723 952 1753 immedicabile.

307 1777 384 1807 859.
417 1776 604 1818 Incognita
637 1780 657 1807 i.
685 1787 712 1808 e.
740 1779 920 1814 inopinanti
957 1781 1060 1808 advo-

263 1826 348 1860 lans,
373 1825 552 1859 improvisa
578 1830 605 1854 et
632 1825 800 1859 repentina
823 1826 989 1862 allabitur,
1030 1829 1060 1854 et

263 1867 421 1899 transilit
445 1867 596 1907 umbras,
637 1878 718 1905 quas
744 1871 830 1900 infra
855 1880 890 1900 se
914 1872 989 1906 ipsa
1010 1871 1059 1900 fa-

262 1916 315 1947 cit.
341 1916 415 1944 (lum
442 1923 498 1950 per
520 1923 627 1945 aerem
653 1918 756 1949 volat:
804 1921 833 1946 et
854 1914 980 1946 celeres
1002 1924 1060 1945 eae

263 1964 394 1990 umbrae
414 1966 499 1997 sunt,
539 1970 637 1997 quum
669 1963 816 1991 celeriter
846 1964 943 2000 volet,
988 1971 1061 1991 um-

262 2010 400 2042 braeque
421 2007 573 2043 sagittam
594 2012 779 2043 sequantur.

307 2051 383 2081 862.
417 2050 454 2081 In
490 2061 637 2091 parvam
682 2051 801 2081 alitem
845 2055 981 2083 collecta
1013 2062 1057 2082 sc.

262 2103 422 2134 noctuam,
436 2106 518 2133 quae
529 2100 640 2128 mortis
652 2107 743 2127 omen
751 2103 888 2133 putatur.
905 2100 991 2134 Quod
1002 2100 1061 2128 alii

262 2147 322 2173 hoc
346 2146 415 2173 loco
442 2144 627 2180 intelligunt
653 2147 817 2177 bubonem.
842 2154 905 2173 non
927 2153 1059 2180 possum

262 2190 502 2225 reprehendere,
540 2198 636 2225 quum
666 2196 694 2219 et
725 2191 754 2218 is
789 2198 912 2225 parvus
943 2191 996 2225 sit,
1026 2191 1056 2219 si

263 2233 335 2265 cum
360 2236 475 2271 grandi
500 2239 530 2264 et
552 2238 681 2265 excelso
704 2244 834 2271 corpore
852 2237 950 2266 Dirae
970 2245 1056 2266 com-

263 2286 395 2316 paratur
423 2281 462 2310 cf.
493 2279 522 2317 4,
550 2279 626 2310 462.

307 2325 383 2356 863.
409 2323 583 2366 qvaondam
609 2327 647 2356 cf.
675 2324 705 2364 2,
731 2325 806 2356 367.
837 2342 874 2347 -—-
901 2325 1057 2364 collecta,

262 2373 435 2402 constricta
449 2373 519 2402 Tib.
547 2370 576 2407 1,
600 2369 688 2410 8,14
704 2371 870 2411 Ansaque
889 2381 1058 2412 compres-

262 2427 316 2447 ¹«osi
343 2415 483 2457 colligit
509 2419 589 2446 arm
614 2416 729 2457 pedes,
773 2420 867 2453 Prop.
899 2417 928 2452 3,
958 2416 989 2454 7,
1015 2416 1057 2446 29

262 2462 297 2493 in
323 2466 442 2492 tenues
463 2460 626 2491 humilem
652 2466 684 2492 te
711 2461 851 2502 collfgis
874 2461 1025 2492 umbras.

306 2507 383 2538 864.
411 2506 635 2547 importuna:
682 2510 896 2544 ImportunuS,
920 2510 1056 2544 quicun-

261 2564 323 2590 que
347 2555 491 2584 moribus
516 2558 546 2583 et
582 2553 679 2583 factis
712 2556 782 2583 suis
814 2557 970 2584 molestus
991 2560 1056 2589 esu

262 2602 369 2636 itaque
396 2603 455 2629 hoc
478 2601 548 2629 loco
573 2600 704 2629 infesta.
753 2602 851 2635 Apud
876 2601 944 2630 Tib.
973 2598 999 2639 l,
1024 2601 1055 2638 5,

261 2645 303 2674 52
328 2654 346 2675 c
371 2643 469 2675 tectis
495 2642 582 2674 strix
607 2643 761 2675 violenta
786 2643 894 2675 canit.

306 2690 384 2720 866.
414 2699 447 2719 κε
473 2690 611 2729 fertque
633 2689 818 2731 refertque,
857 2691 895 2720 cf.
922 2689 953 2727 4,
980 2689 1055 2721 438.

262 2754 306 2759 -
331 2734 510 2766 everberat
534 2737 652 2772 legitur
676 2744 727 2772 ap.
747 2738 806 2766 Ov.
828 2739 903 2766 Met.
923 2735 1055 2773 14,577

263 2782 392 2812 cineres
403 2779 538 2820 plausis
556 2779 734 2811 everberat
753 2779 822 2811 alis
836 2787 865 2811 et
880 2789 930 2817 ap.
949 2783 1056 2817 Quint.

264 2830 367 2863 Curt.;
412 2827 527 2856 fortius
553 2834 650 2861 quam
676 2825 832 2856 verberat
857 2828 895 2857 cf.
918 2826 949 2865 8,
977 2826 1054 2857 227.

309 2871 384 2901 867.
415 2875 526 2901 Novus
568 2877 674 2908 torpor
719 2877 778 2910 est,
824 2882 915 2908 quem
958 2879 1055 2903 antea

265 2926 427 2953 nunquam
453 2922 609 2947 senserat.

310 2961 385 2992 868.
411 2965 494 2992 ldem
519 2971 620 2998 paene
646 2972 764 2993 versus
787 2961 818 2999 3,
846 2961 898 2992 48.

309 3006 384 3036 869.
410 3006 591 3038 stridorem
621 3011 654 3039 et
687 3007 782 3038 alas:
825 3009 845 3038 i.
872 3018 898 3038 e.
929 3011 1055 3039 alarum

1103 1542 1281 1571 stridorem.
1331 1542 1467 1571 Servius
1490 1547 1597 1572 autem
1619 1543 1712 1573 vocis
1727 1544 1894 1574 stridorem

1103 1592 1133 1616 et
1159 1589 1285 1616 alarum
1308 1589 1458 1622 plausum
1484 1589 1644 1625 intelligit.

1150 1631 1226 1661 372.
1259 1630 1375 1672 Inquit
1399 1634 1553 1663 omissum
1581 1634 1620 1664 cf.
1647 1632 1677 1671 4,
1702 1631 1779 1664 416.

1150 1676 1227 1706 873.
1256 1675 1376 1713 durae,
1406 1680 1561 1715 „immiti,
1590 1688 1673 1715 quae
1698 1684 1805 1715 posset
1826 1681 1894 1711 fra-

1106 1728 1184 1752 trem
1220 1732 1347 1752 cernere
1381 1729 1423 1753 tot
1456 1726 1620 1754 laboribus
1651 1726 1834 1756 subditum“
1860 1729 1892 1756 S.

1106 1768 1146 1797 cf.
1170 1768 1201 1803 4,
1229 1767 1304 1797 fist.

1151 1811 1228 1843 875.
1255 1811 1427 1843 timentem
1458 1823 1502 1844 sc.
1533 1823 1593 1844 vos
1614 1816 1741 1846 Furias.
1796 1813 1845 1846 Ne
1866 1827 1893 1847 c.

1106 1859 1217 1894 imper.
1245 1857 1275 1896 6,
1300 1857 1378 1888 5⁴4.

1151 1913 1227 1944 876.
1254 1917 1434 1945 obscenum
1459 1925 1551 1946 omne
1574 1921 1632 1954 est,
1658 1919 1742 1953 quod
1758 1923 1895 1948 taetrum

1105 1965 1153 1989 est
1177 1966 1206 1990 et
1231 1961 1380 1991 foeditate
1396 1967 1501 1992 movet
1523 1966 1694 1992 horrorem.
1742 1966 1820 1994 Inde
1839 1967 1894 1994 ob-

1106 2015 1224 2036 scenus
1256 2012 1305 2036 est
1335 2017 1429 2037 cruor
1450 2007 1480 2042 4.
1507 2007 1585 2038 455.
1623 2011 1783 2040 obscenae
1819 2015 1895 2040 sunt

1107 2053 1271 2089 Harpyiae
1297 2051 1326 2087 3.
1341 2052 1417 2082 241.
1443 2059 1471 2082 et
1490 2055 1628 2084 Hecates
1643 2062 1740 2085 canes
1765 2054 1795 2094 6,
1810 2054 1892 2092 257;

1105 2101 1243 2127 obscena
1277 2104 1325 2127 est
1355 2099 1444 2128 frons
1471 2101 1620 2130 Allectus
1645 2098 1676 2137 7,
1702 2098 1778 2131 417.
1827 2103 1894 2132 Hoc

1104 2146 1173 2173 loco
1198 2149 1228 2173 et
1253 2145 1331 2173 alibi
1356 2145 1520 2180 explicant
1543 2147 1640 2175 etiam
1663 2148 1835 2177 obscenum
1851 2148 1893 2184 id,

1105 2191 1187 2224 quod
1212 2191 1290 2218 mali
1311 2195 1359 2219 est
1384 2192 1518 2226 ominis;
1563 2199 1660 2227 quam
1685 2192 1894 2229 significatio-

1104 2243 1176 2264 nem
1211 2236 1356 2271 accipere
1378 2245 1475 2271 quum
1500 2245 1658 2273 nusquam
1684 2246 1817 2268 necesse
1840 2239 1893 2275 sit,

1104 2282 1284 2317 generalior
1306 2287 1422 2317 autem,
1446 2290 1542 2318 quam
1558 2284 1796 2322 proposuimus,
1823 2285 1894 2313 ubi-

1104 2335 1165 2362 que
1203 2327 1354 2363 sufficiat,
1392 2329 1497 2357 satius
1532 2333 1580 2357 est
1615 2329 1647 2357 in
1674 2337 1713 2358 ea
1738 2334 1892 2368 perstare,

1103 2381 1198 2407 quum
1236 2381 1348 2402 vocem
1376 2375 1530 2408 quomodo
1570 2375 1714 2404 scribant
1741 2380 1769 2404 et
1808 2377 1893 2406 unde

1103 2419 1259 2447 deducant
1290 2421 1395 2448 adhuc
1420 2420 1586 2455 ambigant
1610 2421 1800 2450 doctissimi.
1850 2421 1890 2452 cf.

1102 2466 1153 2492 Gr.
1182 2464 1214 2497 S.
1241 2462 1317 2493 225.
1345 2480 1383 2485 —-
1417 2463 1580 2494 I'olucres
1611 2467 1770 2501 pluralem
1803 2467 1891 2504 dicit,

1102 2517 1198 2544 quum
1234 2519 1298 2538 non
1337 2511 1455 2547 videat,
1501 2512 1556 2540 sed
1595 2513 1685 2540 modo
1717 2513 1830 2541 audiat
1861 2517 1893 2542 et.

1102 2555 1218 2583 sentiat
1243 2557 1376 2589 adesse;
1411 2564 1510 2591 quare
1534 2557 1632 2586 facile
1657 2561 1759 2593 potest
1781 2559 1892 2594 plures

1101 2609 1174 2630 esse
1199 2602 1371 2636 suspicari.

1148 2643 1223 2675 878.
1250 2644 1397 2686 reponit,
1418 2646 1569 2681 rependit.
1595 2647 1683 2676 Haec
1707 2652 1784 2677 sunt
1799 2656 1891 2684 prae-

1101 2692 1167 2721 mia
1199 2700 1255 2727 pro
1289 2696 1398 2727 erepta
1433 2692 1512 2721 mihi
1545 2694 1586 2721 ab
1623 2700 1659 2721 eo
1683 2694 1890 2730 virginitate?

1102 2739 1148 2766 De
1176 2746 1210 2766 re
1233 2738 1270 2767 cf.
1300 2735 1350 2774 11,
1377 2734 1452 2766 141.

1147 2780 1222 2811 879.
1251 2791 1327 2822 quo,
1351 2791 1511 2819 quorsum,
1535 2791 1626 2818 quem
1646 2783 1680 2812 in
1705 2791 1808 2813 usum.
1845 2784 1886 2813 cf.

1102 2827 1132 2863 2,
1177 2825 1252 2857 150.
1301 2829 1382 2863 Quid
1422 2828 1503 2857 mihi
1536 2830 1662 2864 prodest
1701 2829 1886 2867 aeternitas,

1101 2874 1165 2903 nisi
1195 2878 1228 2902 ut
1254 2875 1394 2903 aeternis
1417 2881 1542 2909 premar
1564 2875 1750 2904 doloribus?
1779 2875 1887 2908 Quan-

1101 2924 1205 2954 topere
1246 2924 1425 2954 praestaret
1462 2921 1629 2949 mortalem
1669 2927 1755 2956 esse,
1792 2920 1886 2950 finem

1100 2967 1218 2994 habere
1244 2966 1397 3001 dolorum,
1421 2969 1450 2994 et
1479 2973 1550 2994 cum
1573 2964 1672 2994 fratre
1694 2965 1885 2996 descendere

1100 3011 1141 3040 ad
1166 3010 1296 3040 inferos.
1323 3011 1436 3040 Simile
1449 3012 1506 3040 Ov.
1520 3011 1562 3039 M.
1580 3007 1607 3048 l,
1620 3006 1679 3037 661
1699 3005 1768 3038 Nec
1774 3008 1885 3049 finire
