2023 3350
649 72 882 108 AENEIDOS
912 76 999 109 LIB.
1023 77 1102 110 XII.

1600 80 1679 120 609

60 188 317 242 Summaque
349 200 425 242 per
460 186 625 240 galeam
663 186 855 229 delibans
891 189 1036 231 oscula
1071 189 1209 231 fatur:

59 246 200 297 Disce,
239 259 360 299 puer,
399 244 602 285 virtutem
639 257 691 285 ex
723 259 789 286 me
824 259 1054 300 verumque
1086 247 1289 299 laborem,

586 301 703 343 Nunc
743 306 786 344 te
820 317 914 344 mea
952 303 1128 346 dextera
1163 304 1276 346 bello

57 303 292 344 Fortunam
329 316 381 343 ex
415 301 523 342 aliis.

1595 252 1678 292 435

58 360 287 402 Defensum
314 358 449 409 dabit,
484 362 527 399 et
561 372 717 412 magna
750 360 863 402 inter
891 362 1083 414 praemia
1118 361 1255 404 ducet.

58 417 120 458 Tu
145 417 293 467 facito,
327 429 425 457 mox
458 429 587 469 quum
621 421 793 459 matura
828 417 1064 459 adoleverit
1101 422 1232 470 aetas,

57 475 124 517 Sis
162 487 338 524 memor,
375 476 418 514 et
455 476 498 515 te
533 474 674 516 animo
707 479 970 528 repetentem
1009 476 1202 528 exempla
1237 478 1408 518 tuorum

57 533 113 573 Et

147 535 271 585 pater
305 531 471 572 Aeneas
508 535 550 572 et
584 533 815 573 avunculus
854 533 1010 574 excitet
1047 533 1222 574 Hector.

1594 539 1679 578 440

165 588 282 629 Haec
314 587 389 629 ubi
425 587 542 630 dicta
581 589 716 642 dedit,
747 591 887 643 portis
924 603 1015 631 sese
1055 590 1207 631 extulit
1243 589 1403 644 ingens,

53 645 200 687 Telum
236 645 420 687 immane
455 660 582 687 manu
623 648 835 701 quatiens3
876 647 1001 689 simul
1041 648 1208 700 agmine
1244 647 1374 690 denso

52 702 327 756 Antheusque
364 703 695 757 Mnestheusque
730 708 861 746 ruunt
897 705 1119 758 omnisque
1153 705 1315 746 relictis

51 759 194 802 Turba
227 760 322 802 fluit
356 762 519 803 castris.

578 762 684 803 Tum
723 776 848 804 caeco
884 762 1058 816 pulvere
1097 775 1272 816 campus

50 817 273 870 Miscetur,
304 818 516 873 pulsuque
549 819 706 873 pedum
745 820 890 861 tremit
929 820 1069 861 excita
1102 820 1242 862 tellus.

1592 822 1675 862 445

51 875 170 917 Vidit
205 875 259 917 ab
293 876 471 918 adverso
510 878 723 919 venientes
758 891 913 931 aggere
944 877 1120 928 Turnus,

48 933 204 975 Videre
241 934 433 985 Ausonii,
475 935 723 988 gelidusque
754 948 832 989 per
870 935 957 976 ima
995 934 1184 976 cucurrit

50 991 158 1032 Ossa
191 994 362 1032 tremor.

421 992 564 1033 Prima
600 997 699 1034 ante
730 1006 875 1034 omnes
907 993 1085 1034 Iuturna
1125 991 1301 1033 Latinos

47 1048 197 1090 Audiit
233 1048 521 1103 adgnovitque
555 1064 704 1091 sonum
735 1053 777 1091 et
810 1049 1061 1091 tremefacta
1100 1049 1270 1102 refugit.

46 1106 124 1148 Ille
164 1105 280 1148 volat
317 1121 558 1161 campoque
595 1111 736 1148 atrum
776 1107 891 1161 rapit
925 1121 1074 1161 agmen
1110 1110 1274 1161 aperto.

1592 1109 1674 1148 450

47 1163 194 1215 Qualis
236 1163 310 1206 ubi
342 1164 396 1206 ad
435 1169 574 1207 terras
611 1165 796 1219 abrupto
833 1164 971 1207 sidere
1010 1164 1178 1206 nimbus

43 1346 123 1368 care
161 1336 279 1376 iuxta,
318 1340 478 1375 probabis.
527 1342 689 1370 Debebam
729 1345 835 1369 autem

41 1387 127 1415 hunc
151 1387 272 1421 locum,
311 1394 374 1414 non
403 1390 526 1415 tantum
558 1385 606 1423 tl,
633 1383 697 1414 644
723 1386 835 1415 afferre

41 1432 83 1460 ad
108 1429 138 1469 4,
170 1428 221 1467 ll,
255 1440 293 1460 ne
322 1432 450 1460 viderer
472 1430 693 1460 fraudulenter
713 1433 832 1468 egisse.

42 1478 122 1506 Nam
162 1479 221 1507 hoc
264 1479 332 1506 loco
372 1478 454 1506 armi
487 1482 702 1506 memorantur
726 1477 831 1512 ipsius

40 1523 185 1552 Aeneae.
233 1523 352 1552 Tamen
379 1527 483 1558 persto
509 1523 542 1551 in
569 1523 661 1552 illius
685 1523 749 1552 loci
773 1531 831 1552 ex-

38 1569 222 1604 plicatione.

85 1611 161 1643 434.
187 1614 234 1643 ct'.
260 1610 290 1651 1,
316 1611 380 1642 256
412 1610 540 1642 Oscula
566 1611 691 1643 libavit
714 1616 832 1643 natae.

38 1676 83 1680 —
128 1660 233 1689 Finito
264 1661 372 1689 dolore
400 1664 475 1695 apte
502 1662 691 1689 exhortatur
718 1660 830 1692 filium,

37 1714 135 1741 quum
160 1713 288 1735 summa
311 1708 425 1735 subeat
451 1706 611 1741 pericula,
651 1713 733 1740 quae
757 1714 831 1734 eum

37 1760 101 1781 non
128 1759 304 1787 superasse
324 1752 412 1781 sama
435 1756 518 1783 erat:
555 1759 629 1780 nam
654 1752 830 1780 secundum

38 1798 122 1826 alios
147 1798 224 1826 obiit
246 1798 280 1826 in
298 1805 334 1826 eo
358 1799 442 1826 bello
461 1798 559 1826 etiam
578 1798 721 1833 Aeneas,
748 1798 830 1832 quod

37 1848 118 1873 tecte
146 1846 177 1872 11.
207 1845 228 1872 l.
261 1843 472 1879 significavit,
514 1847 546 1871 ut
577 1849 676 1878 supra
697 1841 727 1880 ⁴,
753 1841 829 1871 620.

37 1890 169 1918 Similes
202 1889 443 1918 exhortationes
480 1893 605 1923 patrum
635 1889 669 1917 iu
698 1893 830 1917 mortem

35 1936 180 1964 euntium
201 1936 292 1964 Hom.
309 1936 346 1964 11.
370 1933 400 1971 6,
419 1932 482 1962 477
504 1943 550 1969 sq.
568 1937 662 1969 soph.
689 1935 744 1963 Αἰ.
765 1934 830 1961 550

36 1990 96 2017 sq.,
117 1982 202 2010 unde
224 1981 336 2009 Attius
366 1978 502 2009 Virtute
528 1977 575 2008 sis
590 1988 673 2020 par,
708 1978 830 2019 dispar

32 2024 191 2066 fortunis
212 2023 320 2066 patri.
370 2027 431 2054 Sed
465 2027 577 2054 nullus
610 2027 702 2055 locus
734 2033 829 2060 prae-

36 2077 101 2103 stat-
130 2073 216 2107 huic,
252 2080 350 2107 quum
373 2072 458 2100 tilius
496 2072 560 2100 iam
598 2076 662 2101 tam
698 2073 828 2100 adultus

36 2119 89 2157 sit,
118 2119 174 2154 qui
198 2119 299 2153 possit
330 2120 430 2147 verba
455 2112 646 2153 intelligere.

83 2163 158 2193 435.
187 2171 372 2203 verumque
397 2161 566 2192 laborem.-
615 2164 737 2198 „Quem
774 2171 828 2198 per

35 2218 87 2240 me
120 2211 191 2245 ipse
227 2210 387 2244 suscipio:
435 2217 497 2237 non
526 2210 580 2243 qui
612 2218 653 2238 ex
688 2209 828 2237 aliorum

35 2257 155 2286 virtute
164 2256 411 2291 imperatoribus
424 2255 565 2284 adscribi
581 2254 785 2284 consuevitf·
794 2256 825 2283 S.

35 2303 80 2332 At
99 2309 199 2331 verus
223 2303 315 2330 labor
338 2305 396 2337 est,
419 2302 475 2336 qui
489 2309 567 2330 vere
589 2302 706 2330 dicitur
718 2302 827 2335 lab0r3

35 2349 127 2378 hinc:
145 2348 234 2377 disce
250 2355 271 2377 a
286 2355 337 2376 me
354 2347 427 2382 quid
447 2348 488 2375 sit
499 2348 648 2376 virtutem
667 2355 827 2381 exercere,

34 2395 111 2430 quid
136 2396 292 2423 laborare.
333 2393 465 2422 Aeneas
491 2393 575 2421 enim
597 2402 636 2422 ne
660 2393 827 2422 minimum

34 2441 162 2476 quidem
185 2444 310 2474 tempus
336 2439 400 2468 sibi
421 2439 588 2474 permittit:
631 2439 741 2468 statim
766 2440 828 2467 telo

35 2490 179 2515 extracto
202 2486 283 2514 redit
306 2485 340 2513 in
361 2486 532 2520 proelium.

83 2529 159 2559 437.
186 2529 368 2568 defensum
415 2528 500 2559 dare
543 2530 582 2560 cf.
627 2528 656 2567 t,
698 2528 750 2558 63.
786 2545 823 2549 —

36 2575 125 2606 iuter
155 2577 325 2606 zwischen
351 2576 460 2605 binein
491 2576 530 2606 cf.
562 2578 596 2605 Ε.
629 2575 664 2613 2,
691 2574 709 2604 3
737 2574 829 2605 inter

28 2621 144 2662 fagos
165 2620 336 2650 veniebat.

82 2666 158 2696 438.
179 2675 226 2702 sq.
250 2668 396 2703 „Versus
421 2668 511 2696 aurei
535 2667 687 2703 infigendi
710 2674 825 2702 puero-

33 2722 105 2744 rum
127 2714 255 2748 animiS,
278 2713 395 2747 quibus
417 2713 560 2741 illustres
580 2718 729 2747 parentes
752 2720 825 2747 pro-

33 2760 198 2789 videntiae
242 2766 374 2787 munere
419 2759 627 2794 contigerunt.
694 2758 825 2786 Similes

35 2810 127 2835 erant
154 2812 254 2840 supra
281 2803 319 2839 3,
346 2801 445 2831 3422*
479 2801 545 2831 Ηη.
598 2803 704 2832 Miter
727 2804 826 2832 sentit

38 2849 104 2885 PL,
121 2852 176 2886 qui
194 2859 214 2880 a
227 2852 258 2880 et
276 2852 309 2879 te
327 2857 428 2884 usque
440 2850 481 2877 ad
492 2845 618 2878 Hector
628 2852 729 2878 verba
745 2850 827 2877 delet

35 2897 204 2935 „Hectoris
239 2896 357 2925 mentio
383 2900 448 2924 tam
480 2895 590 2923 aliena
626 2899 684 2930 est,
728 2902 826 2930 quam

34 2945 116 2979 quod
142 2947 191 2972 est
218 2941 456 2971 alienissimum
466 2939 497 2977 3²⁶
527 2940 640 2968 deinde
663 2940 727 2976 legi
752 2940 827 2969 dicit

34 2989 70 3017 in
107 2991 188 3018 Mss.
218 2988 316 3017 etiam
350 2984 520 3023 virorum,

883 1341 1004 1369 humile
1038 1341 1068 1369 ei
1101 1346 1149 1369 est
1179 1340 1384 1369 vocabulum.
1432 1338 1551 1366 Eadem
1573 1340 1673 1367 verba

881 1388 996 1415 abesse
1029 1387 1098 1414 vult
1129 1383 1190 1414 Rb.
1228 1384 1241 1412 l
1274 1393 1302 1419 p.
1331 1381 1390 1412 57.
1430 1384 1487 1411 sed
1517 1383 1550 1411 in
1583 1389 1672 1413 textu

879 1432 974 1461 uncis
999 1440 1062 1460 non
1083 1431 1225 1460 inclusit.
1257 1432 1294 1458 Et
1312 1428 1530 1458 conscientiae
1552 1430 1672 1458 virium

879 1482 938 1511 est,
975 1484 1051 1506 nam
1078 1485 1114 1505 se
1144 1476 1343 1513 aequiparat,
1380 1478 1410 1503 et
1434 1474 1573 1512 pietatis,
1596 1482 1672 1504 nam

879 1528 1032 1552 memorat
1056 1523 1231 1552 Hectorem.

879 1611 1070 1642 441—499.
1110 1609 1248 1642 Aeneas
1273 1610 1390 1641 Turno
1415 1607 1542 1640 frustra
1569 1617 1671 1650 quae-

878 1668 945 1700 sito
985 1672 1018 1700 et
1064 1667 1181 1700 fraude
1226 1666 1356 1709 petitus
1406 1665 1481 1708 ipse
1530 1666 1671 1699 tandem

1138 1724 1225 1757 alios
1249 1723 1414 1755 adoritur.

923 1793 999 1824 441.
1026 1803 1060 1824 se
1085 1792 1209 1825 extulit
1234 1795 1272 1824 cf.
1299 1794 1329 1830 5,
1353 1791 1428 1821 290.
1466 1808 1509 1812 —-
1544 1790 1670 1833 ingens

877 1843 917 1871 cf.
946 1840 977 1875 9,
1003 1839 1080 1872 597.

921 1886 998 1915 443.
1027 1883 1183 1917 Antheus
1210 1885 1250 1914 cf.
1277 1882 1304 1921 1,
1330 1881 1402 1912 181.
1431 1881 1508 1912 510.

923 1931 998 1962 444.
1019 1931 1103 1972 fluit
1127 1932 1167 1961 cf.
1197 1929 1248 1969 ll,
1274 1928 1349 1959 236.
1378 1945 1415 1949 —
1444 1938 1545 1959 caeco
1572 1930 1611 1959 cf.
1638 1929 1667 1966 6,

876 1976 952 2007 715.

921 2022 997 2053 4⁴6.
1024 2021 1066 2052 ab
1103 2029 1240 2062 aggere
1272 2029 1317 2050 sc.
1355 2025 1548 2056 castrorum,
1586 2028 1670 2056 quae

875 2070 1007 2099 Troiani
1045 2077 1131 2098 more
1164 2069 1311 2097 Romano
1357 2068 1575 2095 vallaverant.
1625 2067 1666 2096 cf.

877 2115 928 2147 tl.
959 2115 1034 2144 915.

920 2160 996 2190 447.
1026 2157 1235 2201 gelidusque
1258 2164 1315 2188 etc.
1363 2157 1423 2192 Qui
1453 2159 1574 2186 multas
1601 2158 1668 2187 iam

873 2208 907 2236 in
931 2207 1052 2242 proelio
1073 2212 1247 2235 aerumnas
1269 2205 1528 2237 exantlat-erant,
1553 2204 1668 2233 iterum

874 2254 1033 2283 victoriae
1073 2259 1173 2286 spem.
1205 2257 1304 2285 quam
1340 2250 1405 2278 iam
1429 2254 1667 2286 praeceperant,

874 2299 906 2327 in
935 2300 1113 2334 periculum
1127 2296 1244 2326 adduci
1257 2296 1408 2324 sentiunt.
1427 2300 1458 2323 et
1482 2295 1580 2324 fessis
1600 2296 1668 2324 iam

874 2347 973 2374 inulto
1019 2344 1197 2373 terribilius
1237 2343 1366 2370 adstare
1397 2346 1557 2370 certamen
1595 2349 1667 2370 cum

875 2391 1062 2419 fortioribus
1087 2394 1117 2418 et
1137 2388 1281 2424 integris.

921 2434 997 2464 ⁴48.
1029 2433 1159 2471 Prima,
1186 2435 1269 2469 quod
1293 2441 1418 2468 semper
1443 2433 1571 2467 metuit3
1605 2432 1667 2462 scit

875 2483 960 2512 enim
987 2490 1023 2510 se
1045 2481 1153 2510 omina
1180 2482 1338 2508 turbasse.

922 2527 996 2556 450.
1025 2530 1137 2556 atrum
1175 2534 1305 2564 agmen
1341 2532 1448 2553 eorum
1483 2524 1538 2558 qui
1573 2523 1666 2552 densi

874 2575 1025 2604 incedunt
1055 2573 1094 2602 cf.
1131 2570 1161 2607 4,
1192 2569 1267 2600 404.
1294 2575 1323 2599 et
1358 2573 1519 2598 horrorem
1545 2574 1664 2598 movet.

878 2617 930 2648 Pl.
958 2628 1012 2654 pro
1044 2621 1169 2653 atrum,
1197 2624 1292 2652 quum
1316 2616 1350 2644 in
1380 2613 1592 2644 d'Orvilliano
1624 2615 1666 2644 sit

875 2668 1003 2702 actum,
1028 2664 1157 2693 coniicit
1181 2660 1297 2691 citum.

917 2708 993 2738 451.
1018 2710 1059 2738 Ut
1096 2717 1193 2743 quum
1230 2714 1331 2736 saeva
1363 2714 1382 2735 a
1413 2707 1494 2735 mari
1533 2706 1664 2735 advenit

871 2760 1063 2791 tempestas,
1099 2762 1162 2789 qua
1186 2756 1318 2782 arbores
1346 2758 1374 2781 et
1398 2757 1469 2781 sata
1495 2757 1569 2780 sunt
1592 2760 1665 2786 per-

871 2803 974 2833 itura,
1012 2800 1173 2837 agricolae
1213 2799 1386 2833 trepidam
1433 2798 1498 2826 iam
1535 2805 1664 2832 praece-

873 2849 947 2876 dunt
970 2846 1058 2874 venti
1081 2849 1302 2880 tempestatem
1323 2844 1475 2872 allaturi:
1500 2844 1548 2872 sic
1571 2844 1665 2872 irruit

872 2894 1017 2927 Aeneas,
1042 2892 1149 2920 omnia
1173 2891 1255 2919 ferro
1280 2894 1482 2923 vastaturus,
1520 2889 1568 2918 sic
1589 2897 1662 2918 eum

875 2938 978 2967 timidi
1013 2938 1164 2966 accedere
1199 2936 1309 2964 vident-
1337 2934 1487 2969 Ausonii,
1530 2938 1559 2963 et
1596 2935 1662 2964 iam

563 2990 593 3014 et
633 2983 830 3014 auunculus
875 2988 949 3013 ante
987 2991 1060 3012 eum
1099 2986 1320 3017 procurrentes
1350 2980 1482 3008 Troiani
1522 2981 1664 3010 audaces

1329 3024 1392 3068 39
