2023 3350
777 128 1016 163 AENEIDOS
1041 131 1129 163 LIB.
1154 131 1217 164 111.

281 244 519 299 Postquam
558 244 695 286 altum
729 247 906 286 tenuere
942 247 1078 295 rates,

631 302 797 344 caelum
830 303 1020 356 undique
1055 305 1098 344 et
1134 302 1323 357 undique
1358 306 1539 357 pontus:

165 301 390 356 Adparent
425 306 586 353 terrae,

1733 131 1810 171 131

1123 257 1201 286 nec
1241 244 1329 286 iam
1369 245 1552 299 amplius
1588 244 1703 287 ullae

166 361 274 402 Tum
307 360 412 402 mihi
448 361 668 402 caeruleus
701 375 834 415 supra
872 364 1003 415 caput
1038 360 1210 402 adstitit
1239 361 1388 413 imber,

166 418 347 460 Noctem
379 418 648 473 hiememque
686 418 848 472 ferens,

167 476 379 519 Continuo
419 477 534 518 venti
564 477 740 519 volvunt
776 492 916 529 mare,

164 535 383 588 Aequora;
428 535 611 589 dispersi
650 535 863 577 iactamur
898 536 1067 590 gurgite
1101 539 1234 577 vasto.

164 592 385 635 Involvere
423 593 536 635 diem
568 593 723 646 nimbi,

162 649 376 703 Abstulit;
420 652 687 705 ingeminant
723 652 920 707 abruptis
956 651 1143 693 nubibus
1178 652 1312 705 ignes.

163 709 419 751 Excutimur
459 724 607 762 curSU,
645 714 688 752 ct
728 712 866 753 caecis
908 724 1100 752 erramus
1136 710 1181 751 in
1218 708 1357 750 undis.

162 767 260 821 Ipse
295 767 408 809 diem
446 772 701 823 noctemque
735 773 866 823 negat
897 769 1139 810 discernere
1175 767 1310 818 caelo,

163 825 252 867 Nec
283 826 526 868 meminisse
559 827 653 869 viae
688 827 830 870 media
861 827 1088 869 Palinurus
1125 826 1169 867 in
1206 825 1333 867 unda.

162 883 267 926 Tres
304 884 412 926 adeo
451 885 639 927 incertos
675 899 804 927 caeca
843 885 1023 939 caligine
1054 883 1164 925 soles

162 942 370 984 Erramus
409 943 582 996 pelago,

164 1000 328 1050 Quarto
362 1005 479 1042 terra
518 1001 587 1043 die
618 1002 804 1055 primum
839 1016 883 1042 se
919 1000 1121 1043 attollere
1152 998 1327 1040 tandem

895 424 937 461 et
976 419 1194 460 inhorruit
1224 419 1341 461 unda
1382 417 1582 461 tenebris.
1734 420 1812 459 195

959 491 1204 531 magnaque
1237 480 1419 532 surgunt

767 598 808 636 et
839 608 925 636 nox
965 592 1141 635 humida
1179 593 1345 635 caelum

1730 708 1812 747 :200

629 943 813 985 totidem
849 944 938 985 sine
975 942 1115 984 sidere
1154 943 1314 982 noctes.
1730 996 1782 1034 Ο)

1730 998 1766 1035 ...(
1789 996 1810 1034 5

162 1058 285 1111 Visa,
328 1059 495 1113 aperire
529 1060 681 1114 procul
721 1064 888 1101 montes
934 1072 986 1100 ac
1023 1057 1193 1099 volvere
1228 1056 1404 1097 fumum.

165 1188 228 1219 192
247 1206 290 1210 —-
305 1188 382 1220 215.

162 1232 377 1276 Strophades

448 1186 631 1219 Aeneadas·
673 1190 878 1229 tempestate
917 1186 959 1217 ud

439 1233 647 1273 adiguntur,
709 1233 811 1265 sedes
875 1233 961 1264 11111-

477 1279 646 1321 mierum.

209 1339 340 1368 Similes
374 1343 578 1374 tempestates
610 1339 790 1373 ‹test-rimae
824 1342 896 1366 :unt
933 1334 961 1372 1,

160 1383 215 1414 82.
244 1385 279 1420 ι),
305 1383 336 1414 9.
382 1386 428 1414 Cf.
463 1387 580 1421 Odyss.
611 1383 669 1418 1-1,
697 1384 757 1413 301
793 1376 873 1413 ΛΗ»,
903 1390 963 1412 0ῖὲ

160 1424 204 1481 ὸὴ
249 1424 399 1470 Κρήτην
433 1425 498 1470 μὲν
537 1424 741 1481 &welfonem
786 1422 874 1459 οὐὸέ
911 1437 964 1479 τ1ς

159 1469 248 1528 ἄλλη
289 1473 444 1506 Φαίνετο
482 1470 645 1527 γαιάων,
687 1469 764 1505 ἀλλ’
803 1468 965 1513 oiombg

158 1515 224 1562 η’ὁὲ
250 1516 442 1559 θάλασσα,
474 1516 531 1561 Δὴ
557 1517 639 1552 τότε
668 1516 827 1573 κυανέην
856 1516 964 1559 νεφέ-

159 1567 224 1608 λην
257 1563 380 1619 ἔστησε
414 1565 581 1605 Κρονίων
613 1563 720 1608 Νηὸς
751 1560 842 1619 νπὲρ
868 1565 963 1617 γλα-

161 1610 298 1654 φυρῆς,
330 1606 461 1654 ἤχλυσε
494 1607 531 1643 ὁὶ
565 1609 700 1650 πόντος
734 1606 795 1644 ὑπ’
827 1606 963 1652 αὐτῆςς

159 1661 205 1690 ita
240 1660 270 1695 5
297 1658 568 1697 313.12,405.
619 1662 855 1697 simpliciorem
889 1669 963 1690 esst

162 1707 255 1736 vides
284 1708 464 1736 Homerum.
506 1722 544 1727 —
589 1705 707 1737 Altum
745 1711 859 1735 tenere
891 1715 964 1742 pro-

158 1754 265 1789 prium
290 1758 348 1790 est,
373 1759 406 1782 ut
430 1755 570 1793 portum
598 1756 713 1784 tencre
745 1750 770 1786 1,
795 1751 870 1781 400.

903 1812 965 1838 Nm:

158 1857 361 1893 simplicius,
403 1866 462 1886 nec
499 1857 612 1886 fortius
650 1858 752 1893 potuit
781 1857 963 1885 describere

158 1904 259 1933 maris
289 1908 412 1940 motus,
457 1903 626 1938 ingruente
661 1908 858 1939 tempestate.
909 1903 962 1932 Sic

159 1951 226 1979 Cic.
258 1956 295 1979 ue
320 1951 399 1984 Rep.
429 1946 458 1985 1,
486 1948 540 1982 40,
569 1948 611 1978 63
647 1958 743 1978 mare
767 1947 964 1979 horrescere

157 1997 252 2032 dicit,
292 2000 321 2025 et
349 1997 472 2025 Pacuv.
503 2003 554 2031 ap.
582 1997 647 2025 Cic.
675 1996 748 2024 Div.
780 1994 814 2027 1,
843 1992 894 2028 14,
920 1993 961 2023 24

159 2040 300 2072 Interea
315 2050 423 2082 prope
452 2039 521 2070 iam
550 2040 728 2070 occidente
753 2038 823 2070 sole
846 2038 963 2070 inhor-

157 2086 258 2117 rescit
300 2096 396 2117 mare
442 2085 617 2116 Tenebrae
658 2084 963 2127 conduplicantur.

160 2135 291 2164 Scilicet
328 2131 468 2163 horrere
509 2134 619 2162 omnia
657 2134 806 2163 (licuntur
845 2140 963 2168 aspera

161 2181 347 2217 superficie,
389 2188 447 2209 nec
484 2180 595 2209 laevia
631 2184 687 2208 aut
724 2179 876 2214 nitentia3
920 2179 964 2208 ita

158 2224 257 2255 unda
277 2223 392 2256 horret
409 2231 504 2255 vento
528 2227 671 2263 agitata·,
698 2222 837 2254 horrent
863 2233 963 2253 arma

164 2269 190 2309 1,
212 2269 250 2309 4;
275 2269 441 2303 horrescit
467 2270 545 2301 telis
571 2269 740 2301 exercitus
762 2271 800 2301 cf.
828 2269 860 2308 7,
877 2269 961 2307 526;

158 2313 300 2348 horrent
326 2326 455 2355 comae,
481 2319 511 2347 si
535 2319 718 2355 eriguntur3
745 2315 885 2347 horrent
909 2325 961 2345 se-

159 2365 269 2403 getes.
303 2379 341 2384 —
376 2366 454 2393 Inde
474 2374 514 2394 ex
537 2372 592 2402 ea,
617 2372 700 2400 quae
723 2369 772 2393 est
794 2365 835 2392 ad
861 2361 891 2398 2,
917 2360 957 2391 31

159 2410 310 2444 exposita
340 2411 478 2444 ratione,
512 2416 561 2440 est
595 2412 693 2440 etiam
724 2408 860 2443 timere,
904 2416 960 2438 as-

207 1808 279 1840 195.
307 1808 480 1841 inhorruit
526 1808 625 1840 unda
672 1809 831 1840 tenebris.

159 2459 286 2491 sumpto
316 2457 504 2486 accusativo
534 2455 592 2490 10,
617 2454 684 2485 880
715 2458 769 2486 vel
800 2456 959 2485 infinitivo

158 2499 190 2537 2,
218 2499 273 2538 12,
298 2505 328 2531 et
352 2499 544 2532 horrendus
570 2503 655 2532 idem
679 2503 856 2540 signifieat,
877 2503 960 2537 quod

160 2548 315 2576 terribilis
340 2552 370 2577 et
391 2549 592 2578 venerabilis
616 2549 655 2579 cf.
683 2547 714 2586 6,
741 2546 793 2578 10.
828 2564 866 2568 -
903 2550 958 2577 Est

159 2597 267 2623 tamen
296 2594 327 2622 id
350 2598 526 2623 memoratu
551 2596 698 2632 dignum,
726 2595 833 2630 ipsum
860 2595 960 2630 parti-

157 2641 278 2675 cipium
308 2637 451 2669 horrens
484 2641 597 2670 activa
626 2642 662 2670 vi
693 2642 814 2670 dictum
843 2641 960 2679 videri,

158 2694 204 2716 sc.
243 2694 378 2716 movens
415 2689 579 2715 horrorem
624 2686 682 2722 (cf.
718 2692 864 2715 nostrum
908 2695 960 2715 er-

158 2729 378 2768 sckrecken];
420 2732 467 2760 ita
500 2729 642 2761 horrens
668 2730 791 2761 umbra
822 2730 852 2769 1,
883 2729 959 2761 165.

158 2775 235 2816 311,
261 2783 291 2808 et
316 2779 393 2808 licet
419 2779 464 2807 ita
489 2779 656 2813 explicare
681 2776 710 2815 1,
738 2775 768 2807 4.
806 2777 855 2816 10,
877 2776 960 2814 237,

156 2825 206 2855 sic
229 2825 427 2855 adiectivum
456 2821 620 2853 horridus
653 2832 883 2860 nonnunquam
914 2829 963 2854 est

156 2871 193 2901 vi
214 2872 327 2901 activa
352 2867 574 2907 schrecklich,
597 2874 632 2899 ut
655 2867 686 2908 4,
709 2868 785 2899 378.

203 2925 280 2957 199.
308 2925 533 2969 ingeminant
564 2928 603 2956 cf.
637 2923 675 2965 1,
704 2924 779 2956 104.
820 2944 858 2948 —
901 2925 961 2957 ab-

156 2972 271 3015 ruptis
295 2972 445 3004 nubibus
471 2974 510 3004 cf.
537 2971 567 3008 2,
587 2971 663 3002 416.

203 3029 279 3061 200.
306 3039 431 3061 caecae
458 3031 497 3062 cf.
526 3028 556 3064 1,
582 3029 659 3060 536.

203 3075 279 3107 201.
306 3079 352 3107 Ι)0
375 3078 497 3107 omisso
522 3078 712 3107 accusativo
737 3077 775 3107 cf.
805 3076 834 3110 2,
860 3076 890 3106 3.

1055 1185 1130 1215 202.
1159 1195 1219 1215 nec
1250 1181 1468 1215 meminisse:
1507 1184 1553 1212 Ex
1582 1182 1686 1217 prior-⁴
1717 1184 1814 1210 verbo

1008 1239 1146 1267 negant·
1175 1233 1351 1262 eruendum
1388 1235 1436 1259 est
1466 1232 1599 1258 verbum
1631 1227 1812 1256 affirmandi

1008 1280 1046 1309 cf.
1073 1282 1124 1308 Gr.
1152 1282 1173 1313 ἦ
1201 1276 1278 1309 we,
1304 1276 1334 1306 3.
1384 1277 1438 1305 Sic
1457 1277 1528 1304 T‹·.r
1547 1277 1672 1303 phorm.
1691 1272 1720 1302 2.
1743 1273 1773 1302 :.3
1792 1274 1809 1300 5

1018 1324 1132 1367 Negat
1165 1311 1336 1354 Phanium
1370 1331 1442 1352 esse
1470 1319 1561 1351 hanc
1586 1318 1650 1349 sibi
1681 1329 1740 1359 sog,5
1732 1328 1814 1348 rno-

1011 1374 1080 1400 tam
1124 1367 1309 1410 Demipho.
1349 1376 1460 1409 neque
1497 1365 1571 1396 eins
1608 1369 1742 1406 patum
1779 1374 1814 1394 sc

1009 1416 1098 1447 scire
1122 1411 1759 1457 0111111ον11(..Ρ111.2,21.011ἶ”.ὶ
1782 1411 1811 1440 2.

1011 1466 1041 1492 S.
1069 1466 1135 1498 lug.
1168 1461 1238 1492 107.

1057 1509 1134 1538 203.
1166 1507 1259 1538 Adeo
1281 1508 1423 1541 iungitur
1449 1507 1544 1535 etiam
1572 1506 1811 1539 numeraHt›us;

1287 1552 1439 1594 quinque
1469 1552 1557 1582 adeo
1595 1549 1706 1580 nrbes.
1764 1549 1812 1588 12,

1495 1601 1530 1627 (ι’.
1562 1597 1587 1633 1,
1614 1595 1677 1626 287
1701 1595 1812 1626 multa

1551 1641 1578 1673 1.
1606 1643 1634 1673 3.
1662 1642 1703 1671 59
1731 1647 1811 1683 qno!

1011 1557 1055 1585 ita
1090 1555 1124 1591 Τ,
1159 1554 1244 1584 629;

1011 1601 1077 1631 548
1112 1606 1206 1632 totae
1231 1600 1319 1630 adeo
1343 1598 1446 1629 acies.

1011 1648 1100 1678 adt-o
1124 1651 1233 1678 nocte.
1289 1649 1393 1675 plaut.
1422 1646 1519 1674 suen.

1012 1693 1100 1724 adeo
1126 1702 1252 1724 coenae
1304 1694 1376 1722 Val.
1398 1693 1504 1721 Flacc.
1526 1689 1555 1723 4,
1572 1690 1613 1718 63
1630 1688 1812 1718 nullumne

1010 1739 1182 1770 malorum
1207 1739 1316 1779 finem
1346 1736 1435 1766 adeo
1460 1744 1663 1777 poenaeque
1686 1732 1812 1764 dabis?

1011 1796 1093 1822 quae
1126 1789 1178 1816 dat
1211 1787 1303 1815 Hand
1336 1786 1428 1813 'rurs-1.
1461 1792 1488 1818 11.
1525 1780 1596 1811 147.
1654 1783 1745 1811 Adde
1779 1780 1809 1812 2.

1011 1832 1088 1862 567.
1119 1850 1154 1853 —
1188 1831 1287 1861 Soles
1311 1831 1404 1864 dixit,
1429 1831 1523 1865 quasi
1542 1829 1659 1864 quovis
1684 1829 1734 1857 tlie
1756 1837 1810 1856 110-

1011 1889 1074 1909 vus
1105 1882 1154 1909 sol
1187 1879 1246 1915 sit,
1286 1879 1369 1907 untle
1400 1877 1496 1905 etiam
1529 1876 1587 1905 aiii
1620 1881 1730 1910 poetae
1759 1873 1810 1903 sol

1011 1935 1066 1961 pro
1089 1925 1162 1955 dies
1185 1926 1346 1954 dixerunt.
1394 1925 1464 1951 lam
1485 1919 1608 1951 incerti
1628 1930 1731 1950 caera
1754 1930 1811 1949 ca-

1011 1970 1124 2013 ligine
1148 1977 1221 2001 sunt
1240 1970 1378 2000 obscuri.
1405 1978 1460 2005 per
1481 1976 1562 2004 quos
1587 1968 1616 1997 fit
1643 1967 1811 2002 navigatio

1010 2019 1133 2048 incerta
1175 2022 1302 2053 propter
1345 2016 1528 2050 caliginem.
1600 2016 1637 2042 Et
1675 2014 1811 2042 Servius

1010 2070 1093 2094 recte
1113 2069 1231 2094 monet:
1260 2064 1369 2094 ..Bene
1392 2060 1552 2097 inceztos,
1575 2061 1652 2096 quia
1675 2065 1811 2095 quanta—

1010 2112 1066 2139 vis
1091 2112 1133 2139 sit
1158 2110 1351 2139 obscuritas.
1375 2113 1481 2137 tamen
1505 2108 1608 2136 noetis
1633 2111 1679 2135 est
1706 2107 1811 2136 mani-

1010 2156 1095 2185 festa
1135 2156 1297 2185 discretio.
1353 2156 1443 2184 Unde
1474 2153 1636 2188 superflua
1665 2153 1811 2188 quaestio

1011 2206 1059 2231 est
1085 2210 1214 2235 eorum,
1241 2202 1296 2236 qui
1322 2201 1447 2235 dicunt,
1478 2204 1542 2228 tres
1562 2200 1632 2228 dies
1657 2200 1810 2234 quomodo

1011 2249 1173 2277 transisse
1195 2248 1346 2276 scierunt.
1371 2247 1400 2274 si
1427 2250 1549 2274 noctem
1572 2252 1593 2274 a
1617 2245 1670 2273 die
1690 2246 1810 2273 discer-

1008 2303 1083 2323 nere
1120 2302 1184 2322 non
1220 2296 1374 2328 poterant.
1424 2292 1473 2319 Ita
1508 2289 1544 2327 6,
1572 2288 1637 2318 270
1678 2288 1810 2319 incerta

1008 2338 1105 2369 luna.
1144 2342 1202 2369 Ov.
1228 2341 1301 2368 Met.
1327 2336 1356 2371 2,
1379 2336 1444 2365 508
1474 2333 1639 2376 Liquitur
1662 2338 1700 2365 ut
1727 2334 1810 2376 gla-

1007 2385 1076 2415 cies
1098 2383 1227 2415 incerto
1251 2381 1372 2413 saut-ia
1393 2379 1475 2411 sole.

1055 2430 1130 2460 204.
1157 2433 1349 2466 Tempestas
1381 2433 1450 2457 orta
1482 2432 1530 2457 est
1565 2428 1653 2457 circa
1681 2429 1808 2457 Maleae

1007 2478 1274 2514 promontorium,
1315 2475 1500 2511 naufragiis
1532 2474 1670 2511 infame,
1711 2474 1750 2503 cf.
1777 2473 1808 2511 5,

1010 2523 1083 2554 193.
1133 2526 1169 2553 ld
1202 2523 1364 2552 intellexit
1395 2522 1470 2557 ille,
1508 2520 1563 2555 qui
1598 2520 1632 2548 in
1669 2520 1809 2549 aliorum

1006 2580 1119 2608 usum,
1149 2571 1177 2599 si
1203 2570 1258 2605 qui
1286 2569 1365 2598 forte
1391 2575 1454 2596 non
1482 2566 1716 2603 intelligerent,
1751 2567 1807 2595 ad-

1006 2618 1098 2647 iecit:
1148 2613 1238 2645 Hinc
1269 2611 1403 2652 Pelopis
1435 2614 1559 2653 gentes
1588 2609 1680 2640 male
1706 2609 1812 2652 aequi

1008 2660 1174 2693 sonantia
1194 2662 1286 2698 (lege
1308 2661 1499 2694 Maleaeque
1523 2658 1693 2694 sonantia]
1721 2666 1758 2686 sa
1762 2667 1808 2687 ra

1013 2707 1269 2741 Circumstant
1302 2704 1506 2747 μινίιενφιε
1533 2701 1651 2733 undae
1680 2707 1811 2734 terrar-

1008 2763 1073 2796 que
1099 2752 1289 2783 minantur.
1337 2749 1524 2781 Pulsamur
1548 2747 1662 2779 saevis
1687 2753 1719 2779 et
1743 2747 1810 2779 cei-

1008 2798 1246 2830 cumsistimur
1269 2795 1387 2833 undis,
1416 2802 1507 2832 quos
1518 2804 1637 2825 versus
1662 2804 1739 2826 serv
1741 2797 1810 2826 avit

1009 2848 1155 2876 Servius.

1055 2892 1131 2921 205.
1158 2891 1332 2929 „Quotiens
1364 2888 1449 2918 enim
1479 2887 1734 2924 propinquamus
1768 2888 1808 2916 li-

1009 2940 1147 2975 toribus,
1186 2942 1215 2967 et
1239 2943 1416 2972 exsurgere
1443 2939 1527 2964 terra
1551 2935 1679 2963 videtur
1703 2939 1730 2963 et
1755 2934 1808 2962 fu-

1011 2993 1099 3015 mum
1121 2983 1296 3014 emitteres·
1323 2983 1354 3010 S.
1389 2981 1427 3011 cf.
1455 2978 1519 3009 275
1550 2984 1581 3009 et
1610 2981 1648 3009 H.
1675 2981 1730 3009 011.
1754 2977 1808 3017 10,

1009 3029 1062 3060 99.
1099 3046 1136 3051 —
1166 3027 1308 3057 volvens
1336 3026 1495 3064 fumum.-
1526 3027 1607 3055 Inde
1631 3024 1809 3056 volumina

1001 3075 1098 3115 fumi
1131 3076 1210 3104 dixit
1246 3076 1304 3103 ΟΥ.
1330 3076 1372 3102 Μ.
1406 3071 1455 3107 13,
1481 3071 1556 3102 601.
