<?xml version="1.0" encoding="UTF-8"?>
<!DOCTYPE html PUBLIC "-//W3C//DTD XHTML 1.0 Transitional//EN"
    "http://www.w3.org/TR/xhtml1/DTD/xhtml1-transitional.dtd">
<html xmlns="http://www.w3.org/1999/xhtml" xml:lang="en" lang="en">
 <head>
  <title>
</title>
<meta http-equiv="Content-Type" content="text/html;charset=utf-8" />
  <meta name='ocr-system' content='tesseract 3.04.00' />
  <meta name='ocr-capabilities' content='ocr_page ocr_carea ocr_par ocr_line ocrx_word'/>
</head>
<body>
  <div class='ocr_page' id='page_1' title='image "aeneisvi00virguoft_0048.png"; bbox 0 0 2044 3329; ppageno 0'>
   <div class='ocr_carea' id='block_1_1' title="bbox 274 132 326 170">
    <p class='ocr_par' dir='ltr' id='par_1_1' title="bbox 274 132 326 170">
     <span class='ocr_line' id='line_1_1' title="bbox 274 132 326 170; baseline 0 0"><span class='ocrx_word' id='word_1_1' title='bbox 274 132 326 170; x_wconf 88' lang='grc'>22</span> 
     </span>
    </p>
   </div>
   <div class='ocr_carea' id='block_1_2' title="bbox 835 126 1323 160">
    <p class='ocr_par' dir='ltr' id='par_1_2' title="bbox 835 126 1323 160">
     <span class='ocr_line' id='line_1_2' title="bbox 835 126 1323 160; baseline -0.004 0"><span class='ocrx_word' id='word_1_2' title='bbox 835 130 871 160; x_wconf 90' lang='lat' dir='ltr'>P.</span> <span class='ocrx_word' id='word_1_3' title='bbox 897 128 1005 160; x_wconf 75' lang='lat' dir='ltr'>vntG</span> <span class='ocrx_word' id='word_1_4' title='bbox 1013 128 1092 160; x_wconf 86' lang='lat' dir='ltr'>1L11</span> <span class='ocrx_word' id='word_1_5' title='bbox 1117 126 1323 160; x_wconf 70' lang='lat' dir='ltr'>MARONlS</span> 
     </span>
    </p>
   </div>
   <div class='ocr_carea' id='block_1_3' title="bbox 275 238 1399 461">
    <p class='ocr_par' dir='ltr' id='par_1_3' title="bbox 275 238 1399 461">
     <span class='ocr_line' id='line_1_3' title="bbox 275 238 1333 292; baseline -0.004 -10"><span class='ocrx_word' id='word_1_6' title='bbox 275 241 384 292; x_wconf 88' lang='lat' dir='ltr'>Quid</span> <span class='ocrx_word' id='word_1_7' title='bbox 412 254 528 283; x_wconf 86' lang='lat' dir='ltr'>meus</span> <span class='ocrx_word' id='word_1_8' title='bbox 553 241 714 282; x_wconf 78' lang='lat' dir='ltr'>Aeneas</span> <span class='ocrx_word' id='word_1_9' title='bbox 737 240 779 281; x_wconf 88' lang='lat' dir='ltr'>in</span> <span class='ocrx_word' id='word_1_10' title='bbox 803 243 846 280; x_wconf 88' lang='lat' dir='ltr'>te</span> <span class='ocrx_word' id='word_1_11' title='bbox 870 238 1133 280; x_wconf 87' lang='lat' dir='ltr'>committere</span> <span class='ocrx_word' id='word_1_12' title='bbox 1155 242 1333 289; x_wconf 84' lang='lat' dir='ltr'>tantum,</span> 
     </span>
     <span class='ocr_line' id='line_1_4' title="bbox 275 294 1399 351; baseline -0.004 -12"><span class='ocrx_word' id='word_1_13' title='bbox 275 298 385 348; x_wconf 84' lang='lat' dir='ltr'>Quid</span> <span class='ocrx_word' id='word_1_14' title='bbox 408 298 539 339; x_wconf 77' lang='lat' dir='ltr'>Troos</span> <span class='ocrx_word' id='word_1_15' title='bbox 567 301 759 351; x_wconf 80' lang='lat' dir='ltr'>potuere,</span> <span class='ocrx_word' id='word_1_16' title='bbox 790 295 963 349; x_wconf 89' lang='lat' dir='ltr'>quibus,</span> <span class='ocrx_word' id='word_1_17' title='bbox 990 298 1055 335; x_wconf 90' lang='lat' dir='ltr'>tot</span> <span class='ocrx_word' id='word_1_18' title='bbox 1080 294 1228 336; x_wconf 82' lang='lat' dir='ltr'>funera</span> <span class='ocrx_word' id='word_1_19' title='bbox 1252 295 1399 349; x_wconf 73' lang='lat' dir='ltr'>passis,</span> 
     </span>
     <span class='ocr_line' id='line_1_5' title="bbox 275 351 1385 397; baseline -0.004 0"><span class='ocrx_word' id='word_1_20' title='bbox 275 356 462 397; x_wconf 84' lang='lat' dir='ltr'>Cunctus</span> <span class='ocrx_word' id='word_1_21' title='bbox 489 355 542 396; x_wconf 91' lang='lat' dir='ltr'>ob</span> <span class='ocrx_word' id='word_1_22' title='bbox 567 355 737 395; x_wconf 80' lang='lat' dir='ltr'>Italiam</span> <span class='ocrx_word' id='word_1_23' title='bbox 761 357 971 394; x_wconf 86' lang='lat' dir='ltr'>terrarum</span> <span class='ocrx_word' id='word_1_24' title='bbox 999 351 1212 393; x_wconf 81' lang='lat' dir='ltr'>clauditur</span> <span class='ocrx_word' id='word_1_25' title='bbox 1242 353 1385 393; x_wconf 69' lang='lat' dir='ltr'>orbis?</span> 
     </span>
     <span class='ocr_line' id='line_1_6' title="bbox 276 408 1357 461; baseline -0.004 -7"><span class='ocrx_word' id='word_1_26' title='bbox 276 414 399 454; x_wconf 81' lang='lat' dir='ltr'>Certe</span> <span class='ocrx_word' id='word_1_27' title='bbox 426 412 523 453; x_wconf 89' lang='lat' dir='ltr'>hinc</span> <span class='ocrx_word' id='word_1_28' title='bbox 551 413 757 452; x_wconf 81' lang='lat' dir='ltr'>Romanos</span> <span class='ocrx_word' id='word_1_29' title='bbox 785 409 904 460; x_wconf 89' lang='lat' dir='ltr'>olim,</span> <span class='ocrx_word' id='word_1_30' title='bbox 932 408 1197 450; x_wconf 78' lang='lat' dir='ltr'>volventibus</span> <span class='ocrx_word' id='word_1_31' title='bbox 1225 410 1357 461; x_wconf 84' lang='lat' dir='ltr'>annis,</span> 
     </span>
    </p>
   </div>
   <div class='ocr_carea' id='block_1_4' title="bbox 275 465 1437 520">
    <p class='ocr_par' dir='ltr' id='par_1_4' title="bbox 275 465 1437 520">
     <span class='ocr_line' id='line_1_7' title="bbox 275 465 1437 520; baseline -0.003 -10"><span class='ocrx_word' id='word_1_32' title='bbox 275 469 383 510; x_wconf 88' lang='lat' dir='ltr'>Hinc</span> <span class='ocrx_word' id='word_1_33' title='bbox 413 469 504 510; x_wconf 87' lang='lat' dir='ltr'>fore</span> <span class='ocrx_word' id='word_1_34' title='bbox 529 467 742 517; x_wconf 84' lang='lat' dir='ltr'>ductores,</span> <span class='ocrx_word' id='word_1_35' title='bbox 767 468 966 507; x_wconf 83' lang='lat' dir='ltr'>revocato</span> <span class='ocrx_word' id='word_1_36' title='bbox 992 479 1018 506; x_wconf 89' lang='lat' dir='ltr'>a</span> <span class='ocrx_word' id='word_1_37' title='bbox 1048 466 1252 520; x_wconf 80' lang='lat' dir='ltr'>sanguine</span> <span class='ocrx_word' id='word_1_38' title='bbox 1276 465 1437 516; x_wconf 86' lang='lat' dir='ltr'>Teucri,</span> 
     </span>
    </p>
   </div>
   <div class='ocr_carea' id='block_1_5' title="bbox 1812 464 1893 504">
    <p class='ocr_par' dir='ltr' id='par_1_5' title="bbox 1812 464 1893 504">
     <span class='ocr_line' id='line_1_8' title="bbox 1812 464 1893 504; baseline 0 0"><span class='ocrx_word' id='word_1_39' title='bbox 1812 464 1893 504; x_wconf 85' lang='lat'>235</span> 
     </span>
    </p>
   </div>
   <div class='ocr_carea' id='block_1_6' title="bbox 276 522 1415 747">
    <p class='ocr_par' dir='ltr' id='par_1_6' title="bbox 276 522 1415 747">
     <span class='ocr_line' id='line_1_9' title="bbox 276 522 1356 577; baseline -0.002 -11"><span class='ocrx_word' id='word_1_40' title='bbox 276 526 357 576; x_wconf 84' lang='lat' dir='ltr'>Qui</span> <span class='ocrx_word' id='word_1_41' title='bbox 387 539 524 576; x_wconf 84' lang='lat' dir='ltr'>mare,</span> <span class='ocrx_word' id='word_1_42' title='bbox 554 524 626 577; x_wconf 90' lang='lat' dir='ltr'>qui</span> <span class='ocrx_word' id='word_1_43' title='bbox 654 527 791 564; x_wconf 84' lang='lat' dir='ltr'>terras</span> <span class='ocrx_word' id='word_1_44' title='bbox 818 523 931 563; x_wconf 91' lang='lat' dir='ltr'>omni</span> <span class='ocrx_word' id='word_1_45' title='bbox 960 522 1124 564; x_wconf 89' lang='lat' dir='ltr'>dicione</span> <span class='ocrx_word' id='word_1_46' title='bbox 1153 526 1356 574; x_wconf 87' lang='lat' dir='ltr'>tenerent,</span> 
     </span>
     <span class='ocr_line' id='line_1_10' title="bbox 276 580 1347 635; baseline -0.002 -12"><span class='ocrx_word' id='word_1_47' title='bbox 276 582 509 625; x_wconf 79' lang='lat' dir='ltr'>Pollicitus.</span> <span class='ocrx_word' id='word_1_48' title='bbox 534 594 641 635; x_wconf 87' lang='lat' dir='ltr'>quae</span> <span class='ocrx_word' id='word_1_49' title='bbox 664 584 726 631; x_wconf 82' lang='lat' dir='ltr'>te,</span> <span class='ocrx_word' id='word_1_50' title='bbox 753 580 935 633; x_wconf 83' lang='lat' dir='ltr'>genitor,</span> <span class='ocrx_word' id='word_1_51' title='bbox 959 580 1169 620; x_wconf 86' lang='lat' dir='ltr'>sententia</span> <span class='ocrx_word' id='word_1_52' title='bbox 1194 581 1347 622; x_wconf 71' lang='lat' dir='ltr'>vertit?</span> 
     </span>
     <span class='ocr_line' id='line_1_11' title="bbox 277 636 1415 692; baseline -0.001 -12"><span class='ocrx_word' id='word_1_53' title='bbox 277 639 370 680; x_wconf 87' lang='lat' dir='ltr'>Hoc</span> <span class='ocrx_word' id='word_1_54' title='bbox 395 638 589 692; x_wconf 83' lang='lat' dir='ltr'>equidem</span> <span class='ocrx_word' id='word_1_55' title='bbox 618 651 813 678; x_wconf 84' lang='lat' dir='ltr'>occasum</span> <span class='ocrx_word' id='word_1_56' title='bbox 836 637 987 678; x_wconf 78' lang='lat' dir='ltr'>Troiae</span> <span class='ocrx_word' id='word_1_57' title='bbox 1016 636 1244 690; x_wconf 81' lang='lat' dir='ltr'>tristesque</span> <span class='ocrx_word' id='word_1_58' title='bbox 1271 638 1415 679; x_wconf 85' lang='lat' dir='ltr'>ruinas</span> 
     </span>
     <span class='ocr_line' id='line_1_12' title="bbox 279 693 1237 747; baseline -0.003 -9"><span class='ocrx_word' id='word_1_59' title='bbox 279 695 479 746; x_wconf 83' lang='lat' dir='ltr'>Solabar,</span> <span class='ocrx_word' id='word_1_60' title='bbox 504 695 604 736; x_wconf 85' lang='lat' dir='ltr'>fatis</span> <span class='ocrx_word' id='word_1_61' title='bbox 629 695 844 736; x_wconf 88' lang='lat' dir='ltr'>contraria</span> <span class='ocrx_word' id='word_1_62' title='bbox 873 693 965 735; x_wconf 87' lang='lat' dir='ltr'>fata</span> <span class='ocrx_word' id='word_1_63' title='bbox 991 693 1237 747; x_wconf 87' lang='lat' dir='ltr'>rependens.</span> 
     </span>
    </p>
   </div>
   <div class='ocr_carea' id='block_1_7' title="bbox 277 750 1570 861">
    <p class='ocr_par' dir='ltr' id='par_1_7' title="bbox 277 750 1570 861">
     <span class='ocr_line' id='line_1_13' title="bbox 277 750 1365 794; baseline -0.002 -1"><span class='ocrx_word' id='word_1_64' title='bbox 277 753 398 794; x_wconf 85' lang='lat' dir='ltr'>Nunc</span> <span class='ocrx_word' id='word_1_65' title='bbox 429 751 576 794; x_wconf 85' lang='lat' dir='ltr'>eadem</span> <span class='ocrx_word' id='word_1_66' title='bbox 605 752 777 793; x_wconf 84' lang='lat' dir='ltr'>fortuna</span> <span class='ocrx_word' id='word_1_67' title='bbox 806 751 918 792; x_wconf 78' lang='lat' dir='ltr'>viros</span> <span class='ocrx_word' id='word_1_68' title='bbox 950 754 1017 792; x_wconf 89' lang='lat' dir='ltr'>tot</span> <span class='ocrx_word' id='word_1_69' title='bbox 1048 750 1216 791; x_wconf 80' lang='lat' dir='ltr'>casibus</span> <span class='ocrx_word' id='word_1_70' title='bbox 1246 754 1365 792; x_wconf 87' lang='lat' dir='ltr'>actos</span> 
     </span>
     <span class='ocr_line' id='line_1_14' title="bbox 593 807 1570 861; baseline -0.002 -12"><span class='ocrx_word' id='word_1_71' title='bbox 593 809 723 859; x_wconf 87' lang='lat' dir='ltr'>Quem</span> <span class='ocrx_word' id='word_1_72' title='bbox 754 808 831 850; x_wconf 84' lang='lat' dir='ltr'>das</span> <span class='ocrx_word' id='word_1_73' title='bbox 854 808 1002 858; x_wconf 81' lang='lat' dir='ltr'>finem,</span> <span class='ocrx_word' id='word_1_74' title='bbox 1032 809 1121 849; x_wconf 86' lang='lat' dir='ltr'>Rex</span> <span class='ocrx_word' id='word_1_75' title='bbox 1151 821 1319 861; x_wconf 80' lang='lat' dir='ltr'>magne,</span> <span class='ocrx_word' id='word_1_76' title='bbox 1348 807 1570 850; x_wconf 76' lang='lat' dir='ltr'>laborum?</span> 
     </span>
    </p>
   </div>
   <div class='ocr_carea' id='block_1_8' title="bbox 277 810 533 862">
    <p class='ocr_par' dir='ltr' id='par_1_8' title="bbox 277 810 533 862">
     <span class='ocr_line' id='line_1_15' title="bbox 277 810 533 862; baseline 0 -12"><span class='ocrx_word' id='word_1_77' title='bbox 277 810 533 862; x_wconf 88' lang='lat' dir='ltr'>Insequitur.</span> 
     </span>
    </p>
   </div>
   <div class='ocr_carea' id='block_1_9' title="bbox 1815 750 1897 790">
    <p class='ocr_par' dir='ltr' id='par_1_9' title="bbox 1815 750 1897 790">
     <span class='ocr_line' id='line_1_16' title="bbox 1815 750 1897 790; baseline -0.012 0"><span class='ocrx_word' id='word_1_78' title='bbox 1815 750 1897 790; x_wconf 82' lang='grc'>240</span> 
     </span>
    </p>
   </div>
   <div class='ocr_carea' id='block_1_10' title="bbox 278 864 1422 1035">
    <p class='ocr_par' dir='ltr' id='par_1_10' title="bbox 278 864 1422 1035">
     <span class='ocr_line' id='line_1_17' title="bbox 278 864 1242 920; baseline -0.002 -12"><span class='ocrx_word' id='word_1_79' title='bbox 278 868 468 908; x_wconf 86' lang='lat' dir='ltr'>Antenor</span> <span class='ocrx_word' id='word_1_80' title='bbox 495 867 657 920; x_wconf 89' lang='lat' dir='ltr'>potuit,</span> <span class='ocrx_word' id='word_1_81' title='bbox 682 866 831 907; x_wconf 87' lang='lat' dir='ltr'>mediis</span> <span class='ocrx_word' id='word_1_82' title='bbox 861 865 1029 919; x_wconf 85' lang='lat' dir='ltr'>elapsus</span> <span class='ocrx_word' id='word_1_83' title='bbox 1059 864 1242 915; x_wconf 86' lang='lat' dir='ltr'>Achivis,</span> 
     </span>
     <span class='ocr_line' id='line_1_18' title="bbox 278 923 1351 978; baseline -0.004 -12"><span class='ocrx_word' id='word_1_84' title='bbox 278 923 472 978; x_wconf 85' lang='lat' dir='ltr'>Illyricos</span> <span class='ocrx_word' id='word_1_85' title='bbox 502 928 727 977; x_wconf 86' lang='lat' dir='ltr'>penetrare</span> <span class='ocrx_word' id='word_1_86' title='bbox 754 924 869 965; x_wconf 88' lang='lat' dir='ltr'>sinus</span> <span class='ocrx_word' id='word_1_87' title='bbox 897 927 1025 976; x_wconf 88' lang='lat' dir='ltr'>atque</span> <span class='ocrx_word' id='word_1_88' title='bbox 1053 923 1204 963; x_wconf 88' lang='lat' dir='ltr'>intima</span> <span class='ocrx_word' id='word_1_89' title='bbox 1233 924 1351 963; x_wconf 86' lang='lat' dir='ltr'>tutus</span> 
     </span>
     <span class='ocr_line' id='line_1_19' title="bbox 279 978 1422 1035; baseline -0.003 -12"><span class='ocrx_word' id='word_1_90' title='bbox 279 981 425 1035; x_wconf 85' lang='lat' dir='ltr'>Regna</span> <span class='ocrx_word' id='word_1_91' title='bbox 455 981 738 1023; x_wconf 88' lang='lat' dir='ltr'>Liburnorum</span> <span class='ocrx_word' id='word_1_92' title='bbox 763 984 806 1022; x_wconf 94' lang='lat' dir='ltr'>et</span> <span class='ocrx_word' id='word_1_93' title='bbox 839 980 998 1022; x_wconf 84' lang='lat' dir='ltr'>fontem</span> <span class='ocrx_word' id='word_1_94' title='bbox 1022 993 1226 1034; x_wconf 84' lang='lat' dir='ltr'>superare</span> <span class='ocrx_word' id='word_1_95' title='bbox 1249 978 1422 1030; x_wconf 81' lang='lat' dir='ltr'>Timavi,</span> 
     </span>
    </p>
   </div>
   <div class='ocr_carea' id='block_1_11' title="bbox 280 1087 1084 3072">
    <p class='ocr_par' dir='ltr' id='par_1_11' title="bbox 280 1087 1068 1214">
     <span class='ocr_line' id='line_1_20' title="bbox 280 1087 1068 1123; baseline -0.003 -7"><span class='ocrx_word' id='word_1_96' title='bbox 280 1096 319 1116; x_wconf 90' lang='lat' dir='ltr'>ne</span> <span class='ocrx_word' id='word_1_97' title='bbox 339 1092 439 1122; x_wconf 81' lang='lat' dir='ltr'>potest</span> <span class='ocrx_word' id='word_1_98' title='bbox 453 1089 577 1123; x_wconf 78' lang='lat' dir='ltr'>quidem</span> <span class='ocrx_word' id='word_1_99' title='bbox 595 1092 718 1117; x_wconf 87' lang='lat' dir='ltr'>tantum</span> <span class='ocrx_word' id='word_1_100' title='bbox 735 1087 906 1122; x_wconf 77' lang='lat' dir='ltr'>suscipere,</span> <span class='ocrx_word' id='word_1_101' title='bbox 932 1091 964 1115; x_wconf 89' lang='lat' dir='ltr'>ut</span> <span class='ocrx_word' id='word_1_102' title='bbox 979 1087 1068 1115; x_wconf 84' lang='lat' dir='ltr'>Iovis</span> 
     </span>
     <span class='ocr_line' id='line_1_21' title="bbox 281 1132 1068 1168; baseline -0.004 -6"><span class='ocrx_word' id='word_1_103' title='bbox 281 1134 362 1162; x_wconf 85' lang='lat' dir='ltr'>iram</span> <span class='ocrx_word' id='word_1_104' title='bbox 380 1137 529 1163; x_wconf 72' lang='lat' dir='ltr'>moveat?</span> <span class='ocrx_word' id='word_1_105' title='bbox 576 1134 636 1162; x_wconf 81' lang='lat' dir='ltr'>Ubi</span> <span class='ocrx_word' id='word_1_106' title='bbox 651 1134 791 1168; x_wconf 77' lang='lat' dir='ltr'>Iuppiter</span> <span class='ocrx_word' id='word_1_107' title='bbox 806 1133 984 1166; x_wconf 80' lang='lat' dir='ltr'>invocatur,</span> <span class='ocrx_word' id='word_1_108' title='bbox 1004 1132 1068 1160; x_wconf 84' lang='lat' dir='ltr'>ful-</span> 
     </span>
     <span class='ocr_line' id='line_1_22' title="bbox 282 1176 1000 1214; baseline -0.004 -7"><span class='ocrx_word' id='word_1_109' title='bbox 282 1179 378 1207; x_wconf 80' lang='lat' dir='ltr'>minis</span> <span class='ocrx_word' id='word_1_110' title='bbox 399 1179 427 1208; x_wconf 77' lang='lat' dir='ltr'>fit</span> <span class='ocrx_word' id='word_1_111' title='bbox 452 1180 582 1208; x_wconf 84' lang='lat' dir='ltr'>mentio.</span> <span class='ocrx_word' id='word_1_112' title='bbox 609 1184 641 1208; x_wconf 85' lang='grc' dir='ltr'>ιιῑ</span> <span class='ocrx_word' id='word_1_113' title='bbox 666 1178 702 1209; x_wconf 81' lang='lat'>4.</span> <span class='ocrx_word' id='word_1_114' title='bbox 729 1176 802 1206; x_wconf 76' lang='lat'>208.</span> <span class='ocrx_word' id='word_1_115' title='bbox 842 1176 899 1214; x_wconf 88' lang='grc'>12,</span> <span class='ocrx_word' id='word_1_116' title='bbox 926 1176 1000 1205; x_wconf 89' lang='grc'>200.</span> 
     </span>
    </p>

    <p class='ocr_par' dir='ltr' id='par_1_12' title="bbox 282 1221 1071 1526">
     <span class='ocr_line' id='line_1_23' title="bbox 328 1221 1068 1260; baseline -0.003 -7"><span class='ocrx_word' id='word_1_117' title='bbox 328 1222 402 1253; x_wconf 86' lang='grc'>231.</span> <span class='ocrx_word' id='word_1_118' title='bbox 433 1222 530 1253; x_wconf 76' lang='lat' dir='ltr'>Meus</span> <span class='ocrx_word' id='word_1_119' title='bbox 555 1224 705 1260; x_wconf 78' lang='lat' dir='ltr'>Aeneas,</span> <span class='ocrx_word' id='word_1_120' title='bbox 730 1228 762 1252; x_wconf 88' lang='lat' dir='ltr'>ut</span> <span class='ocrx_word' id='word_1_121' title='bbox 788 1222 822 1258; x_wconf 86' lang='grc'>2,</span> <span class='ocrx_word' id='word_1_122' title='bbox 849 1221 910 1251; x_wconf 93' lang='grc'><strong>511</strong></span> <span class='ocrx_word' id='word_1_123' title='bbox 937 1225 1068 1252; x_wconf 85' lang='lat' dir='ltr'>Hecuba</span> 
     </span>
     <span class='ocr_line' id='line_1_24' title="bbox 282 1267 1071 1304; baseline -0.003 -6"><span class='ocrx_word' id='word_1_124' title='bbox 282 1270 372 1299; x_wconf 90' lang='lat' dir='ltr'>dicit:</span> <span class='ocrx_word' id='word_1_125' title='bbox 405 1277 500 1298; x_wconf 80' lang='lat' dir='ltr'>meus</span> <span class='ocrx_word' id='word_1_126' title='bbox 524 1267 650 1298; x_wconf 84' lang='lat' dir='ltr'>Hector</span> <span class='ocrx_word' id='word_1_127' title='bbox 681 1274 709 1298; x_wconf 82' lang='lat' dir='ltr'>et</span> <span class='ocrx_word' id='word_1_128' title='bbox 734 1270 818 1304; x_wconf 86' lang='lat' dir='ltr'>apud</span> <span class='ocrx_word' id='word_1_129' title='bbox 843 1277 900 1297; x_wconf 92' lang='lat' dir='ltr'>nos</span> <span class='ocrx_word' id='word_1_130' title='bbox 926 1268 1071 1297; x_wconf 82' lang='lat' dir='ltr'>usitatis-</span> 
     </span>
     <span class='ocr_line' id='line_1_25' title="bbox 282 1316 1070 1355; baseline -0.004 -11"><span class='ocrx_word' id='word_1_131' title='bbox 282 1316 408 1344; x_wconf 75' lang='lat' dir='ltr'>simum.</span> <span class='ocrx_word' id='word_1_132' title='bbox 443 1331 480 1334; x_wconf 97' lang='lat'><strong>—</strong></span> <span class='ocrx_word' id='word_1_133' title='bbox 505 1317 647 1355; x_wconf 72' lang='lat' dir='ltr'>potuere</span> <span class='ocrx_word' id='word_1_134' title='bbox 679 1316 931 1351; x_wconf 65' lang='lat' dir='ltr'>..Argumentum</span> <span class='ocrx_word' id='word_1_135' title='bbox 954 1318 1000 1342; x_wconf 78' lang='lat' dir='ltr'>est</span> <span class='ocrx_word' id='word_1_136' title='bbox 1030 1316 1070 1342; x_wconf 88' lang='lat' dir='ltr'>ab</span> 
     </span>
     <span class='ocr_line' id='line_1_26' title="bbox 283 1356 1071 1396; baseline -0.003 -7"><span class='ocrx_word' id='word_1_137' title='bbox 283 1360 492 1395; x_wconf 84' lang='lat' dir='ltr'>impossibili,</span> <span class='ocrx_word' id='word_1_138' title='bbox 527 1365 559 1389; x_wconf 83' lang='lat' dir='ltr'>ut</span> <span class='ocrx_word' id='word_1_139' title='bbox 588 1361 667 1389; x_wconf 87' lang='lat' dir='ltr'>alibi</span> <span class='ocrx_word' id='word_1_140' title='bbox 700 1359 824 1396; x_wconf 81' lang='grc'>(529);</span> <span class='ocrx_word' id='word_1_141' title='bbox 856 1368 925 1388; x_wconf 87' lang='lat' dir='ltr'>non</span> <span class='ocrx_word' id='word_1_142' title='bbox 952 1367 992 1388; x_wconf 88' lang='lat' dir='ltr'>ca</span> <span class='ocrx_word' id='word_1_143' title='bbox 1019 1356 1071 1387; x_wconf 84' lang='lat' dir='ltr'>vis</span> 
     </span>
     <span class='ocr_line' id='line_1_27' title="bbox 284 1404 1071 1440; baseline -0.003 -6"><span class='ocrx_word' id='word_1_144' title='bbox 284 1404 409 1434; x_wconf 85' lang='lat' dir='ltr'>animo.</span> <span class='ocrx_word' id='word_1_145' title='bbox 460 1408 498 1434; x_wconf 87' lang='lat' dir='ltr'>Et</span> <span class='ocrx_word' id='word_1_146' title='bbox 526 1411 572 1435; x_wconf 75' lang='lat' dir='ltr'>est</span> <span class='ocrx_word' id='word_1_147' title='bbox 605 1407 747 1434; x_wconf 74' lang='lat' dir='ltr'>validius</span> <span class='ocrx_word' id='word_1_148' title='bbox 782 1414 876 1440; x_wconf 79' lang='lat' dir='ltr'>quam</span> <span class='ocrx_word' id='word_1_149' title='bbox 908 1413 927 1433; x_wconf 87' lang='lat' dir='ltr'>a</span> <span class='ocrx_word' id='word_1_150' title='bbox 956 1406 1071 1433; x_wconf 81' lang='lat' dir='ltr'>volun—</span> 
     </span>
     <span class='ocr_line' id='line_1_28' title="bbox 283 1452 1071 1487; baseline -0.001 -8"><span class='ocrx_word' id='word_1_151' title='bbox 283 1456 361 1486; x_wconf 65' lang='lat' dir='ltr'>tate,</span> <span class='ocrx_word' id='word_1_152' title='bbox 393 1453 466 1485; x_wconf 84' lang='lat' dir='ltr'>plus</span> <span class='ocrx_word' id='word_1_153' title='bbox 488 1452 572 1480; x_wconf 90' lang='lat' dir='ltr'>enim</span> <span class='ocrx_word' id='word_1_154' title='bbox 596 1456 643 1480; x_wconf 82' lang='lat' dir='ltr'>est</span> <span class='ocrx_word' id='word_1_155' title='bbox 667 1460 729 1480; x_wconf 92' lang='lat' dir='ltr'>non</span> <span class='ocrx_word' id='word_1_156' title='bbox 755 1460 864 1487; x_wconf 80' lang='lat' dir='ltr'>posse,</span> <span class='ocrx_word' id='word_1_157' title='bbox 889 1458 984 1486; x_wconf 84' lang='lat' dir='ltr'>quam</span> <span class='ocrx_word' id='word_1_158' title='bbox 1009 1458 1071 1478; x_wconf 90' lang='lat' dir='ltr'>non</span> 
     </span>
     <span class='ocr_line' id='line_1_29' title="bbox 283 1498 479 1526; baseline -0.005 0"><span class='ocrx_word' id='word_1_159' title='bbox 283 1498 400 1526; x_wconf 76' lang='lat' dir='ltr'>nolle.“</span> <span class='ocrx_word' id='word_1_160' title='bbox 448 1499 479 1525; x_wconf 92' lang='lat' dir='ltr'>S.</span> 
     </span>
    </p>

    <p class='ocr_par' dir='ltr' id='par_1_13' title="bbox 284 1540 1074 1893">
     <span class='ocr_line' id='line_1_30' title="bbox 331 1540 1072 1577; baseline -0.003 -7"><span class='ocrx_word' id='word_1_161' title='bbox 331 1540 406 1571; x_wconf 84' lang='grc'>233.</span> <span class='ocrx_word' id='word_1_162' title='bbox 432 1544 499 1577; x_wconf 73' lang='lat' dir='ltr'>..Ne</span> <span class='ocrx_word' id='word_1_163' title='bbox 529 1543 569 1571; x_wconf 80' lang='lat' dir='ltr'>ad</span> <span class='ocrx_word' id='word_1_164' title='bbox 598 1543 725 1571; x_wconf 88' lang='lat' dir='ltr'>Italiam</span> <span class='ocrx_word' id='word_1_165' title='bbox 762 1541 965 1577; x_wconf 84' lang='lat' dir='ltr'>perveniant,</span> <span class='ocrx_word' id='word_1_166' title='bbox 1010 1544 1072 1569; x_wconf 87' lang='lat' dir='ltr'>toto</span> 
     </span>
     <span class='ocr_line' id='line_1_31' title="bbox 284 1583 1074 1623; baseline -0.004 -6"><span class='ocrx_word' id='word_1_167' title='bbox 284 1591 358 1618; x_wconf 90' lang='lat' dir='ltr'>orbe</span> <span class='ocrx_word' id='word_1_168' title='bbox 392 1587 574 1623; x_wconf 85' lang='lat' dir='ltr'>[terraruml</span> <span class='ocrx_word' id='word_1_169' title='bbox 612 1587 792 1623; x_wconf 52' lang='lat' dir='ltr'>pelluntur*</span> <span class='ocrx_word' id='word_1_170' title='bbox 826 1589 857 1615; x_wconf 91' lang='lat' dir='ltr'>S.</span> <span class='ocrx_word' id='word_1_171' title='bbox 917 1583 1007 1614; x_wconf 86' lang='lat' dir='ltr'>Hinc</span> <span class='ocrx_word' id='word_1_172' title='bbox 1040 1589 1074 1614; x_wconf 87' lang='lat' dir='ltr'>ut</span> 
     </span>
     <span class='ocr_line' id='line_1_32' title="bbox 285 1628 1073 1663; baseline -0.004 0"><span class='ocrx_word' id='word_1_173' title='bbox 285 1631 376 1663; x_wconf 83' lang='lat' dir='ltr'>unde</span> <span class='ocrx_word' id='word_1_174' title='bbox 398 1642 429 1663; x_wconf 84' lang='lat' dir='ltr'>v.</span> <span class='ocrx_word' id='word_1_175' title='bbox 456 1631 485 1662; x_wconf 81' lang='lat'>6.</span> <span class='ocrx_word' id='word_1_176' title='bbox 513 1649 549 1653; x_wconf 89' lang='lat'>—</span> <span class='ocrx_word' id='word_1_177' title='bbox 575 1631 655 1662; x_wconf 88' lang='lat' dir='ltr'>olim</span> <span class='ocrx_word' id='word_1_178' title='bbox 679 1634 718 1662; x_wconf 84' lang='lat' dir='ltr'>cf.</span> <span class='ocrx_word' id='word_1_179' title='bbox 744 1631 819 1661; x_wconf 79' lang='lat'>203.</span> <span class='ocrx_word' id='word_1_180' title='bbox 842 1648 879 1652; x_wconf 93' lang='lat'><em>-</em></span> <span class='ocrx_word' id='word_1_181' title='bbox 904 1628 1073 1660; x_wconf 80' lang='lat' dir='ltr'>volventi-</span> 
     </span>
     <span class='ocr_line' id='line_1_33' title="bbox 286 1673 1072 1712; baseline -0.004 -5"><span class='ocrx_word' id='word_1_182' title='bbox 286 1676 347 1708; x_wconf 81' lang='lat' dir='ltr'>bus</span> <span class='ocrx_word' id='word_1_183' title='bbox 365 1676 488 1708; x_wconf 81' lang='lat' dir='ltr'>annis.-</span> <span class='ocrx_word' id='word_1_184' title='bbox 522 1681 559 1708; x_wconf 87' lang='lat' dir='ltr'>H.</span> <span class='ocrx_word' id='word_1_185' title='bbox 582 1681 603 1707; x_wconf 91' lang='lat' dir='ltr'>l.</span> <span class='ocrx_word' id='word_1_186' title='bbox 621 1682 754 1708; x_wconf 86' lang='lat' dir='ltr'>verbum</span> <span class='ocrx_word' id='word_1_187' title='bbox 772 1683 916 1707; x_wconf 84' lang='lat' dir='ltr'>neutrum</span> <span class='ocrx_word' id='word_1_188' title='bbox 933 1677 971 1706; x_wconf 84' lang='lat' dir='ltr'>cf.</span> <span class='ocrx_word' id='word_1_189' title='bbox 993 1673 1072 1712; x_wconf 74' lang='lat'>1043</span> 
     </span>
     <span class='ocr_line' id='line_1_34' title="bbox 285 1719 1073 1760; baseline -0.005 -7"><span class='ocrx_word' id='word_1_190' title='bbox 285 1730 379 1759; x_wconf 82' lang='lat' dir='ltr'>atque</span> <span class='ocrx_word' id='word_1_191' title='bbox 410 1725 455 1753; x_wconf 86' lang='lat' dir='ltr'>ita</span> <span class='ocrx_word' id='word_1_192' title='bbox 483 1725 673 1760; x_wconf 75' lang='lat' dir='ltr'>saepissime</span> <span class='ocrx_word' id='word_1_193' title='bbox 704 1724 916 1760; x_wconf 72' lang='lat' dir='ltr'>participium.</span> <span class='ocrx_word' id='word_1_194' title='bbox 974 1724 1008 1750; x_wconf 89' lang='lat' dir='ltr'>G.</span> <span class='ocrx_word' id='word_1_195' title='bbox 1047 1719 1073 1758; x_wconf 91' lang='lat'>1,</span> 
     </span>
     <span class='ocr_line' id='line_1_35' title="bbox 288 1764 1073 1810; baseline -0.005 -12"><span class='ocrx_word' id='word_1_196' title='bbox 288 1768 350 1798; x_wconf 87' lang='grc'>163</span> <span class='ocrx_word' id='word_1_197' title='bbox 377 1768 551 1799; x_wconf 75' lang='lat' dir='ltr'>volventia</span> <span class='ocrx_word' id='word_1_198' title='bbox 575 1768 736 1810; x_wconf 80' lang='lat' dir='ltr'>plaustra</span> <span class='ocrx_word' id='word_1_199' title='bbox 755 1771 824 1799; x_wconf 88' lang='lat' dir='ltr'>Cul.</span> <span class='ocrx_word' id='word_1_200' title='bbox 848 1767 910 1796; x_wconf 84' lang='grc'>193</span> <span class='ocrx_word' id='word_1_201' title='bbox 935 1764 1073 1796; x_wconf 75' lang='lat' dir='ltr'>volven-</span> 
     </span>
     <span class='ocr_line' id='line_1_36' title="bbox 287 1811 1072 1846; baseline -0.005 -2"><span class='ocrx_word' id='word_1_202' title='bbox 287 1813 338 1845; x_wconf 76' lang='lat' dir='ltr'>tia</span> <span class='ocrx_word' id='word_1_203' title='bbox 362 1813 514 1845; x_wconf 82' lang='lat' dir='ltr'>membra</span> <span class='ocrx_word' id='word_1_204' title='bbox 540 1813 710 1844; x_wconf 69' lang='lat' dir='ltr'>draconis.</span> <span class='ocrx_word' id='word_1_205' title='bbox 764 1816 837 1843; x_wconf 75' lang='lat' dir='ltr'>Val.</span> <span class='ocrx_word' id='word_1_206' title='bbox 862 1815 909 1842; x_wconf 87' lang='lat' dir='ltr'>Fl.</span> <span class='ocrx_word' id='word_1_207' title='bbox 938 1811 972 1846; x_wconf 85' lang='grc'><strong>1,</strong></span> <span class='ocrx_word' id='word_1_208' title='bbox 1008 1812 1072 1841; x_wconf 90' lang='grc'>505</span> 
     </span>
     <span class='ocr_line' id='line_1_37' title="bbox 286 1857 1015 1893; baseline -0.007 -3"><span class='ocrx_word' id='word_1_209' title='bbox 286 1858 503 1890; x_wconf 67' lang='lat' dir='ltr'>volventibus</span> <span class='ocrx_word' id='word_1_210' title='bbox 529 1858 640 1889; x_wconf 70' lang='lat' dir='ltr'>anuis.</span> <span class='ocrx_word' id='word_1_211' title='bbox 689 1861 735 1890; x_wconf 86' lang='lat' dir='ltr'>Cf.</span> <span class='ocrx_word' id='word_1_212' title='bbox 758 1862 808 1889; x_wconf 86' lang='lat' dir='ltr'>Gr.</span> <span class='ocrx_word' id='word_1_213' title='bbox 829 1860 850 1893; x_wconf 64' lang='grc' dir='ltr'><strong>ς</strong></span> <span class='ocrx_word' id='word_1_214' title='bbox 880 1857 959 1893; x_wconf 85' lang='grc'><strong>176,</strong></span> <span class='ocrx_word' id='word_1_215' title='bbox 985 1859 1015 1886; x_wconf 90' lang='grc'>5.</span> 
     </span>
    </p>

    <p class='ocr_par' dir='ltr' id='par_1_14' title="bbox 287 1904 1082 2622">
     <span class='ocr_line' id='line_1_38' title="bbox 332 1904 1073 1938; baseline -0.004 -4"><span class='ocrx_word' id='word_1_216' title='bbox 332 1905 408 1935; x_wconf 84' lang='grc'>235.</span> <span class='ocrx_word' id='word_1_217' title='bbox 434 1907 594 1936; x_wconf 89' lang='lat' dir='ltr'>..Dicendo</span> <span class='ocrx_word' id='word_1_218' title='bbox 612 1908 771 1935; x_wconf 74' lang='lat' dir='ltr'>revocato</span> <span class='ocrx_word' id='word_1_219' title='bbox 787 1906 919 1934; x_wconf 85' lang='lat' dir='ltr'>ostendit</span> <span class='ocrx_word' id='word_1_220' title='bbox 935 1904 1073 1938; x_wconf 83' lang='lat' dir='ltr'>Italiam,</span> 
     </span>
     <span class='ocr_line' id='line_1_39' title="bbox 287 1946 1076 1987; baseline -0.005 -7"><span class='ocrx_word' id='word_1_221' title='bbox 287 1953 370 1981; x_wconf 91' lang='lat' dir='ltr'>unde</span> <span class='ocrx_word' id='word_1_222' title='bbox 384 1953 554 1980; x_wconf 78' lang='lat' dir='ltr'>Dardanus</span> <span class='ocrx_word' id='word_1_223' title='bbox 568 1952 687 1986; x_wconf 66' lang='lat' dir='ltr'>fuerat,</span> <span class='ocrx_word' id='word_1_224' title='bbox 709 1960 731 1980; x_wconf 83' lang='lat' dir='ltr'>a</span> <span class='ocrx_word' id='word_1_225' title='bbox 745 1948 920 1987; x_wconf 66' lang='lat' dir='ltr'>sanguine</span> <span class='ocrx_word' id='word_1_226' title='bbox 937 1946 1076 1977; x_wconf 76' lang='lat' dir='ltr'>Teucri:</span> 
     </span>
     <span class='ocr_line' id='line_1_40' title="bbox 287 1996 1075 2032; baseline -0.006 -6"><span class='ocrx_word' id='word_1_227' title='bbox 287 1999 443 2027; x_wconf 80' lang='lat' dir='ltr'>Teucrum</span> <span class='ocrx_word' id='word_1_228' title='bbox 472 2005 527 2032; x_wconf 90' lang='lat' dir='ltr'>pro</span> <span class='ocrx_word' id='word_1_229' title='bbox 555 1998 702 2025; x_wconf 89' lang='lat' dir='ltr'>Dardano</span> <span class='ocrx_word' id='word_1_230' title='bbox 735 1996 849 2030; x_wconf 79' lang='lat' dir='ltr'>posuit.</span> <span class='ocrx_word' id='word_1_231' title='bbox 906 1996 1075 2023; x_wconf 84' lang='lat' dir='ltr'>Dardanus</span> 
     </span>
     <span class='ocr_line' id='line_1_41' title="bbox 288 2041 1076 2077; baseline -0.006 -5"><span class='ocrx_word' id='word_1_232' title='bbox 288 2043 373 2072; x_wconf 89' lang='lat' dir='ltr'>enim</span> <span class='ocrx_word' id='word_1_233' title='bbox 404 2044 441 2071; x_wconf 88' lang='lat' dir='ltr'>de</span> <span class='ocrx_word' id='word_1_234' title='bbox 468 2043 565 2070; x_wconf 88' lang='lat' dir='ltr'>Italia</span> <span class='ocrx_word' id='word_1_235' title='bbox 597 2042 753 2077; x_wconf 78' lang='lat' dir='ltr'>profectus</span> <span class='ocrx_word' id='word_1_236' title='bbox 787 2046 850 2075; x_wconf 82' lang='lat' dir='ltr'>est,</span> <span class='ocrx_word' id='word_1_237' title='bbox 890 2041 1010 2069; x_wconf 77' lang='lat' dir='ltr'>Teucer</span> <span class='ocrx_word' id='word_1_238' title='bbox 1040 2041 1076 2067; x_wconf 88' lang='lat' dir='ltr'>de</span> 
     </span>
     <span class='ocr_line' id='line_1_42' title="bbox 291 2085 1078 2122; baseline -0.006 -5"><span class='ocrx_word' id='word_1_239' title='bbox 291 2090 400 2118; x_wconf 84' lang='lat' dir='ltr'>Creta:</span> <span class='ocrx_word' id='word_1_240' title='bbox 426 2088 502 2122; x_wconf 87' lang='lat' dir='ltr'>quia</span> <span class='ocrx_word' id='word_1_241' title='bbox 527 2089 629 2116; x_wconf 86' lang='lat' dir='ltr'>solent</span> <span class='ocrx_word' id='word_1_242' title='bbox 654 2092 765 2122; x_wconf 84' lang='lat' dir='ltr'>poetae</span> <span class='ocrx_word' id='word_1_243' title='bbox 787 2086 915 2115; x_wconf 86' lang='lat' dir='ltr'>nomina</span> <span class='ocrx_word' id='word_1_244' title='bbox 935 2087 971 2113; x_wconf 83' lang='lat' dir='ltr'>de</span> <span class='ocrx_word' id='word_1_245' title='bbox 994 2085 1078 2113; x_wconf 78' lang='lat' dir='ltr'>vici-</span> 
     </span>
     <span class='ocr_line' id='line_1_43' title="bbox 289 2132 1077 2168; baseline -0.006 -5"><span class='ocrx_word' id='word_1_246' title='bbox 289 2135 341 2163; x_wconf 84' lang='lat' dir='ltr'>nis</span> <span class='ocrx_word' id='word_1_247' title='bbox 373 2133 550 2168; x_wconf 77' lang='lat' dir='ltr'>provinciis</span> <span class='ocrx_word' id='word_1_248' title='bbox 582 2135 634 2161; x_wconf 82' lang='lat' dir='ltr'>vel</span> <span class='ocrx_word' id='word_1_249' title='bbox 665 2132 810 2168; x_wconf 80' lang='lat' dir='ltr'>personis</span> <span class='ocrx_word' id='word_1_250' title='bbox 842 2139 1013 2166; x_wconf 72' lang='lat' dir='ltr'>usurpare.</span> <span class='ocrx_word' id='word_1_251' title='bbox 1045 2134 1077 2159; x_wconf 90' lang='lat' dir='ltr'>ut</span> 
     </span>
     <span class='ocr_line' id='line_1_44' title="bbox 295 2175 1077 2214; baseline -0.008 -5"><span class='ocrx_word' id='word_1_252' title='bbox 295 2176 462 2209; x_wconf 81' lang='lat' dir='ltr'>Didonem</span> <span class='ocrx_word' id='word_1_253' title='bbox 482 2179 557 2208; x_wconf 83' lang='lat' dir='ltr'>dicit</span> <span class='ocrx_word' id='word_1_254' title='bbox 577 2175 772 2214; x_wconf 73' lang='lat' dir='ltr'>Sidoniam,</span> <span class='ocrx_word' id='word_1_255' title='bbox 794 2185 890 2211; x_wconf 83' lang='lat' dir='ltr'>quum</span> <span class='ocrx_word' id='word_1_256' title='bbox 909 2177 949 2205; x_wconf 79' lang='lat' dir='ltr'>sit</span> <span class='ocrx_word' id='word_1_257' title='bbox 968 2176 1077 2212; x_wconf 73' lang='lat' dir='ltr'>Tyria,</span> 
     </span>
     <span class='ocr_line' id='line_1_45' title="bbox 291 2219 1077 2254; baseline -0.006 -1"><span class='ocrx_word' id='word_1_258' title='bbox 291 2233 311 2254; x_wconf 79' lang='lat' dir='ltr'>a</span> <span class='ocrx_word' id='word_1_259' title='bbox 335 2224 395 2253; x_wconf 90' lang='lat' dir='ltr'>loci</span> <span class='ocrx_word' id='word_1_260' title='bbox 422 2224 609 2252; x_wconf 51' lang='lat' dir='ltr'>vicinitate*</span> <span class='ocrx_word' id='word_1_261' title='bbox 625 2226 655 2251; x_wconf 92' lang='lat' dir='ltr'>S.</span> <span class='ocrx_word' id='word_1_262' title='bbox 676 2223 713 2252; x_wconf 83' lang='lat' dir='ltr'>cf.</span> <span class='ocrx_word' id='word_1_263' title='bbox 734 2221 764 2252; x_wconf 88' lang='grc'>7.</span> <span class='ocrx_word' id='word_1_264' title='bbox 791 2220 843 2251; x_wconf 85' lang='lat'>47.</span> <span class='ocrx_word' id='word_1_265' title='bbox 893 2224 941 2250; x_wconf 86' lang='lat' dir='ltr'>Ita</span> <span class='ocrx_word' id='word_1_266' title='bbox 965 2220 994 2250; x_wconf 86' lang='lat'>3.</span> <span class='ocrx_word' id='word_1_267' title='bbox 1018 2219 1077 2248; x_wconf 76' lang='grc'>167</span> 
     </span>
     <span class='ocr_line' id='line_1_46' title="bbox 294 2265 1079 2303; baseline -0.004 -5"><span class='ocrx_word' id='word_1_268' title='bbox 294 2267 425 2299; x_wconf 73' lang='lat' dir='ltr'>Iasium</span> <span class='ocrx_word' id='word_1_269' title='bbox 457 2274 626 2303; x_wconf 88' lang='lat' dir='ltr'>memorat,</span> <span class='ocrx_word' id='word_1_270' title='bbox 663 2270 715 2298; x_wconf 84' lang='lat' dir='ltr'>ubi</span> <span class='ocrx_word' id='word_1_271' title='bbox 751 2265 953 2296; x_wconf 78' lang='lat' dir='ltr'>Dardanum</span> <span class='ocrx_word' id='word_1_272' title='bbox 987 2269 1079 2295; x_wconf 81' lang='lat' dir='ltr'>dehe-</span> 
     </span>
     <span class='ocr_line' id='line_1_47' title="bbox 292 2312 1079 2348; baseline -0.005 -4"><span class='ocrx_word' id='word_1_273' title='bbox 292 2319 342 2345; x_wconf 85' lang='lat' dir='ltr'>bat</span> <span class='ocrx_word' id='word_1_274' title='bbox 365 2315 483 2343; x_wconf 79' lang='lat' dir='ltr'>afferre.</span> <span class='ocrx_word' id='word_1_275' title='bbox 534 2315 686 2343; x_wconf 73' lang='lat' dir='ltr'>Videmus</span> <span class='ocrx_word' id='word_1_276' title='bbox 710 2319 815 2342; x_wconf 88' lang='lat' dir='ltr'>tamen</span> <span class='ocrx_word' id='word_1_277' title='bbox 842 2318 964 2348; x_wconf 84' lang='lat' dir='ltr'>poetam</span> <span class='ocrx_word' id='word_1_278' title='bbox 990 2312 1079 2346; x_wconf 80' lang='lat' dir='ltr'>alibi,</span> 
     </span>
     <span class='ocr_line' id='line_1_48' title="bbox 292 2359 1080 2395; baseline -0.005 -6"><span class='ocrx_word' id='word_1_279' title='bbox 292 2366 323 2390; x_wconf 89' lang='lat' dir='ltr'>ut</span> <span class='ocrx_word' id='word_1_280' title='bbox 355 2362 443 2389; x_wconf 89' lang='lat' dir='ltr'>locus</span> <span class='ocrx_word' id='word_1_281' title='bbox 477 2362 627 2395; x_wconf 79' lang='lat' dir='ltr'>postulet,</span> <span class='ocrx_word' id='word_1_282' title='bbox 667 2369 707 2388; x_wconf 85' lang='lat' dir='ltr'>ex</span> <span class='ocrx_word' id='word_1_283' title='bbox 738 2359 842 2387; x_wconf 81' lang='lat' dir='ltr'>variis</span> <span class='ocrx_word' id='word_1_284' title='bbox 871 2359 1080 2387; x_wconf 82' lang='lat' dir='ltr'>Troianorum</span> 
     </span>
     <span class='ocr_line' id='line_1_49' title="bbox 292 2401 1079 2441; baseline -0.008 -6"><span class='ocrx_word' id='word_1_285' title='bbox 292 2406 473 2435; x_wconf 80' lang='lat' dir='ltr'>nominibus</span> <span class='ocrx_word' id='word_1_286' title='bbox 498 2411 607 2440; x_wconf 83' lang='lat' dir='ltr'>aptum</span> <span class='ocrx_word' id='word_1_287' title='bbox 631 2406 761 2441; x_wconf 81' lang='lat' dir='ltr'>eligere,</span> <span class='ocrx_word' id='word_1_288' title='bbox 792 2408 824 2432; x_wconf 87' lang='lat' dir='ltr'>ut</span> <span class='ocrx_word' id='word_1_289' title='bbox 855 2401 917 2431; x_wconf 88' lang='lat'>157</span> <span class='ocrx_word' id='word_1_290' title='bbox 948 2403 1079 2432; x_wconf 83' lang='lat' dir='ltr'>Aenea-</span> 
     </span>
     <span class='ocr_line' id='line_1_50' title="bbox 294 2445 1079 2485; baseline -0.005 -5"><span class='ocrx_word' id='word_1_291' title='bbox 294 2449 379 2485; x_wconf 70' lang='grc' dir='ltr'><em>(Ιαες</em></span> <span class='ocrx_word' id='word_1_292' title='bbox 405 2450 434 2480; x_wconf 89' lang='grc'>3.</span> <span class='ocrx_word' id='word_1_293' title='bbox 450 2449 524 2479; x_wconf 79' lang='grc'>294.</span> <span class='ocrx_word' id='word_1_294' title='bbox 547 2449 577 2480; x_wconf 83' lang='grc'>7.</span> <span class='ocrx_word' id='word_1_295' title='bbox 596 2448 658 2478; x_wconf 87' lang='grc'>195</span> <span class='ocrx_word' id='word_1_296' title='bbox 681 2446 930 2483; x_wconf 53' lang='lat' dir='ltr'>Dardanidum</span> <span class='ocrx_word' id='word_1_297' title='bbox 954 2447 983 2483; x_wconf 82' lang='lat'>3,</span> <span class='ocrx_word' id='word_1_298' title='bbox 1003 2445 1079 2476; x_wconf 77' lang='lat'>248.</span> 
     </span>
     <span class='ocr_line' id='line_1_51' title="bbox 294 2492 1082 2526; baseline -0.005 -1"><span class='ocrx_word' id='word_1_299' title='bbox 294 2495 324 2526; x_wconf 75' lang='lat'>4.</span> <span class='ocrx_word' id='word_1_300' title='bbox 347 2494 411 2524; x_wconf 78' lang='grc'>542</span> <span class='ocrx_word' id='word_1_301' title='bbox 436 2492 752 2525; x_wconf 79' lang='lat' dir='ltr'>Laomedontinrloe</span> <span class='ocrx_word' id='word_1_302' title='bbox 769 2495 924 2523; x_wconf 87' lang='lat' dir='ltr'>dicuntur.</span> <span class='ocrx_word' id='word_1_303' title='bbox 953 2509 990 2513; x_wconf 88' lang='lat'>-—</span> <span class='ocrx_word' id='word_1_304' title='bbox 1014 2495 1082 2521; x_wconf 86' lang='lat' dir='ltr'>Iam</span> 
     </span>
     <span class='ocr_line' id='line_1_52' title="bbox 294 2540 1082 2579; baseline -0.006 -8"><span class='ocrx_word' id='word_1_305' title='bbox 294 2543 379 2571; x_wconf 83' lang='lat' dir='ltr'>enim</span> <span class='ocrx_word' id='word_1_306' title='bbox 402 2552 419 2570; x_wconf 89' lang='lat' dir='ltr'>e</span> <span class='ocrx_word' id='word_1_307' title='bbox 443 2542 596 2579; x_wconf 82' lang='lat' dir='ltr'>Thracia,</span> <span class='ocrx_word' id='word_1_308' title='bbox 626 2542 722 2577; x_wconf 86' lang='lat' dir='ltr'>Delo,</span> <span class='ocrx_word' id='word_1_309' title='bbox 752 2541 863 2576; x_wconf 84' lang='lat' dir='ltr'>Creta,</span> <span class='ocrx_word' id='word_1_310' title='bbox 890 2540 1003 2567; x_wconf 81' lang='lat' dir='ltr'>Sicilia</span> <span class='ocrx_word' id='word_1_311' title='bbox 1025 2547 1082 2567; x_wconf 84' lang='lat' dir='ltr'>ex-</span> 
     </span>
     <span class='ocr_line' id='line_1_53' title="bbox 296 2588 486 2622; baseline 0.005 -8"><span class='ocrx_word' id='word_1_312' title='bbox 296 2588 380 2622; x_wconf 81' lang='lat' dir='ltr'>pulsi</span> <span class='ocrx_word' id='word_1_313' title='bbox 405 2593 486 2615; x_wconf 80' lang='lat' dir='ltr'>sunt.</span> 
     </span>
    </p>

    <p class='ocr_par' dir='ltr' id='par_1_15' title="bbox 297 2627 1083 2977">
     <span class='ocr_line' id='line_1_54' title="bbox 341 2627 1082 2663; baseline -0.003 -5"><span class='ocrx_word' id='word_1_314' title='bbox 341 2629 416 2660; x_wconf 81' lang='grc'>236.</span> <span class='ocrx_word' id='word_1_315' title='bbox 443 2629 534 2660; x_wconf 86' lang='lat' dir='ltr'>omni</span> <span class='ocrx_word' id='word_1_316' title='bbox 565 2628 645 2660; x_wconf 80' lang='lat' dir='ltr'>MR.</span> <span class='ocrx_word' id='word_1_317' title='bbox 680 2627 814 2659; x_wconf 76' lang='lat' dir='ltr'>dicione</span> <span class='ocrx_word' id='word_1_318' title='bbox 842 2630 862 2658; x_wconf 90' lang='lat' dir='ltr'>i.</span> <span class='ocrx_word' id='word_1_319' title='bbox 893 2638 918 2657; x_wconf 87' lang='lat' dir='ltr'>e.</span> <span class='ocrx_word' id='word_1_320' title='bbox 951 2629 1082 2663; x_wconf 82' lang='lat' dir='ltr'>imperio</span> 
     </span>
     <span class='ocr_line' id='line_1_55' title="bbox 297 2674 1083 2711; baseline -0.005 -6"><span class='ocrx_word' id='word_1_321' title='bbox 297 2677 402 2705; x_wconf 88' lang='lat' dir='ltr'>omnia</span> <span class='ocrx_word' id='word_1_322' title='bbox 432 2678 548 2711; x_wconf 86' lang='lat' dir='ltr'>pariter</span> <span class='ocrx_word' id='word_1_323' title='bbox 579 2678 820 2711; x_wconf 75' lang='lat' dir='ltr'>complectente3</span> <span class='ocrx_word' id='word_1_324' title='bbox 857 2674 895 2704; x_wconf 84' lang='lat' dir='ltr'>cf.</span> <span class='ocrx_word' id='word_1_325' title='bbox 929 2676 1083 2703; x_wconf 86' lang='lat' dir='ltr'>Graecum</span> 
     </span>
     <span class='ocr_line' id='line_1_56' title="bbox 298 2714 1083 2760; baseline -0.004 -11"><span class='ocrx_word' id='word_1_326' title='bbox 298 2714 354 2760; x_wconf 81' lang='grc' dir='ltr'>ἶφι</span> <span class='ocrx_word' id='word_1_327' title='bbox 377 2714 554 2750; x_wconf 71' lang='grc' dir='ltr'>ἀνάσσειν.</span> <span class='ocrx_word' id='word_1_328' title='bbox 604 2719 714 2750; x_wconf 83' lang='lat' dir='ltr'>omnis</span> <span class='ocrx_word' id='word_1_329' title='bbox 738 2722 770 2749; x_wconf 79' lang='lat' dir='ltr'>F.</span> <span class='ocrx_word' id='word_1_330' title='bbox 794 2725 827 2750; x_wconf 87' lang='lat' dir='ltr'>ut</span> <span class='ocrx_word' id='word_1_331' title='bbox 850 2720 986 2753; x_wconf 68' lang='lat' dir='ltr'>legimus</span> <span class='ocrx_word' id='word_1_332' title='bbox 1017 2722 1083 2747; x_wconf 82' lang='lat' dir='ltr'>ter-</span> 
     </span>
     <span class='ocr_line' id='line_1_57' title="bbox 298 2762 1081 2800; baseline -0.003 -5"><span class='ocrx_word' id='word_1_333' title='bbox 298 2774 356 2795; x_wconf 70' lang='lat' dir='ltr'>ras</span> <span class='ocrx_word' id='word_1_334' title='bbox 397 2774 511 2795; x_wconf 85' lang='lat' dir='ltr'>omues</span> <span class='ocrx_word' id='word_1_335' title='bbox 553 2767 588 2800; x_wconf 84' lang='lat'>5,</span> <span class='ocrx_word' id='word_1_336' title='bbox 627 2765 701 2795; x_wconf 87' lang='grc'>627.</span> <span class='ocrx_word' id='word_1_337' title='bbox 751 2766 787 2796; x_wconf 77' lang='grc'>8.</span> <span class='ocrx_word' id='word_1_338' title='bbox 825 2764 877 2794; x_wconf 81' lang='grc'>26.</span> <span class='ocrx_word' id='word_1_339' title='bbox 930 2763 965 2795; x_wconf 84' lang='lat'>9.</span> <span class='ocrx_word' id='word_1_340' title='bbox 1007 2762 1081 2793; x_wconf 78' lang='grc'>224.</span> 
     </span>
     <span class='ocr_line' id='line_1_58' title="bbox 299 2807 1082 2846; baseline -0.003 -6"><span class='ocrx_word' id='word_1_341' title='bbox 299 2812 437 2846; x_wconf 80' lang='lat' dir='ltr'>„Melius</span> <span class='ocrx_word' id='word_1_342' title='bbox 466 2809 557 2840; x_wconf 78' lang='lat' dir='ltr'>omni</span> <span class='ocrx_word' id='word_1_343' title='bbox 588 2820 682 2846; x_wconf 82' lang='lat' dir='ltr'>quam</span> <span class='ocrx_word' id='word_1_344' title='bbox 713 2809 843 2840; x_wconf 73' lang='lat' dir='ltr'>omnis⁴²</span> <span class='ocrx_word' id='word_1_345' title='bbox 873 2813 903 2839; x_wconf 82' lang='lat' dir='ltr'>S.</span> <span class='ocrx_word' id='word_1_346' title='bbox 956 2810 1001 2839; x_wconf 83' lang='lat' dir='ltr'>Cf.</span> <span class='ocrx_word' id='word_1_347' title='bbox 1033 2807 1082 2838; x_wconf 91' lang='grc'>10.</span> 
     </span>
     <span class='ocr_line' id='line_1_59' title="bbox 299 2852 1083 2896; baseline -0.001 -13"><span class='ocrx_word' id='word_1_348' title='bbox 299 2855 340 2885; x_wconf 79' lang='grc'>53</span> <span class='ocrx_word' id='word_1_349' title='bbox 382 2854 542 2896; x_wconf 77' lang='lat' dir='ltr'>Magna</span> <span class='ocrx_word' id='word_1_350' title='bbox 585 2855 719 2886; x_wconf 77' lang='lat' dir='ltr'>dicione</span> <span class='ocrx_word' id='word_1_351' title='bbox 754 2854 866 2885; x_wconf 82' lang='lat' dir='ltr'>iubeto</span> <span class='ocrx_word' id='word_1_352' title='bbox 903 2852 1083 2894; x_wconf 68' lang='lat' dir='ltr'>Carthago</span> 
     </span>
     <span class='ocr_line' id='line_1_60' title="bbox 298 2898 1083 2942; baseline -0.004 -11"><span class='ocrx_word' id='word_1_353' title='bbox 298 2904 434 2942; x_wconf 80' lang='lat' dir='ltr'>premat</span> <span class='ocrx_word' id='word_1_354' title='bbox 458 2899 658 2931; x_wconf 49' lang='lat' dir='ltr'>Ans-oniam.</span> <span class='ocrx_word' id='word_1_355' title='bbox 707 2903 768 2930; x_wconf 87' lang='lat' dir='ltr'>Pro</span> <span class='ocrx_word' id='word_1_356' title='bbox 795 2898 886 2930; x_wconf 75' lang='lat' dir='ltr'>omni</span> <span class='ocrx_word' id='word_1_357' title='bbox 915 2901 995 2930; x_wconf 90' lang='lat' dir='ltr'>coni.</span> <span class='ocrx_word' id='word_1_358' title='bbox 1035 2898 1083 2928; x_wconf 74' lang='lat' dir='ltr'>Pe.</span> 
     </span>
     <span class='ocr_line' id='line_1_61' title="bbox 300 2944 890 2977; baseline -0.005 0"><span class='ocrx_word' id='word_1_359' title='bbox 300 2944 442 2977; x_wconf 83' lang='lat' dir='ltr'>domini.</span> <span class='ocrx_word' id='word_1_360' title='bbox 490 2948 556 2975; x_wconf 83' lang='lat' dir='ltr'>Iam</span> <span class='ocrx_word' id='word_1_361' title='bbox 581 2949 718 2975; x_wconf 77' lang='lat' dir='ltr'>abundat</span> <span class='ocrx_word' id='word_1_362' title='bbox 748 2944 890 2975; x_wconf 81' lang='lat' dir='ltr'>dicione.</span> 
     </span>
    </p>

    <p class='ocr_par' dir='ltr' id='par_1_16' title="bbox 301 2989 1084 3072">
     <span class='ocr_line' id='line_1_62' title="bbox 346 2989 1083 3031; baseline -0.003 -11"><span class='ocrx_word' id='word_1_363' title='bbox 346 2990 421 3021; x_wconf 80' lang='lat'>237.</span> <span class='ocrx_word' id='word_1_364' title='bbox 452 2989 631 3021; x_wconf 77' lang='lat' dir='ltr'>Pollicitus</span> <span class='ocrx_word' id='word_1_365' title='bbox 660 2999 749 3031; x_wconf 74' lang='lat' dir='ltr'>qraae</span> <span class='ocrx_word' id='word_1_366' title='bbox 774 2994 804 3020; x_wconf 83' lang='lat' dir='ltr'>lc</span> <span class='ocrx_word' id='word_1_367' title='bbox 832 2996 878 3020; x_wconf 81' lang='lat' dir='ltr'>est</span> <span class='ocrx_word' id='word_1_368' title='bbox 906 2993 978 3019; x_wconf 79' lang='lat' dir='ltr'>leve</span> <span class='ocrx_word' id='word_1_369' title='bbox 1005 2999 1083 3019; x_wconf 84' lang='lat' dir='ltr'>ana-</span> 
     </span>
     <span class='ocr_line' id='line_1_63' title="bbox 301 3037 1084 3072; baseline -0.003 -5"><span class='ocrx_word' id='word_1_370' title='bbox 301 3040 447 3068; x_wconf 86' lang='lat' dir='ltr'>coluthon</span> <span class='ocrx_word' id='word_1_371' title='bbox 470 3039 501 3066; x_wconf 93' lang='lat' dir='ltr'>in</span> <span class='ocrx_word' id='word_1_372' title='bbox 517 3038 660 3066; x_wconf 87' lang='lat' dir='ltr'>oratione</span> <span class='ocrx_word' id='word_1_373' title='bbox 675 3037 878 3066; x_wconf 74' lang='lat' dir='ltr'>concitatiore</span> <span class='ocrx_word' id='word_1_374' title='bbox 896 3045 967 3072; x_wconf 90' lang='lat' dir='ltr'>pro:</span> <span class='ocrx_word' id='word_1_375' title='bbox 1011 3038 1084 3065; x_wconf 87' lang='lat' dir='ltr'>Pol-</span> 
     </span>
    </p>
   </div>
   <div class='ocr_carea' id='block_1_12' title="bbox 1114 1083 1914 2437">
    <p class='ocr_par' dir='ltr' id='par_1_17' title="bbox 1114 1083 1908 1709">
     <span class='ocr_line' id='line_1_64' title="bbox 1114 1083 1902 1121; baseline 0 -7"><span class='ocrx_word' id='word_1_376' title='bbox 1114 1086 1238 1121; x_wconf 82' lang='lat' dir='ltr'>licitus,</span> <span class='ocrx_word' id='word_1_377' title='bbox 1272 1093 1336 1120; x_wconf 75' lang='lat' dir='ltr'>qua</span> <span class='ocrx_word' id='word_1_378' title='bbox 1370 1093 1404 1113; x_wconf 82' lang='lat' dir='ltr'>re</span> <span class='ocrx_word' id='word_1_379' title='bbox 1437 1088 1596 1119; x_wconf 80' lang='lat' dir='ltr'>permotus</span> <span class='ocrx_word' id='word_1_380' title='bbox 1620 1083 1808 1113; x_wconf 83' lang='lat' dir='ltr'>sententiam</span> <span class='ocrx_word' id='word_1_381' title='bbox 1832 1093 1902 1114; x_wconf 85' lang='lat' dir='ltr'>mu-</span> 
     </span>
     <span class='ocr_line' id='line_1_65' title="bbox 1114 1126 1902 1169; baseline 0 -10"><span class='ocrx_word' id='word_1_382' title='bbox 1114 1132 1189 1160; x_wconf 79' lang='lat' dir='ltr'>tasti</span> <span class='ocrx_word' id='word_1_383' title='bbox 1223 1133 1331 1159; x_wconf 65' lang='lat' dir='ltr'>tuam?</span> <span class='ocrx_word' id='word_1_384' title='bbox 1378 1132 1497 1158; x_wconf 76' lang='lat' dir='ltr'>Posses</span> <span class='ocrx_word' id='word_1_385' title='bbox 1528 1130 1623 1157; x_wconf 89' lang='lat' dir='ltr'>etiam</span> <span class='ocrx_word' id='word_1_386' title='bbox 1653 1130 1693 1157; x_wconf 84' lang='lat' dir='ltr'>ad</span> <span class='ocrx_word' id='word_1_387' title='bbox 1726 1126 1902 1169; x_wconf 70' lang='lat' dir='ltr'>pollicitus</span> 
     </span>
     <span class='ocr_line' id='line_1_66' title="bbox 1114 1173 1903 1216; baseline -0.001 -11"><span class='ocrx_word' id='word_1_388' title='bbox 1114 1178 1263 1211; x_wconf 78' lang='lat' dir='ltr'>supplere</span> <span class='ocrx_word' id='word_1_389' title='bbox 1288 1185 1321 1205; x_wconf 85' lang='lat' dir='ltr'>es</span> <span class='ocrx_word' id='word_1_390' title='bbox 1347 1184 1448 1210; x_wconf 77' lang='lat' dir='ltr'>neque</span> <span class='ocrx_word' id='word_1_391' title='bbox 1473 1180 1578 1203; x_wconf 87' lang='lat' dir='ltr'>tamen</span> <span class='ocrx_word' id='word_1_392' title='bbox 1604 1175 1803 1204; x_wconf 79' lang='lat' dir='ltr'>scribendum</span> <span class='ocrx_word' id='word_1_393' title='bbox 1827 1173 1903 1216; x_wconf 79' lang='lat' dir='ltr'>pol-</span> 
     </span>
     <span class='ocr_line' id='line_1_67' title="bbox 1117 1219 1903 1260; baseline 0 -10"><span class='ocrx_word' id='word_1_394' title='bbox 1117 1219 1260 1259; x_wconf 75' lang='lat' dir='ltr'>licitu&#39;s‚</span> <span class='ocrx_word' id='word_1_395' title='bbox 1293 1222 1385 1256; x_wconf 70' lang='lat' dir='ltr'>quasi</span> <span class='ocrx_word' id='word_1_396' title='bbox 1411 1225 1606 1250; x_wconf 86' lang='lat' dir='ltr'>contractum</span> <span class='ocrx_word' id='word_1_397' title='bbox 1629 1224 1713 1248; x_wconf 79' lang='lat' dir='ltr'>esset</span> <span class='ocrx_word' id='word_1_398' title='bbox 1735 1230 1775 1250; x_wconf 81' lang='lat' dir='ltr'>ex</span> <span class='ocrx_word' id='word_1_399' title='bbox 1799 1219 1903 1260; x_wconf 78' lang='lat' dir='ltr'>polli-</span> 
     </span>
     <span class='ocr_line' id='line_1_68' title="bbox 1116 1263 1902 1302; baseline 0 -7"><span class='ocrx_word' id='word_1_400' title='bbox 1116 1264 1204 1296; x_wconf 76' lang='lat' dir='ltr'>citus</span> <span class='ocrx_word' id='word_1_401' title='bbox 1230 1275 1275 1296; x_wconf 86' lang='lat' dir='ltr'>es.</span> <span class='ocrx_word' id='word_1_402' title='bbox 1324 1268 1363 1295; x_wconf 72' lang='lat' dir='ltr'>Ut</span> <span class='ocrx_word' id='word_1_403' title='bbox 1395 1263 1566 1301; x_wconf 74' lang='lat' dir='ltr'>pollicitn&#39;s</span> <span class='ocrx_word' id='word_1_404' title='bbox 1599 1268 1628 1294; x_wconf 84' lang='lat' dir='ltr'>h.</span> <span class='ocrx_word' id='word_1_405' title='bbox 1652 1267 1673 1293; x_wconf 91' lang='lat' dir='ltr'>l.</span> <span class='ocrx_word' id='word_1_406' title='bbox 1700 1266 1748 1295; x_wconf 84' lang='lat' dir='ltr'>sic</span> <span class='ocrx_word' id='word_1_407' title='bbox 1769 1266 1806 1302; x_wconf 82' lang='lat'>5,</span> <span class='ocrx_word' id='word_1_408' title='bbox 1837 1265 1902 1295; x_wconf 77' lang='lat'>687</span> 
     </span>
     <span class='ocr_line' id='line_1_69' title="bbox 1115 1309 1903 1349; baseline 0.003 -9"><span class='ocrx_word' id='word_1_409' title='bbox 1115 1310 1245 1341; x_wconf 75' lang='lat' dir='ltr'>exosu&#39;s</span> <span class='ocrx_word' id='word_1_410' title='bbox 1276 1310 1334 1349; x_wconf 89' lang='grc'><strong>10,</strong></span> <span class='ocrx_word' id='word_1_411' title='bbox 1365 1310 1429 1339; x_wconf 78' lang='grc'>827</span> <span class='ocrx_word' id='word_1_412' title='bbox 1465 1309 1610 1340; x_wconf 76' lang='lat' dir='ltr'>laetatu&#39;s</span> <span class='ocrx_word' id='word_1_413' title='bbox 1641 1314 1688 1339; x_wconf 90' lang='lat' dir='ltr'>ter</span> <span class='ocrx_word' id='word_1_414' title='bbox 1721 1313 1806 1345; x_wconf 80' lang='lat' dir='ltr'>apud</span> <span class='ocrx_word' id='word_1_415' title='bbox 1829 1314 1903 1349; x_wconf 77' lang='lat' dir='ltr'>Vgl.</span> 
     </span>
     <span class='ocr_line' id='line_1_70' title="bbox 1116 1353 1904 1393; baseline 0 -6"><span class='ocrx_word' id='word_1_416' title='bbox 1116 1359 1225 1387; x_wconf 82' lang='lat' dir='ltr'>scribit</span> <span class='ocrx_word' id='word_1_417' title='bbox 1259 1355 1341 1393; x_wconf 50' lang='lat' dir='ltr'>m„</span> <span class='ocrx_word' id='word_1_418' title='bbox 1383 1354 1486 1393; x_wconf 81' lang='lat' dir='ltr'>Wd.;</span> <span class='ocrx_word' id='word_1_419' title='bbox 1524 1358 1679 1391; x_wconf 83' lang='lat' dir='ltr'>improbat</span> <span class='ocrx_word' id='word_1_420' title='bbox 1714 1353 1797 1393; x_wconf 76' lang='lat' dir='ltr'>13k.,</span> <span class='ocrx_word' id='word_1_421' title='bbox 1843 1355 1904 1387; x_wconf 75' lang='lat' dir='ltr'>lul.</span> 
     </span>
     <span class='ocr_line' id='line_1_71' title="bbox 1117 1399 1905 1440; baseline 0.003 -9"><span class='ocrx_word' id='word_1_422' title='bbox 1117 1403 1234 1437; x_wconf 74' lang='lat' dir='ltr'>Quodsi</span> <span class='ocrx_word' id='word_1_423' title='bbox 1259 1411 1346 1437; x_wconf 80' lang='lat' dir='ltr'>sum,</span> <span class='ocrx_word' id='word_1_424' title='bbox 1372 1410 1500 1440; x_wconf 73' lang='lat' dir='ltr'>sumus,</span> <span class='ocrx_word' id='word_1_425' title='bbox 1531 1399 1613 1431; x_wconf 77' lang='lat' dir='ltr'>estis</span> <span class='ocrx_word' id='word_1_426' title='bbox 1636 1403 1676 1430; x_wconf 84' lang='lat' dir='ltr'>ad</span> <span class='ocrx_word' id='word_1_427' title='bbox 1702 1403 1905 1438; x_wconf 77' lang='lat' dir='ltr'>participium</span> 
     </span>
     <span class='ocr_line' id='line_1_72' title="bbox 1117 1446 1905 1487; baseline 0 -10"><span class='ocrx_word' id='word_1_428' title='bbox 1117 1451 1282 1483; x_wconf 76' lang='lat' dir='ltr'>suppletur</span> <span class='ocrx_word' id='word_1_429' title='bbox 1322 1449 1392 1477; x_wconf 84' lang='lat' dir='ltr'>sine</span> <span class='ocrx_word' id='word_1_430' title='bbox 1428 1450 1618 1483; x_wconf 78' lang='lat' dir='ltr'>apostrophe</span> <span class='ocrx_word' id='word_1_431' title='bbox 1653 1446 1712 1482; x_wconf 81' lang='lat' dir='ltr'>(cf.</span> <span class='ocrx_word' id='word_1_432' title='bbox 1741 1448 1777 1482; x_wconf 87' lang='grc'>5,</span> <span class='ocrx_word' id='word_1_433' title='bbox 1809 1447 1905 1487; x_wconf 87' lang='grc'>362),</span> 
     </span>
     <span class='ocr_line' id='line_1_73' title="bbox 1118 1493 1906 1529; baseline 0.003 -7"><span class='ocrx_word' id='word_1_434' title='bbox 1118 1503 1180 1522; x_wconf 90' lang='lat' dir='ltr'>non</span> <span class='ocrx_word' id='word_1_435' title='bbox 1205 1503 1283 1529; x_wconf 79' lang='lat' dir='ltr'>opus</span> <span class='ocrx_word' id='word_1_436' title='bbox 1309 1499 1356 1522; x_wconf 82' lang='lat' dir='ltr'>est</span> <span class='ocrx_word' id='word_1_437' title='bbox 1382 1501 1499 1522; x_wconf 81' lang='lat' dir='ltr'>novam</span> <span class='ocrx_word' id='word_1_438' title='bbox 1523 1493 1666 1529; x_wconf 82' lang='lat' dir='ltr'>formam,</span> <span class='ocrx_word' id='word_1_439' title='bbox 1688 1493 1749 1523; x_wconf 89' lang='lat' dir='ltr'>vix</span> <span class='ocrx_word' id='word_1_440' title='bbox 1773 1495 1806 1523; x_wconf 88' lang='lat' dir='ltr'>in</span> <span class='ocrx_word' id='word_1_441' title='bbox 1830 1497 1906 1524; x_wconf 91' lang='lat' dir='ltr'>vul-</span> 
     </span>
     <span class='ocr_line' id='line_1_74' title="bbox 1118 1540 1907 1577; baseline 0.004 -10"><span class='ocrx_word' id='word_1_442' title='bbox 1118 1540 1189 1576; x_wconf 80' lang='lat' dir='ltr'>gari</span> <span class='ocrx_word' id='word_1_443' title='bbox 1218 1540 1407 1569; x_wconf 85' lang='lat' dir='ltr'>comicorum</span> <span class='ocrx_word' id='word_1_444' title='bbox 1428 1547 1572 1568; x_wconf 78' lang='lat' dir='ltr'>sermone</span> <span class='ocrx_word' id='word_1_445' title='bbox 1598 1543 1764 1577; x_wconf 84' lang='lat' dir='ltr'>repertam,</span> <span class='ocrx_word' id='word_1_446' title='bbox 1790 1540 1907 1570; x_wconf 84' lang='lat' dir='ltr'>inferre</span> 
     </span>
     <span class='ocr_line' id='line_1_75' title="bbox 1118 1585 1907 1623; baseline 0.003 -10"><span class='ocrx_word' id='word_1_447' title='bbox 1118 1586 1217 1613; x_wconf 86' lang='lat' dir='ltr'>nitido</span> <span class='ocrx_word' id='word_1_448' title='bbox 1236 1590 1354 1620; x_wconf 85' lang='lat' dir='ltr'>poetae.</span> <span class='ocrx_word' id='word_1_449' title='bbox 1372 1600 1409 1604; x_wconf 92' lang='lat'>—</span> <span class='ocrx_word' id='word_1_450' title='bbox 1426 1585 1640 1620; x_wconf 88' lang='lat' dir='ltr'>„Pollicemur</span> <span class='ocrx_word' id='word_1_451' title='bbox 1657 1589 1778 1621; x_wconf 86' lang='lat' dir='ltr'>sponte,</span> <span class='ocrx_word' id='word_1_452' title='bbox 1804 1586 1907 1623; x_wconf 84' lang='lat' dir='ltr'>rogati</span> 
     </span>
     <span class='ocr_line' id='line_1_76' title="bbox 1118 1629 1908 1665; baseline 0.004 -7"><span class='ocrx_word' id='word_1_453' title='bbox 1118 1631 1352 1665; x_wconf 73' lang='lat' dir='ltr'>promittiinus·&#39;·</span> <span class='ocrx_word' id='word_1_454' title='bbox 1379 1632 1410 1658; x_wconf 94' lang='lat' dir='ltr'>S.</span> <span class='ocrx_word' id='word_1_455' title='bbox 1447 1639 1507 1665; x_wconf 87' lang='lat' dir='ltr'>quo</span> <span class='ocrx_word' id='word_1_456' title='bbox 1536 1630 1638 1665; x_wconf 75' lang='lat' dir='ltr'>magis</span> <span class='ocrx_word' id='word_1_457' title='bbox 1667 1629 1848 1660; x_wconf 87' lang='lat' dir='ltr'>mirandum</span> <span class='ocrx_word' id='word_1_458' title='bbox 1877 1636 1908 1661; x_wconf 85' lang='lat' dir='ltr'>et</span> 
     </span>
     <span class='ocr_line' id='line_1_77' title="bbox 1119 1676 1854 1709; baseline 0.001 -5"><span class='ocrx_word' id='word_1_459' title='bbox 1119 1676 1362 1709; x_wconf 70' lang='lat' dir='ltr'>indignandum,</span> <span class='ocrx_word' id='word_1_460' title='bbox 1389 1677 1469 1709; x_wconf 74' lang='lat' dir='ltr'>quod</span> <span class='ocrx_word' id='word_1_461' title='bbox 1495 1676 1630 1704; x_wconf 83' lang='lat' dir='ltr'>mutavit</span> <span class='ocrx_word' id='word_1_462' title='bbox 1654 1677 1854 1706; x_wconf 82' lang='lat' dir='ltr'>sententiam.</span> 
     </span>
    </p>

    <p class='ocr_par' dir='ltr' id='par_1_18' title="bbox 1119 1718 1909 1937">
     <span class='ocr_line' id='line_1_78' title="bbox 1165 1718 1907 1756; baseline 0.004 -8"><span class='ocrx_word' id='word_1_463' title='bbox 1165 1719 1239 1750; x_wconf 76' lang='grc'>238.</span> <span class='ocrx_word' id='word_1_464' title='bbox 1270 1718 1341 1749; x_wconf 87' lang='lat' dir='ltr'>Hoc</span> <span class='ocrx_word' id='word_1_465' title='bbox 1372 1723 1452 1756; x_wconf 82' lang='lat' dir='ltr'>.,nac</span> <span class='ocrx_word' id='word_1_466' title='bbox 1481 1720 1535 1750; x_wconf 76' lang='lat' dir='ltr'>re“</span> <span class='ocrx_word' id='word_1_467' title='bbox 1567 1723 1598 1749; x_wconf 86' lang='lat' dir='ltr'>S.</span> <span class='ocrx_word' id='word_1_468' title='bbox 1648 1721 1698 1748; x_wconf 81' lang='lat' dir='ltr'>Ita</span> <span class='ocrx_word' id='word_1_469' title='bbox 1725 1723 1794 1751; x_wconf 89' lang='lat' dir='ltr'>Cul.</span> <span class='ocrx_word' id='word_1_470' title='bbox 1832 1720 1907 1752; x_wconf 79' lang='lat'>198.</span> 
     </span>
     <span class='ocr_line' id='line_1_79' title="bbox 1119 1763 1908 1805; baseline 0.003 -10"><span class='ocrx_word' id='word_1_471' title='bbox 1119 1768 1224 1795; x_wconf 86' lang='lat' dir='ltr'>Plaut.</span> <span class='ocrx_word' id='word_1_472' title='bbox 1256 1768 1370 1795; x_wconf 79' lang='lat' dir='ltr'>Pseud.</span> <span class='ocrx_word' id='word_1_473' title='bbox 1407 1765 1443 1802; x_wconf 86' lang='lat'>3,</span> <span class='ocrx_word' id='word_1_474' title='bbox 1483 1764 1519 1796; x_wconf 81' lang='lat'>2.</span> <span class='ocrx_word' id='word_1_475' title='bbox 1558 1763 1611 1794; x_wconf 76' lang='lat'>18.</span> <span class='ocrx_word' id='word_1_476' title='bbox 1643 1763 1695 1795; x_wconf 79' lang='lat'>32.</span> <span class='ocrx_word' id='word_1_477' title='bbox 1752 1769 1845 1797; x_wconf 85' lang='lat' dir='ltr'>Lucr.</span> <span class='ocrx_word' id='word_1_478' title='bbox 1877 1765 1908 1805; x_wconf 80' lang='lat'>4,</span> 
     </span>
     <span class='ocr_line' id='line_1_80' title="bbox 1122 1809 1908 1850; baseline 0.004 -11"><span class='ocrx_word' id='word_1_479' title='bbox 1122 1809 1217 1840; x_wconf 76' lang='grc'>1087.</span> <span class='ocrx_word' id='word_1_480' title='bbox 1268 1813 1340 1840; x_wconf 86' lang='lat' dir='ltr'>Hor.</span> <span class='ocrx_word' id='word_1_481' title='bbox 1368 1814 1433 1840; x_wconf 83' lang='lat' dir='ltr'>Sat.</span> <span class='ocrx_word' id='word_1_482' title='bbox 1461 1809 1495 1847; x_wconf 89' lang='grc'><strong>1,</strong></span> <span class='ocrx_word' id='word_1_483' title='bbox 1525 1809 1558 1848; x_wconf 93' lang='grc'><strong>1,</strong></span> <span class='ocrx_word' id='word_1_484' title='bbox 1587 1810 1638 1839; x_wconf 74' lang='grc'>46.</span> <span class='ocrx_word' id='word_1_485' title='bbox 1686 1813 1770 1841; x_wconf 85' lang='lat' dir='ltr'>Plin.</span> <span class='ocrx_word' id='word_1_486' title='bbox 1796 1815 1852 1848; x_wconf 83' lang='lat' dir='ltr'>Ep.</span> <span class='ocrx_word' id='word_1_487' title='bbox 1877 1811 1908 1850; x_wconf 85' lang='grc'>2,</span> 
     </span>
     <span class='ocr_line' id='line_1_81' title="bbox 1123 1854 1909 1893; baseline 0.003 -8"><span class='ocrx_word' id='word_1_488' title='bbox 1123 1854 1180 1893; x_wconf 82' lang='grc'><strong>19,</strong></span> <span class='ocrx_word' id='word_1_489' title='bbox 1212 1866 1274 1885; x_wconf 90' lang='lat' dir='ltr'>non</span> <span class='ocrx_word' id='word_1_490' title='bbox 1305 1858 1420 1893; x_wconf 70' lang='lat' dir='ltr'>legitur</span> <span class='ocrx_word' id='word_1_491' title='bbox 1450 1859 1535 1892; x_wconf 88' lang='lat' dir='ltr'>apud</span> <span class='ocrx_word' id='word_1_492' title='bbox 1565 1857 1735 1891; x_wconf 83' lang='lat' dir='ltr'>scriptores</span> <span class='ocrx_word' id='word_1_493' title='bbox 1765 1859 1909 1888; x_wconf 85' lang='lat' dir='ltr'>Ciceroni</span> 
     </span>
     <span class='ocr_line' id='line_1_82' title="bbox 1121 1905 1283 1937; baseline 0 -6"><span class='ocrx_word' id='word_1_494' title='bbox 1121 1905 1283 1937; x_wconf 73' lang='lat' dir='ltr'>aequales.</span> 
     </span>
    </p>

    <p class='ocr_par' dir='ltr' id='par_1_19' title="bbox 1122 1945 1914 2437">
     <span class='ocr_line' id='line_1_83' title="bbox 1168 1945 1910 1978; baseline 0.003 -2"><span class='ocrx_word' id='word_1_495' title='bbox 1168 1946 1242 1976; x_wconf 87' lang='grc'>239.</span> <span class='ocrx_word' id='word_1_496' title='bbox 1273 1945 1392 1976; x_wconf 69' lang='lat' dir='ltr'>solari</span> <span class='ocrx_word' id='word_1_497' title='bbox 1413 1956 1482 1978; x_wconf 87' lang='lat' dir='ltr'>cum</span> <span class='ocrx_word' id='word_1_498' title='bbox 1502 1948 1689 1977; x_wconf 79' lang='lat' dir='ltr'>accusativo</span> <span class='ocrx_word' id='word_1_499' title='bbox 1705 1949 1751 1977; x_wconf 89' lang='lat' dir='ltr'>rei</span> <span class='ocrx_word' id='word_1_500' title='bbox 1772 1950 1910 1978; x_wconf 82' lang='lat' dir='ltr'>dolorem</span> 
     </span>
     <span class='ocr_line' id='line_1_84' title="bbox 1122 1990 1911 2031; baseline 0.001 -9"><span class='ocrx_word' id='word_1_501' title='bbox 1122 1994 1284 2027; x_wconf 79' lang='lat' dir='ltr'>afferente,</span> <span class='ocrx_word' id='word_1_502' title='bbox 1312 1996 1420 2022; x_wconf 78' lang='lat' dir='ltr'>Moret.</span> <span class='ocrx_word' id='word_1_503' title='bbox 1452 1990 1493 2021; x_wconf 83' lang='grc'>29</span> <span class='ocrx_word' id='word_1_504' title='bbox 1527 1990 1679 2022; x_wconf 82' lang='lat' dir='ltr'>laborem</span> <span class='ocrx_word' id='word_1_505' title='bbox 1705 1995 1778 2024; x_wconf 88' lang='lat' dir='ltr'>Tac.</span> <span class='ocrx_word' id='word_1_506' title='bbox 1811 1996 1853 2023; x_wconf 84' lang='lat' dir='ltr'>A.</span> <span class='ocrx_word' id='word_1_507' title='bbox 1879 1992 1911 2031; x_wconf 80' lang='lat'>2,</span> 
     </span>
     <span class='ocr_line' id='line_1_85' title="bbox 1125 2035 1910 2078; baseline 0.003 -11"><span class='ocrx_word' id='word_1_508' title='bbox 1125 2038 1164 2068; x_wconf 84' lang='lat'>36</span> <span class='ocrx_word' id='word_1_509' title='bbox 1198 2036 1372 2078; x_wconf 68' lang='lat' dir='ltr'>repulsam</span> <span class='ocrx_word' id='word_1_510' title='bbox 1407 2037 1463 2073; x_wconf 74' lang='lat'>16,</span> <span class='ocrx_word' id='word_1_511' title='bbox 1498 2035 1538 2066; x_wconf 88' lang='grc'>13</span> <span class='ocrx_word' id='word_1_512' title='bbox 1574 2035 1707 2067; x_wconf 81' lang='lat' dir='ltr'>cladem</span> <span class='ocrx_word' id='word_1_513' title='bbox 1738 2040 1822 2068; x_wconf 91' lang='lat' dir='ltr'>Plin.</span> <span class='ocrx_word' id='word_1_514' title='bbox 1854 2042 1910 2075; x_wconf 78' lang='lat' dir='ltr'>Ep.</span> 
     </span>
     <span class='ocr_line' id='line_1_86' title="bbox 1124 2081 1910 2114; baseline 0.003 -2"><span class='ocrx_word' id='word_1_515' title='bbox 1124 2083 1161 2114; x_wconf 79' lang='lat'>8.</span> <span class='ocrx_word' id='word_1_516' title='bbox 1197 2081 1237 2112; x_wconf 89' lang='lat'>11</span> <span class='ocrx_word' id='word_1_517' title='bbox 1269 2081 1473 2113; x_wconf 72' lang='lat' dir='ltr'>desiderium</span> <span class='ocrx_word' id='word_1_518' title='bbox 1505 2088 1534 2113; x_wconf 87' lang='lat' dir='ltr'>et</span> <span class='ocrx_word' id='word_1_519' title='bbox 1564 2088 1611 2112; x_wconf 82' lang='lat' dir='ltr'>est</span> <span class='ocrx_word' id='word_1_520' title='bbox 1642 2086 1774 2113; x_wconf 83' lang='lat' dir='ltr'>solando</span> <span class='ocrx_word' id='word_1_521' title='bbox 1801 2086 1910 2114; x_wconf 80' lang='lat' dir='ltr'>lenire.</span> 
     </span>
     <span class='ocr_line' id='line_1_87' title="bbox 1124 2131 1912 2165; baseline 0 -6"><span class='ocrx_word' id='word_1_522' title='bbox 1124 2132 1265 2159; x_wconf 69' lang='lat' dir='ltr'>Verbum</span> <span class='ocrx_word' id='word_1_523' title='bbox 1294 2135 1398 2158; x_wconf 69' lang='lat' dir='ltr'>autem</span> <span class='ocrx_word' id='word_1_524' title='bbox 1430 2131 1513 2164; x_wconf 87' lang='lat' dir='ltr'>apud</span> <span class='ocrx_word' id='word_1_525' title='bbox 1546 2134 1654 2164; x_wconf 85' lang='lat' dir='ltr'>poetas</span> <span class='ocrx_word' id='word_1_526' title='bbox 1687 2135 1715 2159; x_wconf 89' lang='lat' dir='ltr'>et</span> <span class='ocrx_word' id='word_1_527' title='bbox 1742 2131 1912 2165; x_wconf 85' lang='lat' dir='ltr'>scriptores</span> 
     </span>
     <span class='ocr_line' id='line_1_88' title="bbox 1125 2176 1911 2211; baseline 0 -7"><span class='ocrx_word' id='word_1_528' title='bbox 1125 2180 1294 2209; x_wconf 70' lang='lat' dir='ltr'>argenteae</span> <span class='ocrx_word' id='word_1_529' title='bbox 1325 2176 1439 2204; x_wconf 73' lang='lat' dir='ltr'>aetatis</span> <span class='ocrx_word' id='word_1_530' title='bbox 1471 2176 1503 2203; x_wconf 93' lang='lat' dir='ltr'>in</span> <span class='ocrx_word' id='word_1_531' title='bbox 1533 2183 1594 2203; x_wconf 79' lang='lat' dir='ltr'>usu</span> <span class='ocrx_word' id='word_1_532' title='bbox 1619 2179 1676 2204; x_wconf 86' lang='lat' dir='ltr'>est.</span> <span class='ocrx_word' id='word_1_533' title='bbox 1724 2176 1820 2211; x_wconf 79' lang='lat' dir='ltr'>Apud</span> <span class='ocrx_word' id='word_1_534' title='bbox 1845 2176 1911 2206; x_wconf 88' lang='lat' dir='ltr'>Cic.</span> 
     </span>
     <span class='ocr_line' id='line_1_89' title="bbox 1124 2217 1914 2261; baseline -0.001 -11"><span class='ocrx_word' id='word_1_535' title='bbox 1124 2226 1171 2250; x_wconf 77' lang='lat' dir='ltr'>est</span> <span class='ocrx_word' id='word_1_536' title='bbox 1197 2218 1371 2250; x_wconf 70' lang='lat' dir='ltr'>consolari</span> <span class='ocrx_word' id='word_1_537' title='bbox 1399 2229 1443 2256; x_wconf 87' lang='lat' dir='ltr'>pr.</span> <span class='ocrx_word' id='word_1_538' title='bbox 1467 2221 1534 2248; x_wconf 84' lang='lat' dir='ltr'>Mil.</span> <span class='ocrx_word' id='word_1_539' title='bbox 1561 2219 1620 2248; x_wconf 81' lang='lat'>35:</span> <span class='ocrx_word' id='word_1_540' title='bbox 1659 2217 1812 2261; x_wconf 82' lang='lat' dir='ltr'>gloriam</span> <span class='ocrx_word' id='word_1_541' title='bbox 1842 2229 1914 2250; x_wconf 80' lang='lat' dir='ltr'>esse</span> 
     </span>
     <span class='ocr_line' id='line_1_90' title="bbox 1125 2263 1914 2306; baseline 0 -11"><span class='ocrx_word' id='word_1_542' title='bbox 1125 2264 1213 2295; x_wconf 83' lang='lat' dir='ltr'>hanc</span> <span class='ocrx_word' id='word_1_543' title='bbox 1232 2275 1335 2294; x_wconf 80' lang='lat' dir='ltr'>uuam</span> <span class='ocrx_word' id='word_1_544' title='bbox 1357 2274 1445 2306; x_wconf 83' lang='lat' dir='ltr'>quae</span> <span class='ocrx_word' id='word_1_545' title='bbox 1464 2263 1663 2295; x_wconf 77' lang='lat' dir='ltr'>brevitatem</span> <span class='ocrx_word' id='word_1_546' title='bbox 1685 2263 1780 2295; x_wconf 79' lang='lat' dir='ltr'>vilae</span> <span class='ocrx_word' id='word_1_547' title='bbox 1799 2269 1914 2305; x_wconf 79' lang='lat' dir='ltr'>poste-</span> 
     </span>
     <span class='ocr_line' id='line_1_91' title="bbox 1123 2308 1914 2350; baseline 0 -10"><span class='ocrx_word' id='word_1_548' title='bbox 1123 2309 1240 2340; x_wconf 78' lang='lat' dir='ltr'>ritatis</span> <span class='ocrx_word' id='word_1_549' title='bbox 1265 2308 1430 2340; x_wconf 80' lang='lat' dir='ltr'>memoria</span> <span class='ocrx_word' id='word_1_550' title='bbox 1454 2308 1701 2339; x_wconf 78' lang='lat' dir='ltr'>consolaretur.</span> <span class='ocrx_word' id='word_1_551' title='bbox 1729 2327 1765 2330; x_wconf 97' lang='lat'><strong>—</strong></span> <span class='ocrx_word' id='word_1_552' title='bbox 1793 2319 1914 2350; x_wconf 80' lang='lat' dir='ltr'>repen-</span> 
     </span>
     <span class='ocr_line' id='line_1_92' title="bbox 1127 2355 1914 2393; baseline 0.003 -9"><span class='ocrx_word' id='word_1_553' title='bbox 1127 2355 1210 2385; x_wconf 71' lang='lat' dir='ltr'>dens</span> <span class='ocrx_word' id='word_1_554' title='bbox 1248 2364 1493 2393; x_wconf 47' lang='grc' dir='ltr'>ιῚ,οοιιηιοιιῇιηε,</span> <span class='ocrx_word' id='word_1_555' title='bbox 1538 2360 1568 2384; x_wconf 83' lang='lat' dir='ltr'>et</span> <span class='ocrx_word' id='word_1_556' title='bbox 1606 2360 1654 2384; x_wconf 84' lang='lat' dir='ltr'>est</span> <span class='ocrx_word' id='word_1_557' title='bbox 1688 2357 1855 2385; x_wconf 83' lang='lat' dir='ltr'>translatio</span> <span class='ocrx_word' id='word_1_558' title='bbox 1893 2365 1914 2386; x_wconf 84' lang='lat' dir='ltr'>a</span> 
     </span>
     <span class='ocr_line' id='line_1_93' title="bbox 1126 2402 1339 2437; baseline -0.009 -6"><span class='ocrx_word' id='word_1_559' title='bbox 1126 2402 1281 2437; x_wconf 72' lang='lat' dir='ltr'>peeunia··</span> <span class='ocrx_word' id='word_1_560' title='bbox 1309 2404 1339 2430; x_wconf 89' lang='lat' dir='ltr'>S.</span> 
     </span>
    </p>
   </div>
   <div class='ocr_carea' id='block_1_13' title="bbox 1174 2443 1914 2486">
    <p class='ocr_par' dir='ltr' id='par_1_20' title="bbox 1174 2443 1914 2486">
     <span class='ocr_line' id='line_1_94' title="bbox 1174 2443 1914 2486; baseline -0.001 -11"><span class='ocrx_word' id='word_1_561' title='bbox 1174 2445 1247 2475; x_wconf 76' lang='lat'>242.</span> <span class='ocrx_word' id='word_1_562' title='bbox 1275 2449 1320 2475; x_wconf 81' lang='lat' dir='ltr'>De</span> <span class='ocrx_word' id='word_1_563' title='bbox 1343 2447 1503 2475; x_wconf 79' lang='lat' dir='ltr'>Antenore</span> <span class='ocrx_word' id='word_1_564' title='bbox 1529 2446 1570 2475; x_wconf 80' lang='lat' dir='ltr'>cf.</span> <span class='ocrx_word' id='word_1_565' title='bbox 1597 2443 1661 2474; x_wconf 81' lang='lat'>248</span> <span class='ocrx_word' id='word_1_566' title='bbox 1697 2443 1803 2475; x_wconf 73' lang='lat' dir='ltr'>Sinus</span> <span class='ocrx_word' id='word_1_567' title='bbox 1833 2443 1914 2486; x_wconf 80' lang='lat' dir='ltr'>Illy-</span> 
     </span>
    </p>
   </div>
   <div class='ocr_carea' id='block_1_14' title="bbox 1127 2489 1916 2658">
    <p class='ocr_par' dir='ltr' id='par_1_21' title="bbox 1127 2489 1916 2658">
     <span class='ocr_line' id='line_1_95' title="bbox 1127 2489 1916 2520; baseline -0.001 0"><span class='ocrx_word' id='word_1_568' title='bbox 1127 2489 1191 2520; x_wconf 79' lang='lat' dir='ltr'>rici</span> <span class='ocrx_word' id='word_1_569' title='bbox 1228 2493 1300 2520; x_wconf 76' lang='lat' dir='ltr'>sive</span> <span class='ocrx_word' id='word_1_570' title='bbox 1338 2500 1424 2520; x_wconf 85' lang='lat' dir='ltr'>mare</span> <span class='ocrx_word' id='word_1_571' title='bbox 1455 2493 1652 2520; x_wconf 80' lang='lat' dir='ltr'>Hadrianum</span> <span class='ocrx_word' id='word_1_572' title='bbox 1690 2507 1727 2511; x_wconf 81' lang='lat'>—</span> <span class='ocrx_word' id='word_1_573' title='bbox 1773 2489 1916 2520; x_wconf 82' lang='lat' dir='ltr'>Liburni</span> 
     </span>
     <span class='ocr_line' id='line_1_96' title="bbox 1128 2534 1916 2573; baseline 0.001 -8"><span class='ocrx_word' id='word_1_574' title='bbox 1128 2538 1281 2572; x_wconf 72' lang='lat' dir='ltr'>Illyricus</span> <span class='ocrx_word' id='word_1_575' title='bbox 1304 2540 1440 2573; x_wconf 81' lang='lat' dir='ltr'>populus</span> <span class='ocrx_word' id='word_1_576' title='bbox 1468 2553 1505 2557; x_wconf 86' lang='lat'>——</span> <span class='ocrx_word' id='word_1_577' title='bbox 1540 2534 1704 2566; x_wconf 77' lang='lat' dir='ltr'>Timavus</span> <span class='ocrx_word' id='word_1_578' title='bbox 1736 2537 1768 2565; x_wconf 90' lang='lat' dir='ltr'>in</span> <span class='ocrx_word' id='word_1_579' title='bbox 1792 2538 1916 2566; x_wconf 85' lang='lat' dir='ltr'>Histria</span> 
     </span>
     <span class='ocr_line' id='line_1_97' title="bbox 1128 2578 1915 2622; baseline 0 -11"><span class='ocrx_word' id='word_1_580' title='bbox 1128 2588 1174 2612; x_wconf 79' lang='lat' dir='ltr'>est</span> <span class='ocrx_word' id='word_1_581' title='bbox 1201 2583 1280 2611; x_wconf 78' lang='lat' dir='ltr'>inter</span> <span class='ocrx_word' id='word_1_582' title='bbox 1306 2583 1491 2618; x_wconf 82' lang='lat' dir='ltr'>Aquileiam</span> <span class='ocrx_word' id='word_1_583' title='bbox 1515 2587 1544 2611; x_wconf 89' lang='lat' dir='ltr'>et</span> <span class='ocrx_word' id='word_1_584' title='bbox 1568 2583 1724 2618; x_wconf 80' lang='lat' dir='ltr'>Tergeste.</span> <span class='ocrx_word' id='word_1_585' title='bbox 1753 2578 1915 2622; x_wconf 68' lang='lat' dir='ltr'>—‘elap-</span> 
     </span>
     <span class='ocr_line' id='line_1_98' title="bbox 1129 2627 1327 2658; baseline -0.005 -1"><span class='ocrx_word' id='word_1_586' title='bbox 1129 2636 1186 2658; x_wconf 79' lang='lat' dir='ltr'>sus</span> <span class='ocrx_word' id='word_1_587' title='bbox 1211 2628 1249 2657; x_wconf 84' lang='lat' dir='ltr'>cf.</span> <span class='ocrx_word' id='word_1_588' title='bbox 1276 2627 1327 2656; x_wconf 81' lang='grc'>26.</span> 
     </span>
    </p>
   </div>
   <div class='ocr_carea' id='block_1_15' title="bbox 1129 2669 1918 3076">
    <p class='ocr_par' dir='ltr' id='par_1_22' title="bbox 1129 2669 1917 2755">
     <span class='ocr_line' id='line_1_99' title="bbox 1175 2669 1917 2708; baseline 0 -7"><span class='ocrx_word' id='word_1_589' title='bbox 1175 2672 1249 2702; x_wconf 79' lang='grc'>243.</span> <span class='ocrx_word' id='word_1_590' title='bbox 1275 2674 1393 2702; x_wconf 80' lang='lat' dir='ltr'>Livius</span> <span class='ocrx_word' id='word_1_591' title='bbox 1430 2677 1541 2702; x_wconf 86' lang='lat' dir='ltr'>narrat</span> <span class='ocrx_word' id='word_1_592' title='bbox 1581 2669 1640 2708; x_wconf 86' lang='lat'>10,</span> <span class='ocrx_word' id='word_1_593' title='bbox 1678 2669 1698 2700; x_wconf 81' lang='grc'>2</span> <span class='ocrx_word' id='word_1_594' title='bbox 1736 2671 1917 2701; x_wconf 84' lang='lat' dir='ltr'>Adrianum</span> 
     </span>
     <span class='ocr_line' id='line_1_100' title="bbox 1129 2717 1915 2755; baseline -0.003 -7"><span class='ocrx_word' id='word_1_595' title='bbox 1129 2727 1215 2749; x_wconf 85' lang='lat' dir='ltr'>mare</span> <span class='ocrx_word' id='word_1_596' title='bbox 1240 2720 1416 2755; x_wconf 76' lang='lat' dir='ltr'>legentibus</span> <span class='ocrx_word' id='word_1_597' title='bbox 1439 2719 1537 2747; x_wconf 86' lang='lat' dir='ltr'>tutius</span> <span class='ocrx_word' id='word_1_598' title='bbox 1557 2726 1630 2747; x_wconf 86' lang='lat' dir='ltr'>esse</span> <span class='ocrx_word' id='word_1_599' title='bbox 1654 2718 1730 2745; x_wconf 83' lang='lat' dir='ltr'>litus</span> <span class='ocrx_word' id='word_1_600' title='bbox 1752 2717 1915 2746; x_wconf 86' lang='lat' dir='ltr'>orientale.</span> 
     </span>
    </p>

    <p class='ocr_par' dir='ltr' id='par_1_23' title="bbox 1129 2762 1918 3076">
     <span class='ocr_line' id='line_1_101' title="bbox 1175 2762 1918 2803; baseline -0.001 -11"><span class='ocrx_word' id='word_1_601' title='bbox 1175 2762 1250 2793; x_wconf 80' lang='lat'>244.</span> <span class='ocrx_word' id='word_1_602' title='bbox 1281 2762 1455 2803; x_wconf 54' lang='lat' dir='ltr'>¹quperure</span> <span class='ocrx_word' id='word_1_603' title='bbox 1469 2763 1760 2798; x_wconf 70' lang='lat' dir='ltr'>praeternavigare,</span> <span class='ocrx_word' id='word_1_604' title='bbox 1777 2763 1918 2792; x_wconf 87' lang='lat' dir='ltr'>maxime</span> 
     </span>
     <span class='ocr_line' id='line_1_102' title="bbox 1129 2808 1918 2844; baseline -0.004 -5"><span class='ocrx_word' id='word_1_605' title='bbox 1129 2811 1157 2839; x_wconf 76' lang='lat' dir='ltr'>si</span> <span class='ocrx_word' id='word_1_606' title='bbox 1184 2811 1294 2844; x_wconf 75' lang='lat' dir='ltr'>aliqua</span> <span class='ocrx_word' id='word_1_607' title='bbox 1319 2810 1347 2838; x_wconf 84' lang='lat' dir='ltr'>fit</span> <span class='ocrx_word' id='word_1_608' title='bbox 1377 2810 1574 2838; x_wconf 87' lang='lat' dir='ltr'>contentione</span> <span class='ocrx_word' id='word_1_609' title='bbox 1602 2812 1657 2836; x_wconf 83' lang='lat' dir='ltr'>aut</span> <span class='ocrx_word' id='word_1_610' title='bbox 1686 2808 1842 2842; x_wconf 80' lang='lat' dir='ltr'>periculo,</span> <span class='ocrx_word' id='word_1_611' title='bbox 1883 2811 1918 2836; x_wconf 80' lang='lat' dir='ltr'>ut</span> 
     </span>
     <span class='ocr_line' id='line_1_103' title="bbox 1129 2854 1917 2889; baseline -0.004 -5"><span class='ocrx_word' id='word_1_612' title='bbox 1129 2856 1258 2884; x_wconf 77' lang='lat' dir='ltr'>fretum.</span> <span class='ocrx_word' id='word_1_613' title='bbox 1294 2855 1556 2889; x_wconf 88' lang='lat' dir='ltr'>promontorium,</span> <span class='ocrx_word' id='word_1_614' title='bbox 1593 2854 1762 2881; x_wconf 81' lang='lat' dir='ltr'>adversum</span> <span class='ocrx_word' id='word_1_615' title='bbox 1792 2860 1917 2881; x_wconf 89' lang='lat' dir='ltr'>amnem</span> 
     </span>
     <span class='ocr_line' id='line_1_104' title="bbox 1130 2895 1918 2937; baseline -0.004 -8"><span class='ocrx_word' id='word_1_616' title='bbox 1130 2902 1175 2929; x_wconf 86' lang='lat' dir='ltr'>ita</span> <span class='ocrx_word' id='word_1_617' title='bbox 1201 2899 1234 2936; x_wconf 87' lang='grc'>3,</span> <span class='ocrx_word' id='word_1_618' title='bbox 1261 2898 1335 2928; x_wconf 73' lang='grc'>698.</span> <span class='ocrx_word' id='word_1_619' title='bbox 1385 2900 1456 2929; x_wconf 87' lang='lat' dir='ltr'>Liv.</span> <span class='ocrx_word' id='word_1_620' title='bbox 1485 2897 1543 2935; x_wconf 82' lang='lat'>25,</span> <span class='ocrx_word' id='word_1_621' title='bbox 1570 2895 1611 2925; x_wconf 89' lang='grc'>27</span> <span class='ocrx_word' id='word_1_622' title='bbox 1636 2895 1731 2926; x_wconf 84' lang='lat' dir='ltr'>venti</span> <span class='ocrx_word' id='word_1_623' title='bbox 1753 2905 1918 2937; x_wconf 75' lang='lat' dir='ltr'>nuperare</span> 
     </span>
     <span class='ocr_line' id='line_1_105' title="bbox 1131 2940 1916 2985; baseline -0.004 -12"><span class='ocrx_word' id='word_1_624' title='bbox 1131 2954 1205 2974; x_wconf 84' lang='lat' dir='ltr'>eum</span> <span class='ocrx_word' id='word_1_625' title='bbox 1235 2942 1429 2985; x_wconf 79' lang='lat' dir='ltr'>Pachynum</span> <span class='ocrx_word' id='word_1_626' title='bbox 1454 2940 1679 2983; x_wconf 82' lang='lat' dir='ltr'>prohibebant</span> <span class='ocrx_word' id='word_1_627' title='bbox 1701 2942 1753 2978; x_wconf 88' lang='lat'>30,</span> <span class='ocrx_word' id='word_1_628' title='bbox 1780 2941 1829 2971; x_wconf 77' lang='lat'>¹9.</span> <span class='ocrx_word' id='word_1_629' title='bbox 1864 2940 1916 2979; x_wconf 80' lang='lat'>31,</span> 
     </span>
     <span class='ocr_line' id='line_1_106' title="bbox 1131 2984 1916 3028; baseline -0.004 -9"><span class='ocrx_word' id='word_1_630' title='bbox 1131 2989 1183 3018; x_wconf 90' lang='grc'>23.</span> <span class='ocrx_word' id='word_1_631' title='bbox 1232 2992 1305 3019; x_wconf 86' lang='lat' dir='ltr'>Tae.</span> <span class='ocrx_word' id='word_1_632' title='bbox 1332 2992 1371 3019; x_wconf 82' lang='grc' dir='ltr'>Α.</span> <span class='ocrx_word' id='word_1_633' title='bbox 1398 2987 1448 3023; x_wconf 77' lang='grc'>15,</span> <span class='ocrx_word' id='word_1_634' title='bbox 1475 2987 1516 3017; x_wconf 78' lang='lat'>46</span> <span class='ocrx_word' id='word_1_635' title='bbox 1542 2986 1621 3017; x_wconf 79' lang='lat' dir='ltr'>(lum</span> <span class='ocrx_word' id='word_1_636' title='bbox 1644 2984 1916 3028; x_wconf 81' lang='lat' dir='ltr'>promontorium</span> 
     </span>
     <span class='ocr_line' id='line_1_107' title="bbox 1135 3030 1917 3076; baseline -0.004 -11"><span class='ocrx_word' id='word_1_637' title='bbox 1135 3033 1261 3065; x_wconf 81' lang='lat' dir='ltr'>Miseni</span> <span class='ocrx_word' id='word_1_638' title='bbox 1279 3043 1442 3076; x_wconf 77' lang='lat' dir='ltr'>superare</span> <span class='ocrx_word' id='word_1_639' title='bbox 1458 3031 1679 3064; x_wconf 79' lang='lat' dir='ltr'>contendunt.</span> <span class='ocrx_word' id='word_1_640' title='bbox 1717 3034 1827 3063; x_wconf 87' lang='lat' dir='ltr'>Simile</span> <span class='ocrx_word' id='word_1_641' title='bbox 1841 3030 1917 3062; x_wconf 82' lang='lat' dir='ltr'>vin-</span> 
     </span>
    </p>
   </div>
   <div class='ocr_carea' id='block_1_16' title="bbox 1969 0 2044 1864">
    <p class='ocr_par' dir='ltr' id='par_1_24' title="bbox 1969 0 2044 1864">
     <span class='ocr_line' id='line_1_108' title="bbox 1969 0 2044 1864; baseline 0 0"><span class='ocrx_word' id='word_1_642' title='bbox 1969 0 2044 1864; x_wconf 95' lang='lat' dir='ltr'> </span> 
     </span>
    </p>
   </div>
  </div>
 </body>
</html>
