<?xml version="1.0" encoding="UTF-8"?>
<!DOCTYPE html PUBLIC "-//W3C//DTD XHTML 1.0 Transitional//EN"
    "http://www.w3.org/TR/xhtml1/DTD/xhtml1-transitional.dtd">
<html xmlns="http://www.w3.org/1999/xhtml" xml:lang="en" lang="en">
 <head>
  <title>
</title>
<meta http-equiv="Content-Type" content="text/html;charset=utf-8" />
  <meta name='ocr-system' content='tesseract 3.04.00' />
  <meta name='ocr-capabilities' content='ocr_page ocr_carea ocr_par ocr_line ocrx_word'/>
</head>
<body>
  <div class='ocr_page' id='page_1' title='image "aeneisvi00virguoft_0664.png"; bbox 0 0 2023 3350; ppageno 0'>
   <div class='ocr_carea' id='block_1_1' title="bbox 246 125 1361 174">
    <p class='ocr_par' dir='ltr' id='par_1_1' title="bbox 246 125 1361 174">
     <span class='ocr_line' id='line_1_1' title="bbox 246 125 1361 174; baseline -0.002 -15"><span class='ocrx_word' id='word_1_1' title='bbox 246 133 329 174; x_wconf 72' lang='lat'>(333</span> <span class='ocrx_word' id='word_1_2' title='bbox 745 127 804 159; x_wconf 83' lang='lat' dir='ltr'>DE</span> <span class='ocrx_word' id='word_1_3' title='bbox 836 125 1128 158; x_wconf 70' lang='lat' dir='ltr'><strong>HEXAMETRO</strong></span> <span class='ocrx_word' id='word_1_4' title='bbox 1166 126 1361 159; x_wconf 81' lang='lat' dir='ltr'>VIRGILH.</span> 
     </span>
    </p>
   </div>
   <div class='ocr_carea' id='block_1_2' title="bbox 246 237 1863 680">
    <p class='ocr_par' dir='ltr' id='par_1_2' title="bbox 246 237 1863 680">
     <span class='ocr_line' id='line_1_2' title="bbox 247 237 1859 286; baseline -0.007 -6"><span class='ocrx_word' id='word_1_5' title='bbox 247 258 284 279; x_wconf 76' lang='lat' dir='ltr'>ea</span> <span class='ocrx_word' id='word_1_6' title='bbox 311 243 556 286; x_wconf 72' lang='lat' dir='ltr'>discrepantia.</span> <span class='ocrx_word' id='word_1_7' title='bbox 590 248 676 281; x_wconf 83' lang='lat' dir='ltr'>quae</span> <span class='ocrx_word' id='word_1_8' title='bbox 704 248 843 280; x_wconf 80' lang='lat' dir='ltr'><strong>semper</strong></span> <span class='ocrx_word' id='word_1_9' title='bbox 875 238 1036 278; x_wconf 79' lang='lat' dir='ltr'>solvitur,</span> <span class='ocrx_word' id='word_1_10' title='bbox 1076 239 1210 280; x_wconf 88' lang='lat' dir='ltr'>positus</span> <span class='ocrx_word' id='word_1_11' title='bbox 1241 244 1293 272; x_wconf 84' lang='lat' dir='ltr'>est</span> <span class='ocrx_word' id='word_1_12' title='bbox 1317 239 1430 271; x_wconf 91' lang='lat' dir='ltr'>omnis</span> <span class='ocrx_word' id='word_1_13' title='bbox 1462 246 1625 271; x_wconf 78' lang='lat' dir='ltr'>versuum</span> <span class='ocrx_word' id='word_1_14' title='bbox 1649 237 1800 279; x_wconf 90' lang='lat' dir='ltr'>impetus</span> <span class='ocrx_word' id='word_1_15' title='bbox 1825 239 1859 269; x_wconf 84' lang='lat' dir='ltr'>et</span> 
     </span>
     <span class='ocr_line' id='line_1_3' title="bbox 247 292 1861 337; baseline -0.007 -2"><span class='ocrx_word' id='word_1_16' title='bbox 247 308 419 335; x_wconf 56' lang='lat' dir='ltr'>temistas.</span> <span class='ocrx_word' id='word_1_17' title='bbox 477 297 664 330; x_wconf 80' lang='lat' dir='ltr'>Rarissime</span> <span class='ocrx_word' id='word_1_18' title='bbox 699 305 759 337; x_wconf 88' lang='lat' dir='ltr'>per</span> <span class='ocrx_word' id='word_1_19' title='bbox 791 299 902 327; x_wconf 92' lang='lat' dir='ltr'>totum</span> <span class='ocrx_word' id='word_1_20' title='bbox 934 304 1073 327; x_wconf 75' lang='lat' dir='ltr'>versum</span> <span class='ocrx_word' id='word_1_21' title='bbox 1104 294 1287 327; x_wconf 75' lang='lat' dir='ltr'>verborum</span> <span class='ocrx_word' id='word_1_22' title='bbox 1318 302 1478 328; x_wconf 86' lang='lat' dir='ltr'>accentus</span> <span class='ocrx_word' id='word_1_23' title='bbox 1508 295 1542 327; x_wconf 90' lang='lat' dir='ltr'>in</span> <span class='ocrx_word' id='word_1_24' title='bbox 1574 302 1669 326; x_wconf 89' lang='lat' dir='ltr'>arses</span> <span class='ocrx_word' id='word_1_25' title='bbox 1700 292 1861 326; x_wconf 89' lang='lat' dir='ltr'>incidunt</span> 
     </span>
     <span class='ocr_line' id='line_1_4' title="bbox 249 345 1858 394; baseline -0.006 -3"><span class='ocrx_word' id='word_1_26' title='bbox 249 366 282 391; x_wconf 88' lang='lat' dir='ltr'>ut</span> <span class='ocrx_word' id='word_1_27' title='bbox 304 358 371 389; x_wconf 62' lang='lat' dir='ltr'>Eoi.</span> <span class='ocrx_word' id='word_1_28' title='bbox 404 359 428 390; x_wconf 85' lang='lat' dir='ltr'>l.</span> <span class='ocrx_word' id='word_1_29' title='bbox 455 357 512 386; x_wconf 71' lang='lat'>71:</span> <span class='ocrx_word' id='word_1_30' title='bbox 556 345 690 394; x_wconf 58' lang='lat' dir='ltr'>I&#39;mpe&#39;us</span> <span class='ocrx_word' id='word_1_31' title='bbox 714 351 800 384; x_wconf 63' lang='lat' dir='ltr'>liade</span> <span class='ocrx_word' id='word_1_32' title='bbox 827 355 902 383; x_wconf 80' lang='lat' dir='ltr'>tam.</span> <span class='ocrx_word' id='word_1_33' title='bbox 929 348 1030 382; x_wconf 64' lang='lat' dir='ltr'>eillla</span> <span class='ocrx_word' id='word_1_34' title='bbox 1058 349 1199 382; x_wconf 65' lang='lat' dir='ltr'>nomfle&#39;a</span> <span class='ocrx_word' id='word_1_35' title='bbox 1226 348 1322 383; x_wconf 61' lang='lat' dir='ltr'>miles</span> <span class='ocrx_word' id='word_1_36' title='bbox 1348 352 1497 384; x_wconf 45' lang='lat' dir='ltr'>habebit.</span> <span class='ocrx_word' id='word_1_37' title='bbox 1547 353 1577 391; x_wconf 85' lang='lat'>5,</span> <span class='ocrx_word' id='word_1_38' title='bbox 1600 351 1659 382; x_wconf 79' lang='lat'>52:</span> <span class='ocrx_word' id='word_1_39' title='bbox 1689 348 1858 392; x_wconf 70' lang='lat' dir='ltr'>dehnin</span> 
     </span>
     <span class='ocr_line' id='line_1_5' title="bbox 249 404 1863 451; baseline -0.004 -4"><span class='ocrx_word' id='word_1_40' title='bbox 249 415 295 447; x_wconf 78' lang='lat' dir='ltr'>ml</span> <span class='ocrx_word' id='word_1_41' title='bbox 313 413 415 444; x_wconf 67' lang='lat' dir='ltr'>‹ists-11</span> <span class='ocrx_word' id='word_1_42' title='bbox 430 409 598 451; x_wconf 74' lang='lat' dir='ltr'>scre&#39;mus</span> <span class='ocrx_word' id='word_1_43' title='bbox 617 409 755 441; x_wconf 68' lang='lat' dir='ltr'>amcfm&#39;t</span> <span class='ocrx_word' id='word_1_44' title='bbox 772 404 834 441; x_wconf 66' lang='lat' dir='ltr'>mis</span> <span class='ocrx_word' id='word_1_45' title='bbox 853 420 993 451; x_wconf 79' lang='lat' dir='ltr'>qnoque</span> <span class='ocrx_word' id='word_1_46' title='bbox 1011 406 1181 450; x_wconf 72' lang='lat' dir='ltr'>delmis.</span> <span class='ocrx_word' id='word_1_47' title='bbox 1210 409 1346 448; x_wconf 87' lang='lat' dir='ltr'><strong>Quibus</strong></span> <span class='ocrx_word' id='word_1_48' title='bbox 1368 409 1526 442; x_wconf 72' lang='lat' dir='ltr'>versibus</span> <span class='ocrx_word' id='word_1_49' title='bbox 1543 409 1732 443; x_wconf 82' lang='lat' dir='ltr'>fluentibus</span> <span class='ocrx_word' id='word_1_50' title='bbox 1751 408 1863 442; x_wconf 84' lang='lat' dir='ltr'>flebile</span> 
     </span>
     <span class='ocr_line' id='line_1_6' title="bbox 246 463 1861 509; baseline -0.002 -7"><span class='ocrx_word' id='word_1_51' title='bbox 246 475 303 502; x_wconf 87' lang='lat' dir='ltr'>aut</span> <span class='ocrx_word' id='word_1_52' title='bbox 327 468 430 500; x_wconf 88' lang='lat' dir='ltr'>molle</span> <span class='ocrx_word' id='word_1_53' title='bbox 457 466 598 508; x_wconf 75' lang='lat' dir='ltr'>aliquod</span> <span class='ocrx_word' id='word_1_54' title='bbox 623 467 722 500; x_wconf 86' lang='lat' dir='ltr'>inest.</span> <span class='ocrx_word' id='word_1_55' title='bbox 772 467 895 499; x_wconf 83' lang='lat' dir='ltr'>Contra</span> <span class='ocrx_word' id='word_1_56' title='bbox 920 466 958 506; x_wconf 81' lang='lat'>9,</span> <span class='ocrx_word' id='word_1_57' title='bbox 985 466 1049 497; x_wconf 75' lang='lat'>532</span> <span class='ocrx_word' id='word_1_58' title='bbox 1086 463 1306 506; x_wconf 59' lang='lat' dir='ltr'>Empugndre</span> <span class='ocrx_word' id='word_1_59' title='bbox 1328 463 1433 498; x_wconf 72' lang='lat' dir='ltr'>*Itali</span> <span class='ocrx_word' id='word_1_60' title='bbox 1464 466 1674 509; x_wconf 59' lang='lat' dir='ltr'>sdmmrique</span> <span class='ocrx_word' id='word_1_61' title='bbox 1705 465 1861 499; x_wconf 55' lang='lat' dir='ltr'>evei-tere</span> 
     </span>
     <span class='ocr_line' id='line_1_7' title="bbox 247 521 1863 568; baseline -0.001 -11"><span class='ocrx_word' id='word_1_62' title='bbox 247 524 353 568; x_wconf 72' lang='grc' dir='ltr'><em>ι’ψήιη</em></span> <span class='ocrx_word' id='word_1_63' title='bbox 386 523 414 557; x_wconf 76' lang='grc' dir='ltr'>υἱ</span> <span class='ocrx_word' id='word_1_64' title='bbox 444 529 650 557; x_wconf 81' lang='lat' dir='ltr'>accentuum</span> <span class='ocrx_word' id='word_1_65' title='bbox 681 528 714 556; x_wconf 91' lang='lat' dir='ltr'>et</span> <span class='ocrx_word' id='word_1_66' title='bbox 747 523 875 555; x_wconf 88' lang='lat' dir='ltr'>arsium</span> <span class='ocrx_word' id='word_1_67' title='bbox 908 521 1136 563; x_wconf 70' lang='lat' dir='ltr'>discrepantia</span> <span class='ocrx_word' id='word_1_68' title='bbox 1165 531 1275 563; x_wconf 89' lang='lat' dir='ltr'>usque</span> <span class='ocrx_word' id='word_1_69' title='bbox 1307 522 1349 554; x_wconf 90' lang='lat' dir='ltr'>ad</span> <span class='ocrx_word' id='word_1_70' title='bbox 1377 533 1513 556; x_wconf 80' lang='lat' dir='ltr'>versum</span> <span class='ocrx_word' id='word_1_71' title='bbox 1538 529 1727 557; x_wconf 81' lang='lat' dir='ltr'>extremum</span> <span class='ocrx_word' id='word_1_72' title='bbox 1752 523 1863 556; x_wconf 89' lang='lat' dir='ltr'>conti-</span> 
     </span>
     <span class='ocr_line' id='line_1_8' title="bbox 246 577 1861 623; baseline -0.001 -9"><span class='ocrx_word' id='word_1_73' title='bbox 246 587 350 614; x_wconf 88' lang='lat' dir='ltr'>nuata</span> <span class='ocrx_word' id='word_1_74' title='bbox 380 581 556 614; x_wconf 83' lang='lat' dir='ltr'>contentio</span> <span class='ocrx_word' id='word_1_75' title='bbox 592 581 682 622; x_wconf 89' lang='lat' dir='ltr'>ipsa,</span> <span class='ocrx_word' id='word_1_76' title='bbox 715 589 781 621; x_wconf 89' lang='lat' dir='ltr'>qua</span> <span class='ocrx_word' id='word_1_77' title='bbox 812 579 910 621; x_wconf 84' lang='lat' dir='ltr'>quasi</span> <span class='ocrx_word' id='word_1_78' title='bbox 946 578 1129 611; x_wconf 70' lang='lat' dir='ltr'>verborum</span> <span class='ocrx_word' id='word_1_79' title='bbox 1165 577 1344 611; x_wconf 89' lang='lat' dir='ltr'>obstacula</span> <span class='ocrx_word' id='word_1_80' title='bbox 1379 589 1497 613; x_wconf 90' lang='lat' dir='ltr'>versus</span> <span class='ocrx_word' id='word_1_81' title='bbox 1528 585 1688 623; x_wconf 90' lang='lat' dir='ltr'>superat,</span> <span class='ocrx_word' id='word_1_82' title='bbox 1721 585 1861 613; x_wconf 88' lang='lat' dir='ltr'>conten-</span> 
     </span>
     <span class='ocr_line' id='line_1_9' title="bbox 249 637 783 680; baseline -0.006 -9"><span class='ocrx_word' id='word_1_83' title='bbox 249 640 381 671; x_wconf 80' lang='lat' dir='ltr'><strong>tionem</strong></span> <span class='ocrx_word' id='word_1_84' title='bbox 405 639 520 680; x_wconf 84' lang='lat' dir='ltr'>signat</span> <span class='ocrx_word' id='word_1_85' title='bbox 541 637 783 670; x_wconf 82' lang='lat' dir='ltr'>laborantium.</span> 
     </span>
    </p>
   </div>
   <div class='ocr_carea' id='block_1_3' title="bbox 245 704 1881 2986">
    <p class='ocr_par' dir='ltr' id='par_1_3' title="bbox 245 704 1879 2224">
     <span class='ocr_line' id='line_1_10' title="bbox 360 704 1863 750; baseline -0.001 -11"><span class='ocrx_word' id='word_1_86' title='bbox 360 708 486 739; x_wconf 87' lang='lat' dir='ltr'>Poetae</span> <span class='ocrx_word' id='word_1_87' title='bbox 512 706 594 738; x_wconf 91' lang='lat' dir='ltr'>boni</span> <span class='ocrx_word' id='word_1_88' title='bbox 620 710 654 737; x_wconf 88' lang='lat' dir='ltr'>et</span> <span class='ocrx_word' id='word_1_89' title='bbox 679 705 849 748; x_wconf 86' lang='lat' dir='ltr'>Virgilius</span> <span class='ocrx_word' id='word_1_90' title='bbox 875 704 958 737; x_wconf 87' lang='lat' dir='ltr'>haec</span> <span class='ocrx_word' id='word_1_91' title='bbox 980 713 1145 737; x_wconf 77' lang='lat' dir='ltr'>versuum</span> <span class='ocrx_word' id='word_1_92' title='bbox 1171 713 1312 746; x_wconf 85' lang='lat' dir='ltr'>genera,</span> <span class='ocrx_word' id='word_1_93' title='bbox 1339 714 1425 746; x_wconf 90' lang='lat' dir='ltr'>quae</span> <span class='ocrx_word' id='word_1_94' title='bbox 1446 706 1482 738; x_wconf 90' lang='lat' dir='ltr'>in</span> <span class='ocrx_word' id='word_1_95' title='bbox 1506 706 1707 740; x_wconf 81' lang='lat' dir='ltr'>alterutram</span> <span class='ocrx_word' id='word_1_96' title='bbox 1732 711 1863 750; x_wconf 89' lang='lat' dir='ltr'>partem</span> 
     </span>
     <span class='ocr_line' id='line_1_11' title="bbox 245 760 1864 805; baseline 0 -9"><span class='ocrx_word' id='word_1_97' title='bbox 245 773 264 796; x_wconf 88' lang='lat' dir='ltr'>a</span> <span class='ocrx_word' id='word_1_98' title='bbox 289 764 362 805; x_wconf 77' lang='lat' dir='ltr'>lege</span> <span class='ocrx_word' id='word_1_99' title='bbox 385 763 567 803; x_wconf 85' lang='lat' dir='ltr'>recedunt,</span> <span class='ocrx_word' id='word_1_100' title='bbox 594 772 663 794; x_wconf 93' lang='lat' dir='ltr'>non</span> <span class='ocrx_word' id='word_1_101' title='bbox 688 761 877 794; x_wconf 88' lang='lat' dir='ltr'>admittunt</span> <span class='ocrx_word' id='word_1_102' title='bbox 901 762 968 793; x_wconf 90' lang='lat' dir='ltr'>nisi</span> <span class='ocrx_word' id='word_1_103' title='bbox 993 761 1165 794; x_wconf 90' lang='lat' dir='ltr'>sententia</span> <span class='ocrx_word' id='word_1_104' title='bbox 1190 760 1400 803; x_wconf 84' lang='lat' dir='ltr'>postulante.</span> <span class='ocrx_word' id='word_1_105' title='bbox 1447 763 1623 797; x_wconf 87' lang='lat' dir='ltr'>Praeterea</span> <span class='ocrx_word' id='word_1_106' title='bbox 1649 765 1864 798; x_wconf 91' lang='lat' dir='ltr'>monendum</span> 
     </span>
     <span class='ocr_line' id='line_1_12' title="bbox 246 817 1865 863; baseline 0.001 -10"><span class='ocrx_word' id='word_1_107' title='bbox 246 822 283 853; x_wconf 88' lang='lat' dir='ltr'>in</span> <span class='ocrx_word' id='word_1_108' title='bbox 309 820 466 853; x_wconf 80' lang='lat' dir='ltr'>distichis</span> <span class='ocrx_word' id='word_1_109' title='bbox 491 819 576 851; x_wconf 90' lang='lat' dir='ltr'>tales</span> <span class='ocrx_word' id='word_1_110' title='bbox 602 819 818 851; x_wconf 79' lang='lat' dir='ltr'>hexametros</span> <span class='ocrx_word' id='word_1_111' title='bbox 844 828 912 850; x_wconf 92' lang='lat' dir='ltr'>non</span> <span class='ocrx_word' id='word_1_112' title='bbox 940 817 1063 851; x_wconf 89' lang='lat' dir='ltr'>habere</span> <span class='ocrx_word' id='word_1_113' title='bbox 1086 818 1218 856; x_wconf 80' lang='lat' dir='ltr'>locum,</span> <span class='ocrx_word' id='word_1_114' title='bbox 1246 828 1354 860; x_wconf 86' lang='lat' dir='ltr'>quum</span> <span class='ocrx_word' id='word_1_115' title='bbox 1381 819 1416 850; x_wconf 89' lang='lat' dir='ltr'>in</span> <span class='ocrx_word' id='word_1_116' title='bbox 1442 819 1485 851; x_wconf 92' lang='lat' dir='ltr'>iis</span> <span class='ocrx_word' id='word_1_117' title='bbox 1512 829 1574 852; x_wconf 91' lang='lat' dir='ltr'>nec</span> <span class='ocrx_word' id='word_1_118' title='bbox 1597 831 1768 863; x_wconf 88' lang='lat' dir='ltr'>sequens,</span> <span class='ocrx_word' id='word_1_119' title='bbox 1799 831 1865 855; x_wconf 86' lang='lat' dir='ltr'>nec</span> 
     </span>
     <span class='ocr_line' id='line_1_13' title="bbox 247 874 1866 920; baseline 0.001 -11"><span class='ocrx_word' id='word_1_120' title='bbox 247 877 455 910; x_wconf 78' lang='lat' dir='ltr'>antecedens</span> <span class='ocrx_word' id='word_1_121' title='bbox 481 884 600 910; x_wconf 84' lang='lat' dir='ltr'>versus</span> <span class='ocrx_word' id='word_1_122' title='bbox 626 884 755 907; x_wconf 90' lang='lat' dir='ltr'>meram</span> <span class='ocrx_word' id='word_1_123' title='bbox 781 874 925 908; x_wconf 84' lang='lat' dir='ltr'>formam</span> <span class='ocrx_word' id='word_1_124' title='bbox 955 876 1017 908; x_wconf 89' lang='lat' dir='ltr'>sed</span> <span class='ocrx_word' id='word_1_125' title='bbox 1042 875 1143 917; x_wconf 83' lang='lat' dir='ltr'>longe</span> <span class='ocrx_word' id='word_1_126' title='bbox 1169 875 1272 908; x_wconf 90' lang='lat' dir='ltr'>aliam</span> <span class='ocrx_word' id='word_1_127' title='bbox 1299 874 1474 917; x_wconf 86' lang='lat' dir='ltr'>praebeat,</span> <span class='ocrx_word' id='word_1_128' title='bbox 1506 876 1678 919; x_wconf 85' lang='lat' dir='ltr'>legentem</span> <span class='ocrx_word' id='word_1_129' title='bbox 1703 878 1807 920; x_wconf 83' lang='lat' dir='ltr'>igitur</span> <span class='ocrx_word' id='word_1_130' title='bbox 1831 883 1866 911; x_wconf 88' lang='lat' dir='ltr'>et</span> 
     </span>
     <span class='ocr_line' id='line_1_14' title="bbox 247 931 1867 977; baseline 0.001 -10"><span class='ocrx_word' id='word_1_131' title='bbox 247 934 447 967; x_wconf 81' lang='lat' dir='ltr'>audientem</span> <span class='ocrx_word' id='word_1_132' title='bbox 474 932 621 976; x_wconf 71' lang='lat' dir='ltr'>proximi</span> <span class='ocrx_word' id='word_1_133' title='bbox 656 941 777 964; x_wconf 83' lang='lat' dir='ltr'>versus</span> <span class='ocrx_word' id='word_1_134' title='bbox 808 942 876 964; x_wconf 90' lang='lat' dir='ltr'>non</span> <span class='ocrx_word' id='word_1_135' title='bbox 906 933 949 965; x_wconf 90' lang='lat' dir='ltr'>ad</span> <span class='ocrx_word' id='word_1_136' title='bbox 977 942 1091 965; x_wconf 67' lang='lat' dir='ltr'>veram</span> <span class='ocrx_word' id='word_1_137' title='bbox 1123 941 1281 964; x_wconf 90' lang='lat' dir='ltr'>normam</span> <span class='ocrx_word' id='word_1_138' title='bbox 1309 931 1491 971; x_wconf 86' lang='lat' dir='ltr'>reducant;</span> <span class='ocrx_word' id='word_1_139' title='bbox 1526 943 1594 966; x_wconf 90' lang='lat' dir='ltr'>non</span> <span class='ocrx_word' id='word_1_140' title='bbox 1624 944 1729 976; x_wconf 90' lang='lat' dir='ltr'>posse</span> <span class='ocrx_word' id='word_1_141' title='bbox 1759 935 1867 977; x_wconf 80' lang='lat' dir='ltr'>igitur</span> 
     </span>
     <span class='ocr_line' id='line_1_15' title="bbox 247 988 1867 1035; baseline 0.002 -12"><span class='ocrx_word' id='word_1_142' title='bbox 247 991 335 1024; x_wconf 86' lang='lat' dir='ltr'>tales</span> <span class='ocrx_word' id='word_1_143' title='bbox 361 1000 481 1023; x_wconf 79' lang='lat' dir='ltr'>versus</span> <span class='ocrx_word' id='word_1_144' title='bbox 513 999 589 1023; x_wconf 89' lang='lat' dir='ltr'>esse</span> <span class='ocrx_word' id='word_1_145' title='bbox 622 988 688 1021; x_wconf 87' lang='lat' dir='ltr'>nisi</span> <span class='ocrx_word' id='word_1_146' title='bbox 720 989 757 1020; x_wconf 91' lang='lat' dir='ltr'>in</span> <span class='ocrx_word' id='word_1_147' title='bbox 788 989 1064 1022; x_wconf 78' lang='lat' dir='ltr'>hexametrorum</span> <span class='ocrx_word' id='word_1_148' title='bbox 1095 989 1332 1022; x_wconf 82' lang='lat' dir='ltr'>continuitate.</span> <span class='ocrx_word' id='word_1_149' title='bbox 1389 989 1506 1032; x_wconf 79' lang='lat' dir='ltr'>Atque</span> <span class='ocrx_word' id='word_1_150' title='bbox 1535 990 1600 1024; x_wconf 89' lang='lat' dir='ltr'>hoc</span> <span class='ocrx_word' id='word_1_151' title='bbox 1627 991 1731 1026; x_wconf 88' lang='lat' dir='ltr'>latius</span> <span class='ocrx_word' id='word_1_152' title='bbox 1760 997 1867 1035; x_wconf 90' lang='lat' dir='ltr'>patet,</span> 
     </span>
     <span class='ocr_line' id='line_1_16' title="bbox 248 1044 1868 1090; baseline 0.001 -9"><span class='ocrx_word' id='word_1_153' title='bbox 248 1054 288 1082; x_wconf 90' lang='lat' dir='ltr'>ut</span> <span class='ocrx_word' id='word_1_154' title='bbox 312 1058 433 1081; x_wconf 89' lang='lat' dir='ltr'>omnes</span> <span class='ocrx_word' id='word_1_155' title='bbox 458 1056 598 1085; x_wconf 86' lang='lat' dir='ltr'>versus,</span> <span class='ocrx_word' id='word_1_156' title='bbox 632 1045 692 1088; x_wconf 87' lang='lat' dir='ltr'>qui</span> <span class='ocrx_word' id='word_1_157' title='bbox 715 1044 764 1077; x_wconf 91' lang='lat' dir='ltr'>illi</span> <span class='ocrx_word' id='word_1_158' title='bbox 786 1046 854 1089; x_wconf 87' lang='lat' dir='ltr'>legi</span> <span class='ocrx_word' id='word_1_159' title='bbox 877 1058 944 1090; x_wconf 84' lang='lat' dir='ltr'>qua</span> <span class='ocrx_word' id='word_1_160' title='bbox 968 1048 1003 1080; x_wconf 93' lang='lat' dir='ltr'>in</span> <span class='ocrx_word' id='word_1_161' title='bbox 1032 1052 1180 1079; x_wconf 74' lang='lat' dir='ltr'>extrema</span> <span class='ocrx_word' id='word_1_162' title='bbox 1207 1051 1302 1089; x_wconf 83' lang='lat' dir='ltr'>parte</span> <span class='ocrx_word' id='word_1_163' title='bbox 1324 1056 1446 1079; x_wconf 84' lang='lat' dir='ltr'>versus</span> <span class='ocrx_word' id='word_1_164' title='bbox 1476 1051 1512 1079; x_wconf 89' lang='lat' dir='ltr'>et</span> <span class='ocrx_word' id='word_1_165' title='bbox 1536 1048 1665 1090; x_wconf 90' lang='lat' dir='ltr'>pedum</span> <span class='ocrx_word' id='word_1_166' title='bbox 1690 1053 1723 1082; x_wconf 91' lang='lat' dir='ltr'>et</span> <span class='ocrx_word' id='word_1_167' title='bbox 1745 1049 1868 1082; x_wconf 89' lang='lat' dir='ltr'>verbo-</span> 
     </span>
     <span class='ocr_line' id='line_1_17' title="bbox 249 1102 1869 1148; baseline 0.001 -9"><span class='ocrx_word' id='word_1_168' title='bbox 249 1117 328 1140; x_wconf 86' lang='lat' dir='ltr'>rum</span> <span class='ocrx_word' id='word_1_169' title='bbox 359 1110 522 1138; x_wconf 88' lang='lat' dir='ltr'>accentus</span> <span class='ocrx_word' id='word_1_170' title='bbox 553 1102 761 1136; x_wconf 87' lang='lat' dir='ltr'>concordare</span> <span class='ocrx_word' id='word_1_171' title='bbox 794 1114 936 1137; x_wconf 83' lang='lat' dir='ltr'>necesse</span> <span class='ocrx_word' id='word_1_172' title='bbox 966 1109 1035 1143; x_wconf 87' lang='lat' dir='ltr'>est,</span> <span class='ocrx_word' id='word_1_173' title='bbox 1069 1114 1138 1136; x_wconf 90' lang='lat' dir='ltr'>non</span> <span class='ocrx_word' id='word_1_174' title='bbox 1169 1103 1417 1144; x_wconf 75' lang='lat' dir='ltr'>respondeant,</span> <span class='ocrx_word' id='word_1_175' title='bbox 1450 1114 1519 1137; x_wconf 92' lang='lat' dir='ltr'>non</span> <span class='ocrx_word' id='word_1_176' title='bbox 1552 1107 1689 1147; x_wconf 83' lang='lat' dir='ltr'>possint</span> <span class='ocrx_word' id='word_1_177' title='bbox 1717 1106 1869 1148; x_wconf 82' lang='lat' dir='ltr'>defendi,</span> 
     </span>
     <span class='ocr_line' id='line_1_18' title="bbox 250 1160 1869 1198; baseline 0.001 -1"><span class='ocrx_word' id='word_1_178' title='bbox 250 1165 316 1197; x_wconf 86' lang='lat' dir='ltr'>nisi</span> <span class='ocrx_word' id='word_1_179' title='bbox 348 1164 384 1196; x_wconf 92' lang='lat' dir='ltr'>in</span> <span class='ocrx_word' id='word_1_180' title='bbox 418 1163 593 1196; x_wconf 85' lang='lat' dir='ltr'>continuis</span> <span class='ocrx_word' id='word_1_181' title='bbox 625 1163 843 1196; x_wconf 81' lang='lat' dir='ltr'>hexametris.</span> <span class='ocrx_word' id='word_1_182' title='bbox 916 1162 1113 1194; x_wconf 76' lang='lat' dir='ltr'>Hexametri</span> <span class='ocrx_word' id='word_1_183' title='bbox 1146 1161 1237 1193; x_wconf 90' lang='lat' dir='ltr'>enim</span> <span class='ocrx_word' id='word_1_184' title='bbox 1270 1160 1479 1193; x_wconf 88' lang='lat' dir='ltr'>Graecorum</span> <span class='ocrx_word' id='word_1_185' title='bbox 1513 1167 1546 1194; x_wconf 89' lang='lat' dir='ltr'>et</span> <span class='ocrx_word' id='word_1_186' title='bbox 1576 1165 1781 1197; x_wconf 89' lang='lat' dir='ltr'>Latinorum</span> <span class='ocrx_word' id='word_1_187' title='bbox 1810 1165 1869 1198; x_wconf 92' lang='lat' dir='ltr'>ad-</span> 
     </span>
     <span class='ocr_line' id='line_1_19' title="bbox 249 1219 1868 1264; baseline 0 -9"><span class='ocrx_word' id='word_1_188' title='bbox 249 1222 393 1255; x_wconf 89' lang='lat' dir='ltr'>modum</span> <span class='ocrx_word' id='word_1_189' title='bbox 419 1225 502 1253; x_wconf 87' lang='lat' dir='ltr'>sunt</span> <span class='ocrx_word' id='word_1_190' title='bbox 541 1222 678 1255; x_wconf 66' lang='lat' dir='ltr'>diversL</span> <span class='ocrx_word' id='word_1_191' title='bbox 726 1222 812 1253; x_wconf 82' lang='lat' dir='ltr'>Nam</span> <span class='ocrx_word' id='word_1_192' title='bbox 836 1229 944 1261; x_wconf 87' lang='lat' dir='ltr'>quum</span> <span class='ocrx_word' id='word_1_193' title='bbox 964 1219 1171 1251; x_wconf 84' lang='lat' dir='ltr'>Graecarum</span> <span class='ocrx_word' id='word_1_194' title='bbox 1197 1227 1321 1250; x_wconf 87' lang='lat' dir='ltr'>vocum</span> <span class='ocrx_word' id='word_1_195' title='bbox 1346 1223 1510 1251; x_wconf 84' lang='lat' dir='ltr'>accentus</span> <span class='ocrx_word' id='word_1_196' title='bbox 1533 1228 1595 1261; x_wconf 90' lang='lat' dir='ltr'>per</span> <span class='ocrx_word' id='word_1_197' title='bbox 1621 1225 1692 1253; x_wconf 90' lang='lat' dir='ltr'>tres</span> <span class='ocrx_word' id='word_1_198' title='bbox 1718 1221 1868 1264; x_wconf 77' lang='lat' dir='ltr'>syllabas</span> 
     </span>
     <span class='ocr_line' id='line_1_20' title="bbox 250 1275 1871 1321; baseline 0 -9"><span class='ocrx_word' id='word_1_199' title='bbox 250 1283 392 1317; x_wconf 83' lang='lat' dir='ltr'>erraret,</span> <span class='ocrx_word' id='word_1_200' title='bbox 425 1279 625 1311; x_wconf 88' lang='lat' dir='ltr'>Latinarum</span> <span class='ocrx_word' id='word_1_201' title='bbox 657 1288 767 1321; x_wconf 89' lang='lat' dir='ltr'>paene</span> <span class='ocrx_word' id='word_1_202' title='bbox 799 1275 978 1309; x_wconf 88' lang='lat' dir='ltr'>constabat</span> <span class='ocrx_word' id='word_1_203' title='bbox 1008 1275 1043 1307; x_wconf 91' lang='lat' dir='ltr'>in</span> <span class='ocrx_word' id='word_1_204' title='bbox 1072 1275 1298 1318; x_wconf 85' lang='lat' dir='ltr'>paenultima.</span> <span class='ocrx_word' id='word_1_205' title='bbox 1358 1276 1454 1315; x_wconf 87' lang='lat' dir='ltr'>Quae</span> <span class='ocrx_word' id='word_1_206' title='bbox 1483 1282 1644 1310; x_wconf 83' lang='lat' dir='ltr'>accentus</span> <span class='ocrx_word' id='word_1_207' title='bbox 1677 1279 1871 1312; x_wconf 85' lang='lat' dir='ltr'>constantia</span> 
     </span>
     <span class='ocr_line' id='line_1_21' title="bbox 250 1332 1872 1378; baseline 0 -9"><span class='ocrx_word' id='word_1_208' title='bbox 250 1338 285 1370; x_wconf 91' lang='lat' dir='ltr'>in</span> <span class='ocrx_word' id='word_1_209' title='bbox 317 1336 476 1370; x_wconf 73' lang='lat' dir='ltr'>versibus</span> <span class='ocrx_word' id='word_1_210' title='bbox 507 1335 756 1378; x_wconf 85' lang='lat' dir='ltr'>componendis</span> <span class='ocrx_word' id='word_1_211' title='bbox 787 1334 880 1375; x_wconf 83' lang='lat' dir='ltr'>leges</span> <span class='ocrx_word' id='word_1_212' title='bbox 912 1334 1013 1365; x_wconf 90' lang='lat' dir='ltr'>etiam</span> <span class='ocrx_word' id='word_1_213' title='bbox 1047 1332 1142 1365; x_wconf 86' lang='lat' dir='ltr'>dedit</span> <span class='ocrx_word' id='word_1_214' title='bbox 1172 1332 1438 1365; x_wconf 88' lang='lat' dir='ltr'>constantiores.</span> <span class='ocrx_word' id='word_1_215' title='bbox 1486 1335 1573 1367; x_wconf 82' lang='lat' dir='ltr'>Nam</span> <span class='ocrx_word' id='word_1_216' title='bbox 1604 1345 1714 1378; x_wconf 92' lang='lat' dir='ltr'>quum</span> <span class='ocrx_word' id='word_1_217' title='bbox 1744 1336 1872 1369; x_wconf 86' lang='lat' dir='ltr'>Graeca</span> 
     </span>
     <span class='ocr_line' id='line_1_22' title="bbox 253 1389 1874 1437; baseline 0.001 -11"><span class='ocrx_word' id='word_1_218' title='bbox 253 1393 416 1426; x_wconf 84' lang='lat' dir='ltr'>vocabula</span> <span class='ocrx_word' id='word_1_219' title='bbox 439 1397 643 1425; x_wconf 84' lang='lat' dir='ltr'>accentuum</span> <span class='ocrx_word' id='word_1_220' title='bbox 665 1392 825 1424; x_wconf 67' lang='lat' dir='ltr'>varietate</span> <span class='ocrx_word' id='word_1_221' title='bbox 850 1400 920 1423; x_wconf 91' lang='lat' dir='ltr'>non</span> <span class='ocrx_word' id='word_1_222' title='bbox 946 1394 1092 1432; x_wconf 87' lang='lat' dir='ltr'>possent</span> <span class='ocrx_word' id='word_1_223' title='bbox 1116 1389 1159 1422; x_wconf 88' lang='lat' dir='ltr'>ad</span> <span class='ocrx_word' id='word_1_224' title='bbox 1186 1394 1295 1422; x_wconf 89' lang='lat' dir='ltr'>certas</span> <span class='ocrx_word' id='word_1_225' title='bbox 1317 1389 1411 1431; x_wconf 83' lang='lat' dir='ltr'>leges</span> <span class='ocrx_word' id='word_1_226' title='bbox 1434 1389 1621 1434; x_wconf 85' lang='lat' dir='ltr'>adstringi,</span> <span class='ocrx_word' id='word_1_227' title='bbox 1643 1403 1714 1426; x_wconf 91' lang='lat' dir='ltr'>non</span> <span class='ocrx_word' id='word_1_228' title='bbox 1738 1397 1874 1437; x_wconf 86' lang='lat' dir='ltr'>poterat</span> 
     </span>
     <span class='ocr_line' id='line_1_23' title="bbox 252 1446 1873 1492; baseline 0.001 -9"><span class='ocrx_word' id='word_1_229' title='bbox 252 1451 319 1483; x_wconf 84' lang='lat' dir='ltr'>alia</span> <span class='ocrx_word' id='word_1_230' title='bbox 342 1459 418 1483; x_wconf 91' lang='lat' dir='ltr'>esse</span> <span class='ocrx_word' id='word_1_231' title='bbox 447 1450 498 1481; x_wconf 81' lang='lat' dir='ltr'>lex</span> <span class='ocrx_word' id='word_1_232' title='bbox 521 1459 623 1491; x_wconf 90' lang='lat' dir='ltr'>quam</span> <span class='ocrx_word' id='word_1_233' title='bbox 648 1447 860 1491; x_wconf 71' lang='lat' dir='ltr'>syllabarum</span> <span class='ocrx_word' id='word_1_234' title='bbox 886 1446 1080 1489; x_wconf 89' lang='lat' dir='ltr'>quantitas;</span> <span class='ocrx_word' id='word_1_235' title='bbox 1115 1446 1158 1478; x_wconf 86' lang='lat' dir='ltr'>ad</span> <span class='ocrx_word' id='word_1_236' title='bbox 1188 1456 1263 1479; x_wconf 90' lang='lat' dir='ltr'>eam</span> <span class='ocrx_word' id='word_1_237' title='bbox 1291 1447 1497 1488; x_wconf 83' lang='lat' dir='ltr'>spectabant</span> <span class='ocrx_word' id='word_1_238' title='bbox 1520 1453 1658 1492; x_wconf 86' lang='lat' dir='ltr'>poetae,</span> <span class='ocrx_word' id='word_1_239' title='bbox 1690 1455 1873 1484; x_wconf 86' lang='lat' dir='ltr'>accentum</span> 
     </span>
     <span class='ocr_line' id='line_1_24' title="bbox 253 1503 1873 1549; baseline 0 -9"><span class='ocrx_word' id='word_1_240' title='bbox 253 1508 371 1540; x_wconf 90' lang='lat' dir='ltr'>minus</span> <span class='ocrx_word' id='word_1_241' title='bbox 396 1505 573 1539; x_wconf 87' lang='lat' dir='ltr'>curabant.</span> <span class='ocrx_word' id='word_1_242' title='bbox 622 1507 748 1538; x_wconf 88' lang='lat' dir='ltr'>Contra</span> <span class='ocrx_word' id='word_1_243' title='bbox 772 1505 895 1543; x_wconf 88' lang='lat' dir='ltr'>Latini,</span> <span class='ocrx_word' id='word_1_244' title='bbox 923 1504 953 1536; x_wconf 90' lang='lat' dir='ltr'>si</span> <span class='ocrx_word' id='word_1_245' title='bbox 975 1504 1103 1536; x_wconf 90' lang='lat' dir='ltr'>Graeca</span> <span class='ocrx_word' id='word_1_246' title='bbox 1128 1507 1236 1535; x_wconf 88' lang='lat' dir='ltr'>metra</span> <span class='ocrx_word' id='word_1_247' title='bbox 1260 1503 1482 1544; x_wconf 80' lang='lat' dir='ltr'>transferunt,</span> <span class='ocrx_word' id='word_1_248' title='bbox 1506 1505 1713 1539; x_wconf 86' lang='lat' dir='ltr'>arctioribus</span> <span class='ocrx_word' id='word_1_249' title='bbox 1739 1507 1873 1549; x_wconf 78' lang='lat' dir='ltr'>legibus</span> 
     </span>
     <span class='ocr_line' id='line_1_25' title="bbox 253 1560 1874 1607; baseline 0 -11"><span class='ocrx_word' id='word_1_250' title='bbox 253 1567 433 1607; x_wconf 86' lang='lat' dir='ltr'>premunt,</span> <span class='ocrx_word' id='word_1_251' title='bbox 467 1567 500 1595; x_wconf 89' lang='lat' dir='ltr'>et</span> <span class='ocrx_word' id='word_1_252' title='bbox 529 1572 637 1604; x_wconf 90' lang='lat' dir='ltr'>quum</span> <span class='ocrx_word' id='word_1_253' title='bbox 665 1563 741 1605; x_wconf 90' lang='lat' dir='ltr'>ipsa</span> <span class='ocrx_word' id='word_1_254' title='bbox 771 1571 891 1594; x_wconf 88' lang='lat' dir='ltr'>eorum</span> <span class='ocrx_word' id='word_1_255' title='bbox 916 1561 1035 1603; x_wconf 85' lang='lat' dir='ltr'>lingua</span> <span class='ocrx_word' id='word_1_256' title='bbox 1060 1560 1200 1592; x_wconf 86' lang='lat' dir='ltr'>Graecis</span> <span class='ocrx_word' id='word_1_257' title='bbox 1229 1560 1349 1592; x_wconf 90' lang='lat' dir='ltr'>metris</span> <span class='ocrx_word' id='word_1_258' title='bbox 1376 1560 1417 1593; x_wconf 87' lang='lat' dir='ltr'>ad</span> <span class='ocrx_word' id='word_1_259' title='bbox 1445 1562 1613 1594; x_wconf 90' lang='lat' dir='ltr'>rationem</span> <span class='ocrx_word' id='word_1_260' title='bbox 1638 1563 1748 1596; x_wconf 89' lang='lat' dir='ltr'>multo</span> <span class='ocrx_word' id='word_1_261' title='bbox 1773 1563 1874 1596; x_wconf 86' lang='lat' dir='ltr'>aliam</span> 
     </span>
     <span class='ocr_line' id='line_1_26' title="bbox 254 1616 1873 1663; baseline 0.001 -10"><span class='ocrx_word' id='word_1_262' title='bbox 254 1620 446 1663; x_wconf 88' lang='lat' dir='ltr'>composita</span> <span class='ocrx_word' id='word_1_263' title='bbox 476 1624 654 1662; x_wconf 87' lang='lat' dir='ltr'>tantopere</span> <span class='ocrx_word' id='word_1_264' title='bbox 686 1623 870 1660; x_wconf 79' lang='lat' dir='ltr'>repugnet,</span> <span class='ocrx_word' id='word_1_265' title='bbox 905 1622 944 1649; x_wconf 89' lang='lat' dir='ltr'>ut</span> <span class='ocrx_word' id='word_1_266' title='bbox 974 1616 1102 1649; x_wconf 90' lang='lat' dir='ltr'>multas</span> <span class='ocrx_word' id='word_1_267' title='bbox 1135 1616 1264 1649; x_wconf 86' lang='lat' dir='ltr'>formas</span> <span class='ocrx_word' id='word_1_268' title='bbox 1295 1616 1455 1649; x_wconf 87' lang='lat' dir='ltr'>versibus</span> <span class='ocrx_word' id='word_1_269' title='bbox 1486 1619 1627 1652; x_wconf 92' lang='lat' dir='ltr'>omnino</span> <span class='ocrx_word' id='word_1_270' title='bbox 1653 1619 1781 1653; x_wconf 87' lang='lat' dir='ltr'>inferre</span> <span class='ocrx_word' id='word_1_271' title='bbox 1803 1631 1873 1654; x_wconf 90' lang='lat' dir='ltr'>non</span> 
     </span>
     <span class='ocr_line' id='line_1_27' title="bbox 254 1673 1876 1720; baseline 0.001 -10"><span class='ocrx_word' id='word_1_272' title='bbox 254 1678 409 1720; x_wconf 86' lang='lat' dir='ltr'>possint:</span> <span class='ocrx_word' id='word_1_273' title='bbox 440 1676 669 1709; x_wconf 89' lang='lat' dir='ltr'>nihilominus</span> <span class='ocrx_word' id='word_1_274' title='bbox 696 1679 811 1707; x_wconf 89' lang='lat' dir='ltr'>tamen</span> <span class='ocrx_word' id='word_1_275' title='bbox 835 1674 974 1716; x_wconf 85' lang='lat' dir='ltr'>regulas</span> <span class='ocrx_word' id='word_1_276' title='bbox 1000 1674 1228 1713; x_wconf 87' lang='lat' dir='ltr'>Graecorum,</span> <span class='ocrx_word' id='word_1_277' title='bbox 1255 1674 1315 1716; x_wconf 88' lang='lat' dir='ltr'>qui</span> <span class='ocrx_word' id='word_1_278' title='bbox 1338 1673 1415 1716; x_wconf 90' lang='lat' dir='ltr'>ipsa</span> <span class='ocrx_word' id='word_1_279' title='bbox 1442 1674 1580 1717; x_wconf 84' lang='lat' dir='ltr'>linguae</span> <span class='ocrx_word' id='word_1_280' title='bbox 1604 1675 1820 1711; x_wconf 71' lang='lat' dir='ltr'>volubilitate</span> <span class='ocrx_word' id='word_1_281' title='bbox 1842 1682 1876 1710; x_wconf 88' lang='lat' dir='ltr'>et</span> 
     </span>
     <span class='ocr_line' id='line_1_28' title="bbox 256 1731 1874 1776; baseline 0.001 -10"><span class='ocrx_word' id='word_1_282' title='bbox 256 1744 367 1776; x_wconf 89' lang='lat' dir='ltr'>quum</span> <span class='ocrx_word' id='word_1_283' title='bbox 393 1733 443 1765; x_wconf 92' lang='lat' dir='ltr'>illi</span> <span class='ocrx_word' id='word_1_284' title='bbox 478 1742 597 1765; x_wconf 90' lang='lat' dir='ltr'>versus</span> <span class='ocrx_word' id='word_1_285' title='bbox 629 1733 664 1764; x_wconf 92' lang='lat' dir='ltr'>in</span> <span class='ocrx_word' id='word_1_286' title='bbox 690 1731 765 1773; x_wconf 88' lang='lat' dir='ltr'>ipsa</span> <span class='ocrx_word' id='word_1_287' title='bbox 789 1731 909 1774; x_wconf 82' lang='lat' dir='ltr'>lingua</span> <span class='ocrx_word' id='word_1_288' title='bbox 934 1731 1005 1762; x_wconf 87' lang='lat' dir='ltr'>nati</span> <span class='ocrx_word' id='word_1_289' title='bbox 1034 1735 1167 1769; x_wconf 87' lang='lat' dir='ltr'>essent,</span> <span class='ocrx_word' id='word_1_290' title='bbox 1201 1731 1317 1762; x_wconf 87' lang='lat' dir='ltr'>omnia</span> <span class='ocrx_word' id='word_1_291' title='bbox 1347 1731 1515 1764; x_wconf 80' lang='lat' dir='ltr'>vocabula</span> <span class='ocrx_word' id='word_1_292' title='bbox 1544 1737 1578 1765; x_wconf 85' lang='lat' dir='ltr'>et</span> <span class='ocrx_word' id='word_1_293' title='bbox 1607 1743 1729 1766; x_wconf 88' lang='lat' dir='ltr'>omnes</span> <span class='ocrx_word' id='word_1_294' title='bbox 1754 1744 1874 1767; x_wconf 91' lang='lat' dir='ltr'>eorum</span> 
     </span>
     <span class='ocr_line' id='line_1_29' title="bbox 254 1785 1876 1834; baseline 0.001 -11"><span class='ocrx_word' id='word_1_295' title='bbox 254 1790 383 1823; x_wconf 81' lang='lat' dir='ltr'>formas</span> <span class='ocrx_word' id='word_1_296' title='bbox 416 1791 451 1821; x_wconf 91' lang='lat' dir='ltr'>in</span> <span class='ocrx_word' id='word_1_297' title='bbox 480 1788 639 1821; x_wconf 76' lang='lat' dir='ltr'>versibus</span> <span class='ocrx_word' id='word_1_298' title='bbox 669 1791 829 1830; x_wconf 83' lang='lat' dir='ltr'>poterant</span> <span class='ocrx_word' id='word_1_299' title='bbox 859 1786 1037 1826; x_wconf 88' lang='lat' dir='ltr'>adhibere,</span> <span class='ocrx_word' id='word_1_300' title='bbox 1071 1785 1277 1819; x_wconf 85' lang='lat' dir='ltr'>arctioribus</span> <span class='ocrx_word' id='word_1_301' title='bbox 1307 1787 1409 1820; x_wconf 90' lang='lat' dir='ltr'>etiam</span> <span class='ocrx_word' id='word_1_302' title='bbox 1443 1788 1571 1821; x_wconf 82' lang='lat' dir='ltr'>finibus</span> <span class='ocrx_word' id='word_1_303' title='bbox 1595 1789 1876 1834; x_wconf 85' lang='lat' dir='ltr'>circumscripse-</span> 
     </span>
     <span class='ocr_line' id='line_1_30' title="bbox 255 1843 1876 1887; baseline 0.001 -7"><span class='ocrx_word' id='word_1_304' title='bbox 255 1853 351 1887; x_wconf 84' lang='lat' dir='ltr'>runt,</span> <span class='ocrx_word' id='word_1_305' title='bbox 387 1851 420 1878; x_wconf 89' lang='lat' dir='ltr'>et</span> <span class='ocrx_word' id='word_1_306' title='bbox 444 1855 563 1878; x_wconf 85' lang='lat' dir='ltr'>versus</span> <span class='ocrx_word' id='word_1_307' title='bbox 598 1844 757 1877; x_wconf 78' lang='lat' dir='ltr'>difficiles</span> <span class='ocrx_word' id='word_1_308' title='bbox 783 1844 962 1877; x_wconf 87' lang='lat' dir='ltr'>reddidere</span> <span class='ocrx_word' id='word_1_309' title='bbox 991 1844 1093 1876; x_wconf 91' lang='lat' dir='ltr'>etiam</span> <span class='ocrx_word' id='word_1_310' title='bbox 1118 1843 1342 1876; x_wconf 83' lang='lat' dir='ltr'>difficiliores.</span> <span class='ocrx_word' id='word_1_311' title='bbox 1391 1844 1431 1876; x_wconf 89' lang='lat' dir='ltr'>Id</span> <span class='ocrx_word' id='word_1_312' title='bbox 1455 1845 1490 1877; x_wconf 89' lang='lat' dir='ltr'>in</span> <span class='ocrx_word' id='word_1_313' title='bbox 1516 1846 1729 1880; x_wconf 86' lang='lat' dir='ltr'>carminibus</span> <span class='ocrx_word' id='word_1_314' title='bbox 1759 1847 1876 1881; x_wconf 88' lang='lat' dir='ltr'>obser-</span> 
     </span>
     <span class='ocr_line' id='line_1_31' title="bbox 255 1900 1876 1944; baseline 0.001 -8"><span class='ocrx_word' id='word_1_315' title='bbox 255 1909 352 1937; x_wconf 73' lang='lat' dir='ltr'>vatur</span> <span class='ocrx_word' id='word_1_316' title='bbox 376 1903 529 1941; x_wconf 89' lang='lat' dir='ltr'>Horatii,</span> <span class='ocrx_word' id='word_1_317' title='bbox 556 1902 648 1934; x_wconf 90' lang='lat' dir='ltr'>idem</span> <span class='ocrx_word' id='word_1_318' title='bbox 675 1902 710 1934; x_wconf 90' lang='lat' dir='ltr'>in</span> <span class='ocrx_word' id='word_1_319' title='bbox 736 1901 930 1934; x_wconf 79' lang='lat' dir='ltr'>hexametro</span> <span class='ocrx_word' id='word_1_320' title='bbox 960 1900 1109 1942; x_wconf 82' lang='lat' dir='ltr'>Virgilii.</span> <span class='ocrx_word' id='word_1_321' title='bbox 1158 1900 1293 1940; x_wconf 89' lang='lat' dir='ltr'>Quodsi</span> <span class='ocrx_word' id='word_1_322' title='bbox 1319 1901 1538 1943; x_wconf 89' lang='lat' dir='ltr'>quaerimus,</span> <span class='ocrx_word' id='word_1_323' title='bbox 1577 1903 1638 1944; x_wconf 91' lang='lat' dir='ltr'>qui</span> <span class='ocrx_word' id='word_1_324' title='bbox 1663 1903 1795 1937; x_wconf 85' lang='lat' dir='ltr'>factum</span> <span class='ocrx_word' id='word_1_325' title='bbox 1819 1905 1876 1944; x_wconf 89' lang='lat' dir='ltr'>sit,</span> 
     </span>
     <span class='ocr_line' id='line_1_32' title="bbox 256 1957 1876 2003; baseline 0 -9"><span class='ocrx_word' id='word_1_326' title='bbox 256 1967 294 1994; x_wconf 90' lang='lat' dir='ltr'>ut</span> <span class='ocrx_word' id='word_1_327' title='bbox 321 1961 467 1993; x_wconf 83' lang='lat' dir='ltr'>Romani</span> <span class='ocrx_word' id='word_1_328' title='bbox 493 1960 545 1992; x_wconf 90' lang='lat' dir='ltr'>vel</span> <span class='ocrx_word' id='word_1_329' title='bbox 568 1960 759 1992; x_wconf 73' lang='lat' dir='ltr'>severiores</span> <span class='ocrx_word' id='word_1_330' title='bbox 783 1964 902 1992; x_wconf 89' lang='lat' dir='ltr'>essent</span> <span class='ocrx_word' id='word_1_331' title='bbox 926 1958 1080 1997; x_wconf 79' lang='lat' dir='ltr'>GraeciS‚</span> <span class='ocrx_word' id='word_1_332' title='bbox 1117 1967 1225 1999; x_wconf 89' lang='lat' dir='ltr'>quum</span> <span class='ocrx_word' id='word_1_333' title='bbox 1255 1957 1391 1990; x_wconf 87' lang='lat' dir='ltr'>facilius</span> <span class='ocrx_word' id='word_1_334' title='bbox 1421 1962 1541 1991; x_wconf 89' lang='lat' dir='ltr'>contra</span> <span class='ocrx_word' id='word_1_335' title='bbox 1573 1958 1645 2002; x_wconf 86' lang='lat' dir='ltr'>fiat,</span> <span class='ocrx_word' id='word_1_336' title='bbox 1679 1965 1719 1993; x_wconf 93' lang='lat' dir='ltr'>ut</span> <span class='ocrx_word' id='word_1_337' title='bbox 1749 1961 1809 2003; x_wconf 90' lang='lat' dir='ltr'>qui</span> <span class='ocrx_word' id='word_1_338' title='bbox 1833 1961 1876 1994; x_wconf 90' lang='lat' dir='ltr'>ab</span> 
     </span>
     <span class='ocr_line' id='line_1_33' title="bbox 255 2014 1878 2061; baseline 0.001 -10"><span class='ocrx_word' id='word_1_339' title='bbox 255 2018 322 2052; x_wconf 86' lang='lat' dir='ltr'>alio</span> <span class='ocrx_word' id='word_1_340' title='bbox 346 2023 455 2050; x_wconf 87' lang='lat' dir='ltr'>metra</span> <span class='ocrx_word' id='word_1_341' title='bbox 478 2017 600 2059; x_wconf 88' lang='lat' dir='ltr'>recipit</span> <span class='ocrx_word' id='word_1_342' title='bbox 622 2015 791 2058; x_wconf 88' lang='lat' dir='ltr'>populus,</span> <span class='ocrx_word' id='word_1_343' title='bbox 824 2016 968 2048; x_wconf 90' lang='lat' dir='ltr'>liberius</span> <span class='ocrx_word' id='word_1_344' title='bbox 994 2015 1044 2047; x_wconf 90' lang='lat' dir='ltr'>uti</span> <span class='ocrx_word' id='word_1_345' title='bbox 1069 2014 1195 2056; x_wconf 89' lang='lat' dir='ltr'>soleat,</span> <span class='ocrx_word' id='word_1_346' title='bbox 1223 2024 1347 2047; x_wconf 90' lang='lat' dir='ltr'>caussa</span> <span class='ocrx_word' id='word_1_347' title='bbox 1370 2014 1469 2047; x_wconf 82' lang='lat' dir='ltr'>facile</span> <span class='ocrx_word' id='word_1_348' title='bbox 1493 2021 1631 2058; x_wconf 89' lang='lat' dir='ltr'>apparet</span> <span class='ocrx_word' id='word_1_349' title='bbox 1658 2016 1758 2058; x_wconf 88' lang='lat' dir='ltr'>haec,</span> <span class='ocrx_word' id='word_1_350' title='bbox 1785 2019 1878 2061; x_wconf 89' lang='lat' dir='ltr'>quod</span> 
     </span>
     <span class='ocr_line' id='line_1_34' title="bbox 255 2072 1879 2116; baseline 0.001 -9"><span class='ocrx_word' id='word_1_351' title='bbox 255 2076 460 2108; x_wconf 88' lang='lat' dir='ltr'>Latinorum</span> <span class='ocrx_word' id='word_1_352' title='bbox 493 2073 658 2106; x_wconf 83' lang='lat' dir='ltr'>voeabula</span> <span class='ocrx_word' id='word_1_353' title='bbox 690 2072 761 2105; x_wconf 88' lang='lat' dir='ltr'>sere</span> <span class='ocrx_word' id='word_1_354' title='bbox 794 2074 910 2106; x_wconf 89' lang='lat' dir='ltr'>omnia</span> <span class='ocrx_word' id='word_1_355' title='bbox 938 2072 1060 2104; x_wconf 87' lang='lat' dir='ltr'>eodem</span> <span class='ocrx_word' id='word_1_356' title='bbox 1093 2077 1175 2105; x_wconf 89' lang='lat' dir='ltr'>sunt</span> <span class='ocrx_word' id='word_1_357' title='bbox 1206 2076 1367 2111; x_wconf 85' lang='lat' dir='ltr'>accentu,</span> <span class='ocrx_word' id='word_1_358' title='bbox 1413 2076 1452 2104; x_wconf 93' lang='lat' dir='ltr'>ut</span> <span class='ocrx_word' id='word_1_359' title='bbox 1487 2072 1611 2115; x_wconf 83' lang='lat' dir='ltr'>longae</span> <span class='ocrx_word' id='word_1_360' title='bbox 1645 2074 1879 2116; x_wconf 90' lang='lat' dir='ltr'>paenultimae</span> 
     </span>
     <span class='ocr_line' id='line_1_35' title="bbox 256 2128 1879 2174; baseline -0.001 -9"><span class='ocrx_word' id='word_1_361' title='bbox 256 2137 420 2165; x_wconf 87' lang='lat' dir='ltr'>accentus</span> <span class='ocrx_word' id='word_1_362' title='bbox 455 2130 653 2170; x_wconf 84' lang='lat' dir='ltr'>adhaereat,</span> <span class='ocrx_word' id='word_1_363' title='bbox 696 2141 714 2163; x_wconf 86' lang='lat' dir='ltr'>a</span> <span class='ocrx_word' id='word_1_364' title='bbox 748 2130 841 2163; x_wconf 74' lang='lat' dir='ltr'>brevi</span> <span class='ocrx_word' id='word_1_365' title='bbox 872 2134 988 2162; x_wconf 88' lang='lat' dir='ltr'>autem</span> <span class='ocrx_word' id='word_1_366' title='bbox 1023 2129 1067 2162; x_wconf 88' lang='lat' dir='ltr'>ad</span> <span class='ocrx_word' id='word_1_367' title='bbox 1097 2128 1267 2172; x_wconf 80' lang='lat' dir='ltr'>syllabam</span> <span class='ocrx_word' id='word_1_368' title='bbox 1301 2128 1528 2162; x_wconf 87' lang='lat' dir='ltr'>transferatur</span> <span class='ocrx_word' id='word_1_369' title='bbox 1558 2130 1718 2172; x_wconf 89' lang='lat' dir='ltr'>priorem.</span> <span class='ocrx_word' id='word_1_370' title='bbox 1772 2130 1879 2174; x_wconf 81' lang='lat' dir='ltr'>Apud</span> 
     </span>
     <span class='ocr_line' id='line_1_36' title="bbox 260 2188 830 2224; baseline -0.004 -2"><span class='ocrx_word' id='word_1_371' title='bbox 260 2190 411 2222; x_wconf 88' lang='lat' dir='ltr'>Graecos</span> <span class='ocrx_word' id='word_1_372' title='bbox 436 2195 572 2224; x_wconf 81' lang='lat' dir='ltr'>exstant</span> <span class='ocrx_word' id='word_1_373' title='bbox 595 2190 727 2223; x_wconf 86' lang='lat' dir='ltr'>formae</span> <span class='ocrx_word' id='word_1_374' title='bbox 750 2188 830 2220; x_wconf 91' lang='lat' dir='ltr'>hae:</span> 
     </span>
    </p>

    <p class='ocr_par' dir='ltr' id='par_1_4' title="bbox 395 2241 1781 2406">
     <span class='ocr_line' id='line_1_37' title="bbox 400 2241 892 2289; baseline -0.012 -7"><span class='ocrx_word' id='word_1_375' title='bbox 400 2251 434 2289; x_wconf 83' lang='lat'>1)</span> <span class='ocrx_word' id='word_1_376' title='bbox 460 2244 669 2289; x_wconf 77' lang='grc' dir='ltr'><strong><em>ἄνθρῶπος.</em></strong></span> <span class='ocrx_word' id='word_1_377' title='bbox 714 2241 892 2283; x_wconf 76' lang='grc' dir='ltr'><em>θάνᾶτός,</em></span> 
     </span>
     <span class='ocr_line' id='line_1_38' title="bbox 395 2295 1539 2349; baseline -0.006 -10"><span class='ocrx_word' id='word_1_378' title='bbox 395 2308 432 2349; x_wconf 80' lang='lat'>2)</span> <span class='ocrx_word' id='word_1_379' title='bbox 457 2298 638 2338; x_wconf 70' lang='grc' dir='ltr'><strong>θανᾶτου.</strong></span> <span class='ocrx_word' id='word_1_380' title='bbox 683 2295 898 2344; x_wconf 72' lang='grc' dir='ltr'>ἄνθρῶποῦ.</span> <span class='ocrx_word' id='word_1_381' title='bbox 946 2297 1097 2345; x_wconf 77' lang='grc' dir='ltr'><em>βιβλῒόν.</em></span> <span class='ocrx_word' id='word_1_382' title='bbox 1143 2299 1311 2343; x_wconf 78' lang='grc' dir='ltr'><em>φιλοῦσᾶ.</em></span> <span class='ocrx_word' id='word_1_383' title='bbox 1355 2297 1539 2344; x_wconf 78' lang='grc' dir='ltr'><em>ἐριβῶλᾶξ.</em></span> 
     </span>
     <span class='ocr_line' id='line_1_39' title="bbox 395 2351 1781 2406; baseline -0.004 -11"><span class='ocrx_word' id='word_1_384' title='bbox 395 2366 430 2406; x_wconf 84' lang='grc'>3)</span> <span class='ocrx_word' id='word_1_385' title='bbox 457 2354 656 2405; x_wconf 75' lang='grc' dir='ltr'><strong><em>ὀρχῆθμὸς.</em></strong></span> <span class='ocrx_word' id='word_1_386' title='bbox 699 2351 874 2401; x_wconf 76' lang='grc' dir='ltr'>ποτᾶμὸς.</span> <span class='ocrx_word' id='word_1_387' title='bbox 918 2351 1097 2401; x_wconf 71' lang='grc' dir='ltr'><strong><em>βασῖλεῦς.</em></strong></span> <span class='ocrx_word' id='word_1_388' title='bbox 1143 2351 1305 2399; x_wconf 72' lang='grc' dir='ltr'><strong><em>κοῦρεΰς.</em></strong></span> <span class='ocrx_word' id='word_1_389' title='bbox 1349 2358 1529 2400; x_wconf 79' lang='grc' dir='ltr'><strong>ποτᾶμοῦ.</strong></span> <span class='ocrx_word' id='word_1_390' title='bbox 1575 2355 1781 2401; x_wconf 77' lang='grc' dir='ltr'><strong><em>ὀρχῆθμοῦ.</em></strong></span> 
     </span>
    </p>

    <p class='ocr_par' dir='ltr' id='par_1_5' title="bbox 261 2406 1880 2517">
     <span class='ocr_line' id='line_1_40' title="bbox 374 2406 1880 2462; baseline -0.004 -7"><span class='ocrx_word' id='word_1_391' title='bbox 374 2424 500 2455; x_wconf 87' lang='lat' dir='ltr'>Contra</span> <span class='ocrx_word' id='word_1_392' title='bbox 529 2418 621 2462; x_wconf 90' lang='lat' dir='ltr'>apud</span> <span class='ocrx_word' id='word_1_393' title='bbox 648 2417 790 2449; x_wconf 89' lang='lat' dir='ltr'>Latinos</span> <span class='ocrx_word' id='word_1_394' title='bbox 822 2420 904 2448; x_wconf 86' lang='lat' dir='ltr'>sunt</span> <span class='ocrx_word' id='word_1_395' title='bbox 964 2416 992 2455; x_wconf 90' lang='lat' dir='ltr'>l)</span> <span class='ocrx_word' id='word_1_396' title='bbox 1022 2414 1227 2447; x_wconf 73' lang='lat' dir='ltr'>laudaverit.</span> <span class='ocrx_word' id='word_1_397' title='bbox 1283 2414 1511 2447; x_wconf 72' lang='lat' dir='ltr'>laudaverint.</span> <span class='ocrx_word' id='word_1_398' title='bbox 1569 2415 1606 2457; x_wconf 87' lang='lat'>2)</span> <span class='ocrx_word' id='word_1_399' title='bbox 1636 2406 1880 2449; x_wconf 63' lang='lat' dir='ltr'>laudatve-rant.</span> 
     </span>
     <span class='ocr_line' id='line_1_41' title="bbox 261 2471 600 2517; baseline -0.024 -1"><span class='ocrx_word' id='word_1_400' title='bbox 261 2471 455 2515; x_wconf 49' lang='lat' dir='ltr'>laudat-{ra</span> <span class='ocrx_word' id='word_1_401' title='bbox 508 2478 542 2517; x_wconf 87' lang='lat'>3)</span> <span class='ocrx_word' id='word_1_402' title='bbox 569 2478 600 2509; x_wconf 85' lang='lat' dir='ltr'>o.</span> 
     </span>
    </p>

    <p class='ocr_par' dir='ltr' id='par_1_6' title="bbox 259 2527 1881 2695">
     <span class='ocr_line' id='line_1_42' title="bbox 374 2527 1880 2574; baseline -0.005 -5"><span class='ocrx_word' id='word_1_403' title='bbox 374 2538 465 2569; x_wconf 87' lang='lat' dir='ltr'>Hinc</span> <span class='ocrx_word' id='word_1_404' title='bbox 495 2533 578 2566; x_wconf 87' lang='lat' dir='ltr'>satis</span> <span class='ocrx_word' id='word_1_405' title='bbox 609 2535 767 2574; x_wconf 86' lang='lat' dir='ltr'>apparet,</span> <span class='ocrx_word' id='word_1_406' title='bbox 803 2530 869 2562; x_wconf 90' lang='lat' dir='ltr'>nisi</span> <span class='ocrx_word' id='word_1_407' title='bbox 899 2529 1029 2562; x_wconf 85' lang='lat' dir='ltr'>maiore</span> <span class='ocrx_word' id='word_1_408' title='bbox 1062 2538 1143 2562; x_wconf 88' lang='lat' dir='ltr'>eura</span> <span class='ocrx_word' id='word_1_409' title='bbox 1173 2533 1206 2561; x_wconf 87' lang='lat' dir='ltr'>et</span> <span class='ocrx_word' id='word_1_410' title='bbox 1235 2533 1305 2561; x_wconf 88' lang='lat' dir='ltr'>arte</span> <span class='ocrx_word' id='word_1_411' title='bbox 1335 2537 1454 2560; x_wconf 83' lang='lat' dir='ltr'>versus</span> <span class='ocrx_word' id='word_1_412' title='bbox 1480 2533 1602 2570; x_wconf 89' lang='lat' dir='ltr'>poetae</span> <span class='ocrx_word' id='word_1_413' title='bbox 1627 2527 1880 2562; x_wconf 63' lang='lat' dir='ltr'>corroborans-</span> 
     </span>
     <span class='ocr_line' id='line_1_43' title="bbox 259 2584 1881 2634; baseline -0.006 -5"><span class='ocrx_word' id='word_1_414' title='bbox 259 2599 349 2634; x_wconf 84' lang='lat' dir='ltr'>sent,</span> <span class='ocrx_word' id='word_1_415' title='bbox 376 2602 435 2627; x_wconf 92' lang='lat' dir='ltr'>eos</span> <span class='ocrx_word' id='word_1_416' title='bbox 458 2599 607 2625; x_wconf 86' lang='lat' dir='ltr'>consona</span> <span class='ocrx_word' id='word_1_417' title='bbox 631 2588 873 2621; x_wconf 85' lang='lat' dir='ltr'>terminatione</span> <span class='ocrx_word' id='word_1_418' title='bbox 896 2585 1143 2618; x_wconf 79' lang='lat' dir='ltr'>vocabulorum</span> <span class='ocrx_word' id='word_1_419' title='bbox 1165 2585 1319 2618; x_wconf 88' lang='lat' dir='ltr'>redditos</span> <span class='ocrx_word' id='word_1_420' title='bbox 1345 2585 1455 2618; x_wconf 82' lang='lat' dir='ltr'>fuisse</span> <span class='ocrx_word' id='word_1_421' title='bbox 1477 2584 1727 2626; x_wconf 86' lang='lat' dir='ltr'>intolerabiles,</span> <span class='ocrx_word' id='word_1_422' title='bbox 1758 2586 1881 2628; x_wconf 87' lang='lat' dir='ltr'>quales</span> 
     </span>
     <span class='ocr_line' id='line_1_44' title="bbox 261 2642 1706 2695; baseline -0.008 -9"><span class='ocrx_word' id='word_1_423' title='bbox 261 2651 586 2695; x_wconf 87' lang='lat' dir='ltr'>antiquissimorum</span> <span class='ocrx_word' id='word_1_424' title='bbox 613 2650 794 2688; x_wconf 87' lang='lat' dir='ltr'>poetarum</span> <span class='ocrx_word' id='word_1_425' title='bbox 820 2642 984 2676; x_wconf 89' lang='lat' dir='ltr'>nonnulli</span> <span class='ocrx_word' id='word_1_426' title='bbox 1008 2652 1128 2676; x_wconf 84' lang='lat' dir='ltr'>versus</span> <span class='ocrx_word' id='word_1_427' title='bbox 1154 2643 1255 2675; x_wconf 89' lang='lat' dir='ltr'>etiam</span> <span class='ocrx_word' id='word_1_428' title='bbox 1280 2647 1372 2675; x_wconf 88' lang='lat' dir='ltr'>sunt.</span> <span class='ocrx_word' id='word_1_429' title='bbox 1422 2642 1471 2675; x_wconf 86' lang='lat' dir='ltr'>Cf.</span> <span class='ocrx_word' id='word_1_430' title='bbox 1499 2642 1556 2675; x_wconf 89' lang='lat' dir='ltr'>Gr.</span> <span class='ocrx_word' id='word_1_431' title='bbox 1582 2643 1602 2684; x_wconf 63' lang='grc' dir='ltr'>ξ</span> <span class='ocrx_word' id='word_1_432' title='bbox 1629 2642 1706 2674; x_wconf 80' lang='lat'>522.</span> 
     </span>
    </p>

    <p class='ocr_par' dir='ltr' id='par_1_7' title="bbox 261 2714 1880 2986">
     <span class='ocr_line' id='line_1_45' title="bbox 376 2714 1880 2755; baseline -0.006 -4"><span class='ocrx_word' id='word_1_433' title='bbox 376 2723 438 2751; x_wconf 83' lang='lat' dir='ltr'>An.</span> <span class='ocrx_word' id='word_1_434' title='bbox 489 2721 580 2749; x_wconf 82' lang='lat' dir='ltr'>Hanc</span> <span class='ocrx_word' id='word_1_435' title='bbox 597 2721 700 2755; x_wconf 81' lang='lat' dir='ltr'>legem</span> <span class='ocrx_word' id='word_1_436' title='bbox 717 2725 790 2746; x_wconf 85' lang='lat' dir='ltr'>esse</span> <span class='ocrx_word' id='word_1_437' title='bbox 807 2719 900 2753; x_wconf 82' lang='lat' dir='ltr'>negat</span> <span class='ocrx_word' id='word_1_438' title='bbox 914 2715 1064 2752; x_wconf 85' lang='lat' dir='ltr'>Corssen,</span> <span class='ocrx_word' id='word_1_439' title='bbox 1095 2715 1235 2751; x_wconf 80' lang='lat' dir='ltr'>Boeckh,</span> <span class='ocrx_word' id='word_1_440' title='bbox 1259 2714 1403 2751; x_wconf 78' lang='lat' dir='ltr'>Madvig,</span> <span class='ocrx_word' id='word_1_441' title='bbox 1436 2715 1583 2743; x_wconf 86' lang='lat' dir='ltr'>homines</span> <span class='ocrx_word' id='word_1_442' title='bbox 1607 2720 1746 2750; x_wconf 85' lang='lat' dir='ltr'>magnae</span> <span class='ocrx_word' id='word_1_443' title='bbox 1767 2717 1880 2743; x_wconf 84' lang='lat' dir='ltr'>aucto·</span> 
     </span>
     <span class='ocr_line' id='line_1_46' title="bbox 261 2760 1877 2803; baseline -0.006 -5"><span class='ocrx_word' id='word_1_444' title='bbox 261 2769 382 2803; x_wconf 84' lang='lat' dir='ltr'>ritatis;</span> <span class='ocrx_word' id='word_1_445' title='bbox 418 2768 559 2798; x_wconf 85' lang='lat' dir='ltr'>Corssen</span> <span class='ocrx_word' id='word_1_446' title='bbox 586 2769 682 2801; x_wconf 83' lang='lat' dir='ltr'>negat</span> <span class='ocrx_word' id='word_1_447' title='bbox 706 2764 791 2799; x_wconf 84' lang='lat' dir='ltr'>apud</span> <span class='ocrx_word' id='word_1_448' title='bbox 821 2762 971 2797; x_wconf 83' lang='lat' dir='ltr'>antiquos</span> <span class='ocrx_word' id='word_1_449' title='bbox 996 2766 1107 2796; x_wconf 81' lang='lat' dir='ltr'>poetas</span> <span class='ocrx_word' id='word_1_450' title='bbox 1132 2760 1381 2795; x_wconf 82' lang='lat' dir='ltr'>discrepantiam</span> <span class='ocrx_word' id='word_1_451' title='bbox 1406 2760 1488 2789; x_wconf 87' lang='lat' dir='ltr'>inter</span> <span class='ocrx_word' id='word_1_452' title='bbox 1512 2761 1628 2795; x_wconf 87' lang='lat' dir='ltr'>pedum</span> <span class='ocrx_word' id='word_1_453' title='bbox 1652 2763 1682 2788; x_wconf 90' lang='lat' dir='ltr'>et</span> <span class='ocrx_word' id='word_1_454' title='bbox 1706 2761 1877 2788; x_wconf 88' lang='lat' dir='ltr'>verborum</span> 
     </span>
     <span class='ocr_line' id='line_1_47' title="bbox 264 2804 1877 2844; baseline -0.007 0"><span class='ocrx_word' id='word_1_455' title='bbox 264 2819 415 2844; x_wconf 86' lang='lat' dir='ltr'>accentus</span> <span class='ocrx_word' id='word_1_456' title='bbox 443 2818 508 2842; x_wconf 85' lang='lat' dir='ltr'>tam</span> <span class='ocrx_word' id='word_1_457' title='bbox 536 2813 679 2841; x_wconf 85' lang='lat' dir='ltr'>crebram</span> <span class='ocrx_word' id='word_1_458' title='bbox 707 2818 781 2839; x_wconf 86' lang='lat' dir='ltr'>esse</span> <span class='ocrx_word' id='word_1_459' title='bbox 810 2815 907 2843; x_wconf 80' lang='lat' dir='ltr'>quam</span> <span class='ocrx_word' id='word_1_460' title='bbox 930 2808 1014 2842; x_wconf 85' lang='lat' dir='ltr'>apud</span> <span class='ocrx_word' id='word_1_461' title='bbox 1038 2808 1240 2842; x_wconf 81' lang='lat' dir='ltr'>Augusteos,</span> <span class='ocrx_word' id='word_1_462' title='bbox 1272 2806 1325 2839; x_wconf 85' lang='lat' dir='ltr'>qui</span> <span class='ocrx_word' id='word_1_463' title='bbox 1350 2813 1423 2834; x_wconf 85' lang='lat' dir='ltr'>eam</span> <span class='ocrx_word' id='word_1_464' title='bbox 1453 2810 1555 2835; x_wconf 88' lang='lat' dir='ltr'>artem</span> <span class='ocrx_word' id='word_1_465' title='bbox 1577 2806 1697 2834; x_wconf 84' lang='lat' dir='ltr'>callere</span> <span class='ocrx_word' id='word_1_466' title='bbox 1720 2804 1877 2834; x_wconf 73' lang='lat' dir='ltr'>dicantur.</span> 
     </span>
     <span class='ocr_line' id='line_1_48' title="bbox 266 2849 1877 2889; baseline -0.007 0"><span class='ocrx_word' id='word_1_467' title='bbox 266 2862 327 2889; x_wconf 84' lang='lat' dir='ltr'>Sed</span> <span class='ocrx_word' id='word_1_468' title='bbox 359 2861 428 2889; x_wconf 89' lang='lat' dir='ltr'>solo</span> <span class='ocrx_word' id='word_1_469' title='bbox 455 2865 584 2887; x_wconf 85' lang='lat' dir='ltr'>numero</span> <span class='ocrx_word' id='word_1_470' title='bbox 620 2865 671 2886; x_wconf 91' lang='lat' dir='ltr'>res</span> <span class='ocrx_word' id='word_1_471' title='bbox 703 2864 768 2885; x_wconf 90' lang='lat' dir='ltr'>non</span> <span class='ocrx_word' id='word_1_472' title='bbox 799 2854 1001 2883; x_wconf 84' lang='lat' dir='ltr'>diiudicatur.</span> <span class='ocrx_word' id='word_1_473' title='bbox 1049 2854 1130 2882; x_wconf 76' lang='lat' dir='ltr'>Nam</span> <span class='ocrx_word' id='word_1_474' title='bbox 1153 2859 1251 2887; x_wconf 89' lang='lat' dir='ltr'>quum</span> <span class='ocrx_word' id='word_1_475' title='bbox 1275 2852 1474 2887; x_wconf 80' lang='lat' dir='ltr'>antiquiores</span> <span class='ocrx_word' id='word_1_476' title='bbox 1501 2852 1597 2881; x_wconf 84' lang='lat' dir='ltr'>illam</span> <span class='ocrx_word' id='word_1_477' title='bbox 1627 2849 1877 2886; x_wconf 77' lang='lat' dir='ltr'>discrepantiam</span> 
     </span>
     <span class='ocr_line' id='line_1_49' title="bbox 267 2894 1877 2940; baseline -0.007 -6"><span class='ocrx_word' id='word_1_478' title='bbox 267 2914 324 2934; x_wconf 84' lang='lat' dir='ltr'>nec</span> <span class='ocrx_word' id='word_1_479' title='bbox 354 2908 541 2940; x_wconf 86' lang='lat' dir='ltr'>quaererent</span> <span class='ocrx_word' id='word_1_480' title='bbox 569 2910 628 2931; x_wconf 90' lang='lat' dir='ltr'>nee</span> <span class='ocrx_word' id='word_1_481' title='bbox 655 2901 810 2938; x_wconf 84' lang='lat' dir='ltr'>vitarent,</span> <span class='ocrx_word' id='word_1_482' title='bbox 850 2900 884 2928; x_wconf 91' lang='lat' dir='ltr'>in</span> <span class='ocrx_word' id='word_1_483' title='bbox 919 2898 1072 2928; x_wconf 83' lang='lat' dir='ltr'>extremis</span> <span class='ocrx_word' id='word_1_484' title='bbox 1101 2898 1197 2926; x_wconf 84' lang='lat' dir='ltr'>etiam</span> <span class='ocrx_word' id='word_1_485' title='bbox 1225 2897 1358 2932; x_wconf 82' lang='lat' dir='ltr'>pedihus</span> <span class='ocrx_word' id='word_1_486' title='bbox 1394 2897 1608 2934; x_wconf 84' lang='lat' dir='ltr'>admiserunt,</span> <span class='ocrx_word' id='word_1_487' title='bbox 1650 2896 1685 2924; x_wconf 89' lang='lat' dir='ltr'>in</span> <span class='ocrx_word' id='word_1_488' title='bbox 1714 2894 1877 2933; x_wconf 78' lang='lat' dir='ltr'>prioribus</span> 
     </span>
     <span class='ocr_line' id='line_1_50' title="bbox 267 2942 1877 2986; baseline -0.006 -7"><span class='ocrx_word' id='word_1_489' title='bbox 267 2951 494 2986; x_wconf 75' lang='lat' dir='ltr'>praeteribant,</span> <span class='ocrx_word' id='word_1_490' title='bbox 526 2952 559 2978; x_wconf 91' lang='lat' dir='ltr'>ut</span> <span class='ocrx_word' id='word_1_491' title='bbox 584 2947 680 2977; x_wconf 85' lang='lat' dir='ltr'>facile</span> <span class='ocrx_word' id='word_1_492' title='bbox 704 2948 786 2975; x_wconf 85' lang='lat' dir='ltr'>idem</span> <span class='ocrx_word' id='word_1_493' title='bbox 810 2952 961 2974; x_wconf 88' lang='lat' dir='ltr'>numerus</span> <span class='ocrx_word' id='word_1_494' title='bbox 981 2943 1226 2974; x_wconf 84' lang='lat' dir='ltr'>consonantium</span> <span class='ocrx_word' id='word_1_495' title='bbox 1249 2945 1279 2972; x_wconf 86' lang='lat' dir='ltr'>et</span> <span class='ocrx_word' id='word_1_496' title='bbox 1306 2942 1543 2972; x_wconf 84' lang='lat' dir='ltr'>dissonantium</span> <span class='ocrx_word' id='word_1_497' title='bbox 1567 2943 1755 2972; x_wconf 85' lang='lat' dir='ltr'>accentuum</span> <span class='ocrx_word' id='word_1_498' title='bbox 1781 2945 1877 2974; x_wconf 78' lang='lat' dir='ltr'>esset,</span> 
     </span>
    </p>
   </div>
   <div class='ocr_carea' id='block_1_4' title="bbox 268 2984 1878 3074">
    <p class='ocr_par' dir='ltr' id='par_1_8' title="bbox 268 2984 1878 3074">
     <span class='ocr_line' id='line_1_51' title="bbox 268 2984 1878 3029; baseline -0.004 -7"><span class='ocrx_word' id='word_1_499' title='bbox 268 2996 297 3022; x_wconf 76' lang='lat' dir='ltr'>si</span> <span class='ocrx_word' id='word_1_500' title='bbox 318 2996 443 3029; x_wconf 82' lang='lat' dir='ltr'>quidem</span> <span class='ocrx_word' id='word_1_501' title='bbox 467 2999 525 3024; x_wconf 87' lang='lat' dir='ltr'>est.</span> <span class='ocrx_word' id='word_1_502' title='bbox 573 2994 652 3028; x_wconf 82' lang='lat' dir='ltr'>Quis</span> <span class='ocrx_word' id='word_1_503' title='bbox 675 2993 759 3022; x_wconf 88' lang='lat' dir='ltr'>enim</span> <span class='ocrx_word' id='word_1_504' title='bbox 783 2991 985 3020; x_wconf 67' lang='lat' dir='ltr'>numeravit?</span> <span class='ocrx_word' id='word_1_505' title='bbox 1031 2990 1153 3019; x_wconf 85' lang='lat' dir='ltr'>Deinde</span> <span class='ocrx_word' id='word_1_506' title='bbox 1176 2988 1265 3017; x_wconf 79' lang='lat' dir='ltr'>affert</span> <span class='ocrx_word' id='word_1_507' title='bbox 1295 2991 1480 3024; x_wconf 81' lang='lat' dir='ltr'>exemplum</span> <span class='ocrx_word' id='word_1_508' title='bbox 1504 2986 1645 3021; x_wconf 75' lang='lat' dir='ltr'>Horatii,</span> <span class='ocrx_word' id='word_1_509' title='bbox 1681 2985 1737 3019; x_wconf 80' lang='lat' dir='ltr'>qui</span> <span class='ocrx_word' id='word_1_510' title='bbox 1758 2984 1793 3013; x_wconf 88' lang='lat' dir='ltr'>in</span> <span class='ocrx_word' id='word_1_511' title='bbox 1818 2985 1878 3015; x_wconf 82' lang='lat' dir='ltr'>fine</span> 
     </span>
     <span class='ocr_line' id='line_1_52' title="bbox 269 3030 1877 3074; baseline -0.004 -7"><span class='ocrx_word' id='word_1_512' title='bbox 269 3041 444 3069; x_wconf 78' lang='lat' dir='ltr'>hexametri</span> <span class='ocrx_word' id='word_1_513' title='bbox 465 3048 536 3069; x_wconf 82' lang='lat' dir='ltr'>eam</span> <span class='ocrx_word' id='word_1_514' title='bbox 555 3039 805 3074; x_wconf 80' lang='lat' dir='ltr'>discrepantiam</span> <span class='ocrx_word' id='word_1_515' title='bbox 826 3036 999 3073; x_wconf 78' lang='lat' dir='ltr'>quaesivit.</span> <span class='ocrx_word' id='word_1_516' title='bbox 1047 3036 1092 3065; x_wconf 86' lang='lat' dir='ltr'>At</span> <span class='ocrx_word' id='word_1_517' title='bbox 1112 3035 1142 3064; x_wconf 88' lang='lat' dir='ltr'>si</span> <span class='ocrx_word' id='word_1_518' title='bbox 1160 3034 1312 3064; x_wconf 78' lang='lat' dir='ltr'>Horatius</span> <span class='ocrx_word' id='word_1_519' title='bbox 1335 3035 1377 3064; x_wconf 82' lang='lat' dir='ltr'>ad</span> <span class='ocrx_word' id='word_1_520' title='bbox 1398 3035 1569 3069; x_wconf 60' lang='lat' dir='ltr'>vulgarem</span> <span class='ocrx_word' id='word_1_521' title='bbox 1585 3030 1735 3065; x_wconf 77' lang='lat' dir='ltr'>loquendi</span> <span class='ocrx_word' id='word_1_522' title='bbox 1756 3038 1877 3061; x_wconf 83' lang='lat' dir='ltr'>morem</span> 
     </span>
    </p>
   </div>
  </div>
 </body>
</html>
