2023 3350
687 142 918 176 AENEIDOS
949 145 1038 176 LlB.
1068 145 1133 176 ΙΙΙ.

1653 145 1731 183 143

87 259 252 310 Quidve
292 273 472 313 sequens
507 261 654 299 tantos
692 257 853 311 possim
887 272 1090 311 5111161116
1123 257 1323 299 labores?

86 317 170 358 Hic
207 316 395 359 Helenus
435 316 570 358 caesis
609 316 795 370 plinium
835 316 887 357 de
922 330 1041 357 more
1080 315 1267 357 iuvencis

85 375 208 416 Exoi
211 378 257 415 at
296 388 447 428 pacem
486 374 628 415 divom
667 374 883 427 vittasque
920 374 1095 415 iesolvit

88 432 259 474 Sacrati
299 432 452 485 capitis
493 445 646 485 meque
684 432 739 472 ad
780 435 856 472 tua
896 431 1065 482 limina,

1649 375 1731 413 370

1110 429 1291 481 Phoebe,

85 490 185 544 Ipse
220 504 351 531 manu
387 490 523 531 multo
561 503 815 543 suspensum
850 490 1021 530 numine
1058 489 1186 540 ducit,

86 549 228 602 Atque
272 547 381 589 haec
420 546 572 589 deinde
610 548 725 589 canit
766 547 907 588 divino
946 561 996 588 ex
1032 561 1105 588 ore
1142 545 1364 587 sacerdos:

198 605 309 647 Nate
345 605 424 646 dea-
435 639 444 656 ,

87 721 277 762 Sortitur
313 721 529 774 volvitque
565 721 700 772 vices3

491 620 591 646 nam
624 609 668 646 te
712 605 948 647 maioribus
986 605 1049 646 ire
1086 619 1163 658 per
1202 603 1337 644 altum

85 663 299 716 Auspiciis
328 662 557 704 manifesta
593 662 719 715 fides;
758 689 815 693 —
855 664 916 704 sic
952 662 1044 704 fata
1081 663 1206 703 (1611111
1243 676 1319 702 rex
1646 664 1668 701 3

745 721 780 762 15
824 721 1006 762 161111111-

1048 720 1152 761 ordo
1193 743 1241 748 —

84 779 229 820 Pauca
263 778 345 820 tibi
385 793 407 820 e
447 778 614 831 multis,
661 793 744 832 qno
782 779 918 820 tutior
956 778 1130 832 hospita
1165 777 1321 818 11151165

85 838 290 890 Aequora
323 840 364 878 et
405 837 597 878 Ausonio
637 837 778 890 possis
815 836 1035 878 considere
1070 839 1213 890 poitu,

86 894 328 947 Expediarn
366 894 512 941 dictis·

555 894 786 948 prohibent
822 909 922 935 111111
963 899 1105 935 cetera
1143 893 1306 934 Parcae

86 952 204 995 Scire
241 952 450 994 Helenum
485 952 655 1007 farique
693 956 810 995 vetat
851 952 1055 994 Saturnia
1088 951 1732 992 1111101380

133 1102 207 1133 368.
240 1101 333 1142 Quid
370 1112 514 1144 sequens
548 1105 568 1132 i.
597 1114 624 1133 e.
664 1105 740 1139 quid
776 1106 886 1132 obser-

85 1158 189 1187 vans,
211 1158 348 1183 curans,
376 1155 408 1178 ut
432 1150 564 1184 saepius
589 1151 675 1185 apud
701 1150 886 1178 Ciceronem

85 1201 118 1225 ut
150 1198 188 1225 de
222 1205 266 1225 or.
303 1194 332 1229 2.
359 1194 413 1233 50,
440 1193 504 1223 204
543 1193 755 1232 'I't'mlemzis,
797 1203 886 1234 quae

84 1250 148 1271 nos
173 1239 270 1282 sequi
295 1239 328 1270 in
354 1239 516 1276 dicendo,
556 1248 713 1280 quaeque
736 1238 888 1269 maxime

88 1291 246 1327 spectare
277 1284 436 1316 solemus.
491 1289 603 1320 Itaque
627 1291 691 1315 est:
733 1294 805 1314 was
832 1285 886 1314 bc-

85 1330 235 1362 achtend
272 1330 399 1362 konnte
439 1329 491 1361 ich
532 1329 632 1361 wohl.
676 1348 720 1351 —
769 1334 887 1361 tantos

86 1384 244 1415 „quantos
268 1379 417 1414 Harpyia
441 1379 680 1413 praedixemus·
705 1380 736 1406 s.

131 1422 208 1453 369.
233 1425 357 1454 Dicitur
383 1423 425 1453 de
449 1432 542 1453 more
567 1433 600 1453 v.
624 1422 677 1452 65.
708 1421 738 1456 4,
765 1421 819 1452 57.
853 1423 884 1459 5,

86 1468 140 1499 96.
179 1469 208 1507 6,
230 1469 281 1499 39.
314 1468 345 1505 ὃ,
372 1468 448 1499 544.
484 1468 533 1501 ll.
560 1468 614 1498 35.
665 1478 704 1498 cr
731 1478 824 1498 more
855 1469 886 1505 5,

86 1514 162 1545 244.
193 1515 224 1554 8,
252 1514 325 1544 186.
375 1513 408 1545 in
435 1524 560 1544 morem
593 1517 623 1553 5,
644 1514 719 1544 556.
750 1513 781 1548 ὃ,
807 1513 883 1551 252,

85 1563 203 1597 ubique
246 1563 281 1590 in
317 1565 412 1591 rebus
447 1562 561 1591 sacris.
623 1564 726 1596 Saepe
766 1562 883 1598 legitur

85 1609 200 1637 iisdem
223 1608 256 1637 in
280 1611 376 1637 rebus
400 1605 522 1637 ordine
545 1606 621 1636 5⁴8.
662 1605 728 1637 rite
752 1605 827 1636 546.
853 1606 883 1641 4,

86 1652 162 1682 638.
197 1654 227 1690 5,
250 1652 304 1683 77.
330 1656 372 1683 al.
421 1656 522 1683 Macr.
552 1652 581 1691 3,
605 1652 642 1682 S:
682 1655 820 1683 ..Festus
846 1655 884 1682 de

86 1702 258 1729 verborum
294 1700 585 1737 significationibus
622 1701 642 1728 l.
679 1701 774 1728 XIII:
811 1702 883 1728 Mos

85 1750 150 1783 est,
177 1746 297 1781 inquit,
329 1747 510 1775 institutum
535 1746 690 1780 patrium.
717 1746 882 1780 pertinens

85 1792 127 1820 ad
152 1792 326 1828 religiones
351 1793 614 1826 ceremoniasque
638 1792 829 1820 maiorums*
855 1797 882 1821 et

86 1837 171 1865 idem
194 1846 220 1866 5.
244 1847 275 1866 v.
302 1839 420 1873 ..Ritus
443 1843 490 1866 est
514 1846 584 1867 mos
605 1840 828 1873 comprobatus
851 1838 884 1866 in

87 1883 354 1912 admiiiistrandis
375 1884 578 1913 sacrificiis.··
627 1885 774 1912 Aeneam
795 1884 884 1912 eins-

87 1936 148 1963 que
179 1930 308 1957 sodales
338 1937 393 1964 ea.
431 1937 514 1964 quae
546 1931 632 1964 apud
659 1931 822 1958 Romanos
850 1930 884 1959 in

88 1977 182 2003 rebus
222 1975 326 2003 sacris
359 1979 449 2003 erant
484 1980 629 2009 recepta,
671 1978 884 2004 observantes

88 2021 162 2056 Vgl.
189 2020 276 2055 facit,
302 2024 464 2055 tamquam
486 2021 592 2055 priseo
618 2029 704 2050 more
726 2022 882 2055 instituta.

87 2066 211 2095 scilicet
242 2071 275 2095 ut
301 2068 445 2095 laudaret
471 2067 689 2094 Romanorum
720 2067 753 2094 in
785 2070 880 2096 rebus

88 2112 193 2141 sacris
225 2113 414 2148 religionem
452 2116 482 2140 et
523 2112 780 2145 observantiam,
817 2120 882 2147 qua

87 2158 230 2187 maxime
250 2160 451 2187 excellebant
473 2162 500 2186 et
520 2159 679 2187 excellere
703 2166 739 2186 se
761 2159 881 2193 gloria-

87 2206 212 2232 bantur.
262 2206 370 2239 Neque
399 2205 487 2233 nllus
518 2205 656 2238 populus
682 2204 801 2232 rituum
823 2204 883 2232 fuit

88 2251 321 2279 observantior.
370 2251 490 2285 Aperte
520 2252 558 2278 ob
583 2257 655 2278 eam
682 2250 882 2286 diligentiam

87 2297 199 2325 laudat
229 2304 260 2324 v.
292 2294 368 2324 408.
417 2296 527 2324 Voluit
553 2300 661 2324 antem
690 2300 783 2330 poeta
812 2296 882 2324 sine

89 2342 184 2370 dubio
218 2342 300 2370 ritus
332 2342 408 2370 illos
445 2342 611 2378 antiquos,
653 2350 712 2370 Suo
750 2346 888 2376 tempore

91 2387 215 2416 sensim
253 2389 430 2425 obsoletos,
474 2387 548 2422 ipsa
579 2387 770 2422 antiquitate
802 2395 888 2417 com-

90 2434 252 2462 mendare.
301 2434 467 2468 Simulque
502 2442 575 2462 cum
606 2434 675 2462 illis
714 2434 887 2462 redituram

90 2481 241 2513 sperabat
276 2479 447 2513 pristinam
481 2480 698 2508 Romanorum
735 2480 887 2508 castinio-

89 2525 179 2552 niam
211 2529 241 2553 et
270 2533 393 2553 morum
425 2526 649 2561 integritatem.
698 2527 786 2554 Idem
818 2530 886 2554 stn-

91 2571 183 2599 debat
205 2570 329 2599 efficere
352 2571 539 2607 Augustus;
564 2572 658 2606 idque
678 2574 716 2600 ob
745 2572 886 2600 studium

89 2617 222 2650 saepius
240 2618 392 2645 laudatus
408 2622 465 2645 est.
499 2617 552 2646 Sic
567 2617 720 2646 Horatius
742 2618 886 2646 omnium

89 2664 263 2697 malorum,
310 2663 426 2697 quibus
469 2663 608 2691 Romani
651 2665 885 2699 premebantur,

91 2707 209 2737 fontem
243 2716 316 2737 esse
348 2712 378 2737 et
409 2708 577 2743 religionis
608 2713 823 2743 contemptum
858 2713 888 2737 et

90 2761 214 2782 morum
237 2754 318 2783 dixit
344 2755 566 2789 corruptelam.
616 2755 651 2783 C.
685 2752 720 2789 3,
747 2752 776 2782 6.
826 2755 887 2783 Sed

91 2799 173 2828 vani
197 2804 286 2828 erant
312 2804 446 2829 conatus
471 2802 567 2828 rebus
593 2800 735 2828 externis
766 2805 796 2828 et
819 2800 887 2829 fra-

90 2845 210 2881 gilibus
243 2851 442 2875 corruentem
470 2845 620 2874 stabilire
654 2847 774 2874 cultum
812 2847 888 2875 deo-

91 2898 180 2927 rum,
212 2899 310 2925 quum
334 2892 359 2919 ii
381 2892 459 2927 ipsi,
488 2892 543 2926 qui
565 2891 682 2920 fulcire
705 2892 886 2928 cupiebant,

90 2936 206 2965 ruinae
237 2937 386 2966 timentes
420 2942 575 2974 stragem,
615 2940 675 2966 hoc
701 2946 765 2966 uno
791 2939 888 2967 duce-

92 2983 208 3011 bantur
232 2983 358 3022 timore,
389 2991 453 3012 non
477 2985 559 3018 quod
585 2983 648 3017 ipsi
675 2983 765 3012 fidem
789 2986 888 3012 habess

90 3029 169 3055 bant
208 3028 257 3056 illi
295 3030 333 3057 de
369 3030 432 3058 diis
467 3029 639 3058 doctrinae.
691 3029 772 3063 Quid
805 3031 887 3064 quod

92 3073 162 3107 ipse
184 3073 353 3109 Augustus
385 3083 421 3104 se
448 3077 543 3104 deum
574 3075 638 3104 coli
670 3082 790 3110 passus
822 3080 886 3111 est;

932 1111 994 1138 qua
1034 1111 1067 1131 re
1108 1111 1168 1130 non
1198 1102 1298 1137 potuit
1330 1109 1448 1137 augere
1480 1103 1609 1131 deorum
1641 1112 1733 1133 reve-

933 1149 1079 1177 rentiam.

979 1192 1054 1222 370.
1079 1202 1200 1234 pacem
1229 1191 1356 1222 divom.
1395 1193 1441 1221 Cf.
1475 1190 1550 1221 261.
1601 1198 1735 1230 evortit,

934 1241 954 1269 i.
981 1250 1006 1269 6.
1033 1247 1168 1269 exorare
1192 1241 1308 1268 studet.
1347 1239 1393 1268 Cf.
1416 1238 1446 1275 6,
1470 1237 1546 1267 466.
1585 1257 1622 1260 —
1665 1243 1735 1270 lam

933 1288 989 1315 deo
1018 1287 1169 1320 impletus
1201 1282 1341 1314 resolvit
1373 1282 1500 1321 rictas,
1538 1287 1654 1320 quibus
1685 1297 1735 1316 re-

933 1333 1063 1361 vinctus
1087 1337 1154 1360 erat
1182 1334 1220 1359 ob
1245 1340 1363 1360 munus
1387 1332 1596 1361 sacerdotale.
1645 1334 1732 1362 Idem

934 1379 1011 1407 facit
1053 1379 1241 1407 Cassandra
1290 1377 1510 1406 vaticinatura
1565 1386 1615 1414 ap.
1660 1382 1732 1408 Seu.

932 1425 1050 1461 Agant.
1078 1422 1153 1452 692.
1203 1424 1250 1452 Cf.
1279 1422 1308 1457 6,
1334 1421 1387 1451 48.

981 1469 1055 1499 371.
1088 1467 1241 1505 Phoebc‚·
1267 1471 1304 1498 de
1324 1470 1474 1498 vocativo
1501 1470 1539 1499 cf.
1562 1468 1591 1502 2,
1615 1468 1668 1500 56.

978 1514 1054 1545 372.
1082 1514 1155 1555 ipse
1182 1524 1287 1544 manu
1314 1516 1351 1545 cf.
1373 1514 1402 1544 2.
1426 1513 1501 1544 6⁴5.
1525 1532 1562 1535 —
1593 1525 1734 1557 snspen-

931 1571 1005 1591 sum
1034 1563 1072 1591 cf.
1103 1560 1132 1596 2,
1163 1560 1235 1590 114.
1280 1577 1318 1581 —-
1363 1558 1470 1589 multo
1497 1560 1652 1598 numine,
1685 1564 1735 1591 dei

930 1609 1114 1644 praesentis
1132 1608 1302 1637 maiestate
1323 1612 1351 1636 et
1373 1608 1523 1642 potentia.
1552 1609 1598 1638 Cf.
1615 1607 1731 1646 9,3:37.

977 1653 1053 1683 373.
1083 1652 1203 1683 divino
1229 1654 1267 1683 cf.
1293 1654 1324 1690 5,
1350 1651 1402 1682 47.

978 1698 1053 1729 374.
1086 1697 1174 1729 Nam
1205 1700 1425 1735 praepositum
1460 1699 1498 1728 cf.
1530 1697 1565 1733 1,
1593 1698 1644 1729 65.
1690 1717 1729 1721 -

931 1748 1000 1776 Ηο0
1032 1747 1233 1775 enuntiatum
1265 1754 1418 1775 caussam
1455 1747 1608 1783 continet,
1649 1749 1732 1781 quod

932 1800 1037 1828 pauca
1071 1797 1195 1821 tantum
1225 1793 1361 1822 dicenda
1392 1792 1456 1820 sint
1487 1793 1524 1820 de
1558 1793 1732 1831 erroribus,

932 1844 965 1868 ut
990 1840 1053 1868 sint
1078 1838 1253 1867 faciliores.
1309 1836 1504 1866 Maioribus
1527 1839 1613 1867 enim
1637 1841 1733 1868 Hele-

931 1894 994 1914 nus
1031 1885 1107 1913 fatis
1139 1885 1240 1919 inquit
1269 1884 1387 1919 uteris,
1422 1891 1518 1918 quam
1545 1892 1628 1919 quae
1662 1887 1731 1914 ulla

932 1932 968 1960 vi
993 1933 1047 1960 vel
1070 1931 1171 1959 ullius
1196 1931 1247 1958 dei
1272 1930 1413 1965 potentia
1438 1930 1565 1964 possint
1588 1931 1731 1968 infringi,

931 1985 1031 2012 quare
1064 1977 1131 2005 noli
1166 1977 1278 2005 terreri
1308 1977 1404 2004 novis
1437 1977 1597 2006 oraculis.
1637 1979 1733 2012 quale

931 2028 979 2052 est
1012 2023 1243 2058 llarpyiarum.
1293 2024 1355 2050 Sed
1389 2024 1543 2056 quomodo
1574 2024 1634 2051 illa
1656 2024 1732 2052 vin-

928 2074 1051 2098 cantur.
1075 2073 1105 2097 et
1129 2076 1212 2103 qnae
1237 2068 1306 2097 alia
1334 2069 1392 2096 tibi
1417 2068 1537 2097 instent
1563 2071 1733 2098 toleranda

929 2113 988 2148 (cf.
1022 2112 1108 2149 712)
1150 2118 1180 2142 et
1215 2115 1302 2143 'scire
1340 2119 1369 2143 et
1401 2114 1506 2143 dicere
1536 2123 1587 2144 me
1620 2113 1729 2151 (380)

930 2164 1017 2188 vetat
1043 2161 1134 2187 Iuno.

976 2202 1057 2232 376.
1087 2201 1194 2233 volvit
1217 2202 1317 2232 vices.
1360 2206 1410 2233 Ita
1434 2206 1600 2234 constituit
1621 2206 1734 2241 Iuppi-

928 2255 975 2279 ter
1004 2250 1147 2279 ordinem
1177 2249 1331 2286 fatorum,
1361 2258 1423 2284 quo
1448 2251 1505 2278 tibi
1530 2252 1727 2286 aperiantur.

934 2296 981 2325 Cf.
1011 2293 1082 2324 102.

981 2339 1057 2369 377.
1083 2342 1131 2369 De
1155 2341 1273 2375 plurali
1296 2340 1443 2369 neutrius
1466 2337 1606 2380 hospita
1632 2346 1661 2371 et
1687 2342 1734 2371 fe-

934 2388 1056 2417 minino
1083 2384 1220 2425 hospita
1246 2394 1267 2415 a
1291 2387 1473 2415 masculino
1499 2383 1623 2427 hospes
1649 2388 1731 2416 deri-

934 2434 1053 2463 vandis
1075 2432 1113 2462 cf.
1138 2434 1189 2461 Gr.
1217 2433 1238 2468 ς
1267 2430 1339 2460 109.
1365 2433 1430 2461 An.
1459 2429 1487 2460 1.
1515 2448 1552 2452 —
1582 2429 1734 2473 Hospita

936 2487 1088 2519 aequora
1112 2482 1185 2506 sunt
1209 2479 1327 2512 ignota,
1347 2475 1486 2515 fremtle
1513 2475 1638 2507 Meere.
1680 2480 1734 2509 Sic

934 2523 1058 2565 hospes
1097 2532 1149 2559 ap.
1195 2525 1260 2554 Cic.
1304 2533 1349 2559 pr.
1393 2524 1427 2552 C.
1475 2524 1558 2552 Rab.
1597 2522 1656 2561 10,
1689 2524 1732 2553 28

935 2569 1075 2600 Adeone
1111 2567 1234 2609 hospes
1267 2567 1409 2598 huiusce
1446 2567 1562 2608 υνόῐε,
1602 2570 1734 2600 adeone

933 2614 1083 2657 ignarus
1113 2624 1146 2644 es
1173 2613 1382 2656 disciplinae
1407 2613 1735 2656 consuetudinisque

934 2657 1104 2691 nostrae?
1139 2666 1169 2690 et
1198 2663 1256 2690 Ov.
1284 2663 1318 2689 F.
1348 2658 1375 2696 1,
1403 2658 1468 2688 340
1500 2658 1641 2701 hospita
1668 2671 1734 2691 πα-

933 2706 987 2736 vis
1019 2713 1068 2737 est
1098 2708 1277 2743 peregrina.
1322 2703 1374 2735 Pl.
1401 2715 1457 2741 pro
1482 2703 1622 2747 hospita
1649 2709 1734 2738 coni.

934 2762 1070 2794 aspera.

981 2798 1056 2828 379.
1085 2795 1268 2838 expediam
1294 2794 1397 2827 dictis
1422 2798 1460 2827 cf.
1485 2796 1561 2827 460.

981 2844 1056 2873 350.
1083 2845 1254 2879 Quaeritur
1289 2849 1358 2872 uter
1394 2844 1478 2873 scire
1514 2845 1730 2882 prohibeatur,

933 2893 1066 2921 Aeneas
1098 2898 1141 2919 an
1167 2890 1330 2918 Helenus?
1378 2891 1459 2918 Nam
1494 2895 1523 2920 et
1559 2893 1649 2920 solus
1680 2892 1731 2920 in-

933 2938 1079 2967 finitivus
1105 2936 1207 2966 activi
1230 2936 1375 2971 sequitur
1399 2940 1472 2971 post
1493 2939 1628 2966 verbum
1650 2945 1732 2975 pro-

933 2980 1050 3012 hibere
1074 2987 1106 3011 ut
1133 2980 1162 3018 6,
1186 2979 1261 3009 606.
1290 2979 1367 3009 808.
1393 2981 1452 3016 (cf.
1473 2980 1503 3019 2,
1526 2981 1577 3018 3.)
1603 2984 1661 3011 Ov.
1686 2985 1729 3011 M.

933 3027 965 3063 7,
997 3025 1062 3056 717
1098 3024 1330 3067 prohvbebant
1369 3027 1506 3057 credere
1535 3036 1666 3063 τηου-οη
1703 3033 1733 3056 et,

933 3073 1145 3104 accusativus
1173 3081 1198 3102 c.
1225 3073 1281 3101 inf.
1309 3077 1342 3102 ut
1364 3075 1422 3102 Ov.
1442 3075 1477 3102 F.
1504 3072 1535 3112 2,
1551 3073 1616 3102 505
1648 3071 1733 3103 I'ro-
