2023 3350
323 106 405 146 586

881 106 918 137 P.
947 105 1141 137 V1RG1L11
1167 106 1376 140 MAROMS

322 218 456 267 Bella,
491 215 627 267 vides,
669 219 851 269 quantos
890 215 1052 269 primus
1086 218 1252 270 patiare
1286 219 1465 262 labores.

323 276 393 316 Bis
431 286 585 325 magna
622 273 721 314 victi
754 287 900 327 pugna
934 273 1004 314 vix
1042 274 1147 316 urbe
1180 278 1348 317 tuemur

323 335 425 384 Spes
463 330 614 380 Italas3
653 331 842 372 recalent
874 334 1020 372 nostro
1059 331 1259 374 Tiberina
1293 333 1451 375 fluenta

323 387 534 440 Sanguine
564 387 722 437 adhuc,
759 388 988 442 campique
1026 388 1218 442 ingentes
1259 390 1420 432 ossibus
1455 389 1610 432 albent.

321 446 412 494 Quo
452 444 614 486 referor
648 445 833 487 totiens?
874 459 983 499 quae
1018 450 1198 488 mentem
1239 446 1405 489 insania
1445 450 1609 488 mutat?

322 502 366 543 §i
406 501 546 543 Turno
584 502 792 544 exstincto
831 503 968 545 socios
1009 517 1103 545 sum
1140 503 1306 545 adscire
1338 509 1525 558 paratus,

322 560 406 601 Cur
441 573 522 601 non
563 559 765 601 incolumi
797 560 940 614 potius
977 561 1212 602 certamina
1247 561 1381 602 tollo?

323 616 431 667 Quid
467 617 770 670 consanguinei
802 619 964 670 Rutuli,
1001 618 1105 672 quid
1142 622 1283 660 cetera
1323 618 1435 660 dicet

1883 616 1937 655 40

323 674 467 724 Italia,
505 674 559 715 ad
596 679 776 716 mortem
811 675 845 717 si
878 680 921 717 te
950 701 1004 706 —
1035 676 1142 717 Fors
1184 676 1300 717 dicta
1339 675 1510 717 refutet!
1537 700 1593 706 ——

323 732 607 783 Prodiderim,
647 736 792 773 natam
826 737 867 775 et
902 733 1112 775 connubia
1144 737 1290 775 nostra
1327 734 1568 787 petentem?

323 790 498 843 Respice
534 804 602 831 res
637 789 748 831 bello
784 790 944 842 varias3
985 791 1185 833 miserere
1223 791 1413 845 parentis

323 847 550 900 Longaevi,
587 861 709 900 quem
744 862 854 889 nunc
892 852 1100 890 maestum
1139 849 1282 902 patria
1317 847 1459 890 Ardea
1491 847 1615 900 longe

322 904 494 945 Dividit.

554 904 897 959 Haudquaquam
941 906 1068 947 dictis
1104 906 1304 948 violentia
1345 904 1475 947 Turni

321 962 545 1013 Flectitur,
585 967 813 1016 exsuperat
847 964 983 1017 magis
1020 964 1314 1017 aegrescitque
1350 960 1568 1005 medendo.

323 1019 381 1061 Ut
420 1020 604 1073 primum
641 1019 725 1061 fari
763 1021 923 1074 potuit,
959 1021 1020 1062 sic
1058 1021 1215 1063 institit
1255 1034 1346 1063 ore:

322 1078 457 1128 Quam
495 1092 574 1132 pro
610 1091 678 1119 me
716 1091 861 1120 curam
902 1078 1032 1133 geris,
1066 1078 1178 1120 hanc
1218 1092 1391 1133 precor,
1431 1076 1610 1132 optime,
1648 1088 1728 1130 pro
1762 1086 1828 1115 me

371 1217 424 1248 33.
455 1217 606 1254 Primus,
638 1227 716 1255 prae
746 1220 860 1250 ceteris
883 1221 1034 1250 omnibus
1062 1221 1113 1249 la-

325 1269 436 1302 boras,
459 1274 557 1300 quum
581 1266 630 1294 sis
655 1266 688 1294 in
713 1267 798 1295 bello
825 1266 956 1295 iniusto.
999 1263 1113 1295 stmeis

324 1313 410 1346 expl.
426 1309 559 1350 primus
578 1320 632 1346 per
646 1311 819 1341 Anfuhrer.
845 1328 882 1332 —
909 1314 977 1341 Non
996 1313 1113 1349 Turno,

323 1359 380 1386 sed
404 1357 467 1386 sihi
490 1361 650 1392 computat
674 1365 836 1386 caussam.

370 1400 423 1431 34.
451 1399 514 1431 Bis
544 1400 627 1431 vicu·
656 1402 695 1432 cf.
728 1411 810 1438 quae
840 1405 861 1432 1.
887 1405 925 1432 X.
951 1408 981 1432 et
1012 1404 1033 1432 1.
1057 1405 1112 1431 xl.

326 1453 498 1478 narrantur
522 1448 653 1483 proelia.

370 1492 423 1522 35.
454 1492 541 1532 Spes
602 1491 712 1522 Italas
765 1493 933 1529 magnifice
981 1493 1112 1527 dictum,

325 1544 359 1568 ut
383 1538 414 1573 3,
442 1536 459 1567 1
486 1547 540 1568 res
556 1536 661 1568 Asiae
685 1540 722 1568 de
747 1540 852 1568 Troia.
890 1541 970 1573 Spes
1006 1543 1114 1567 autem

326 1590 374 1613 est
392 1585 512 1613 salutis
533 1589 678 1621 nostrae3
699 1592 774 1614 nam
792 1585 962 1614 victoriam
975 1584 1114 1613 Latinus

327 1640 389 1659 non
421 1631 515 1659 audet
544 1635 662 1665 optare.
709 1645 745 1650 —-
796 1629 949 1658 recalent
980 1638 1051 1664 „re-
1081 1630 1114 1657 in

325 1677 517 1711 quibusdam
538 1676 646 1704 verbis
671 1676 862 1710 compositis
886 1675 1045 1711 significat
1069 1675 1115 1703 rei

327 1722 469 1751 alicuius
491 1721 523 1749 in
543 1722 736 1750 contrariam
756 1720 981 1755 mutationem3
1008 1721 1115 1755 itaque

326 1764 504 1796 reddimus
523 1768 664 1800 doctum,
696 1766 749 1801 qui
777 1766 877 1795 fuerat
906 1771 1001 1794 antea
1025 1766 1115 1794 indo-

325 1817 407 1849 ctus,
423 1809 594 1851 replemus
606 1820 721 1847 vacua,
740 1809 934 1839 relevamus
949 1815 1116 1847 onustum3

326 1855 571 1897 requiescimus
584 1859 693 1887 labore
709 1858 849 1892 fatigati3
872 1854 1117 1897 resipiscimus,

327 1904 381 1939 qui
406 1903 595 1938 insipientes
618 1903 801 1935 fueramus:
833 1899 958 1931 recalet
991 1903 1117 1939 flumen,

328 1951 411 1985 quod
435 1954 531 1978 antea
555 1950 693 1985 gelidum
720 1950 858 1979 fuerat.“
888 1950 965 1985 XVg.

374 1994 427 2023 36.
455 1992 592 2034 campi.
615 2017 621 2024 .
640 2017 646 2023 .
669 1992 785 2024 albent
810 1992 941 2023 ocsibus
966 2004 1009 2024 sc.
1032 2003 1117 2023 com-

329 2044 504 2070 bustorum.
553 2042 612 2069 Sed
648 2043 706 2070 hoc
737 2041 871 2069 nimium
903 2045 962 2069 est.
1011 2042 1071 2069 Vel
1096 2048 1116 2069 a

330 2087 469 2123 Virgilio
496 2094 548 2114 res
574 2087 745 2121 aliquoties
774 2087 1009 2121 amplificantur
1032 2088 1117 2115 ultra

330 2141 454 2161 omnem
480 2132 623 2169 modum,
666 2133 760 2167 idque
787 2133 883 2161 etiam
917 2133 975 2161 alii
1006 2137 1116 2167 poetae

330 2179 479 2209 fecerunt.
503 2182 536 2206 ut
553 2183 717 2213 appareat.
745 2181 830 2208 hunc
852 2186 968 2207 morem
992 2178 1025 2206 in
1044 2180 1116 2213 pul-

331 2225 418 2254 chris
459 2223 602 2252 habitum
641 2232 723 2253 esse.
773 2225 897 2253 Nostris
935 2224 1116 2253 homiuibus

331 2274 404 2305 puto
444 2278 505 2297 non
546 2271 681 2304 placere.
731 2270 784 2299 Sic
808 2271 882 2299 Val.
916 2271 962 2298 Fl.
987 2269 1015 2306 3,
1054 2268 1115 2298 166

333 2313 421 2344 Ossa
446 2312 556 2344 virum
573 2313 754 2355 malaeque
769 2318 892 2344 sonant
913 2323 1120 2355 sparsusque

330 2358 463 2389 cerebro
489 2358 580 2390 albet
611 2368 710 2401 ager.
760 2363 826 2391 Hoc
855 2363 924 2390 loco
954 2361 1050 2390 etiam
1079 2370 1116 2390 eo

330 2406 525 2436 offendimur.
557 2407 638 2441 quod
659 2415 700 2435 ex
725 2407 829 2442 priore
854 2407 972 2442 proelio
999 2407 1117 2436 fluvius

331 2453 435 2481 adhuc
451 2453 543 2487 calet,
571 2458 600 2481 et
621 2452 675 2487 qui
697 2453 746 2481 die
759 2453 904 2488 proximo
920 2453 1018 2482 occisi
1031 2458 1117 2489 sunt,

331 2506 439 2527 eorum
464 2498 528 2526 iam
553 2506 630 2527 ossa
653 2500 770 2527 albent.
820 2500 906 2528 Haec
931 2504 1036 2527 tamen
1068 2499 1117 2527 ‹li-

330 2545 423 2573 cendi
446 2544 584 2573 formula
608 2545 727 2579 placuit
754 2545 882 2573 Latinis
906 2545 1017 2579 poetis.
1063 2545 1118 2573 Sic

331 2591 361 2623 5,
380 2588 456 2618 865.
504 2590 557 2619 Sic
582 2592 639 2619 Ov.
661 2591 693 2618 F.
718 2589 747 2628 3,
777 2588 842 2618 708
873 2587 988 2619 Testes
1014 2592 1118 2618 estote

339 2632 492 2674 Philippi
516 2638 548 2664 et
569 2643 709 2674 quorum
727 2632 858 2674 sparsis
880 2632 1012 2664 ossibus
1029 2633 1119 2664 albet

332 2678 464 2709 humus.
512 2683 590 2710 Stat.
616 2681 697 2710 Silv.
724 2680 753 2717 2,
774 2679 805 2716 7,
834 2680 874 2709 65
901 2678 998 2709 albos
1034 2678 1119 2709 ossi-

332 2724 393 2755 bus
421 2723 522 2755 Italis
551 2723 746 2766 Philippos,
789 2727 857 2756 alia
892 2728 1002 2756 multa.
1050 2729 1118 2755 Non

334 2773 443 2801 minus
473 2773 566 2807 plene
601 2773 681 2802 dixit
705 2774 795 2802 Treb.
821 2774 902 2801 Poll.
928 2773 985 2801 vit.
1005 2773 1121 2801 Claud.

334 2827 359 2845 c.
386 2815 535 2857 Scampi
553 2815 684 2850 ossibus
711 2815 820 2847 latent
847 2815 936 2847 tecti.
964 2814 1014 2846 Pl.
1040 2819 1122 2847 delet

335 2865 433 2891 verba
457 2871 476 2891 a
498 2860 647 2891 recalent
663 2866 852 2898 ἡτπιιταίς
876 2864 1010 2898 fecitque
1036 2865 1121 2892 intra

337 2916 451 2936 versus
475 2909 603 2943 triginta
626 2909 829 2939 hemistichia
851 2915 1006 2944 quattuor.

384 2951 434 2981 37.
462 2955 526 2982 Cur
562 2959 624 2983 tam
659 2962 757 2989 saepe
791 2956 961 2983 consilium
995 2963 1120 2989 revoco,

337 3005 418 3031 quae
442 3007 481 3027 ea
505 3004 551 3028 est
575 3000 706 3029 insania
730 3001 871 3030 mutandi
886 3001 1024 3030 consilii.
1049 3002 1119 3029 Mu-

1157 1226 1224 1250 tare
1249 1225 1357 1250 autem
1382 1230 1418 1250 se
1441 1220 1517 1250 dicit
1542 1224 1571 1249 et
1595 1220 1660 1249 fato
1683 1220 1823 1248 adverso
1836 1222 1942 1248 actum

1157 1271 1187 1296 et
1211 1268 1339 1296 ductum
1363 1267 1463 1296 Turni
1486 1274 1603 1295 amore.

1203 1311 1256 1341 39.
1284 1309 1449 1341 incolumi
1475 1320 1519 1342 sc.
1544 1313 1660 1340 Turno.
1708 1310 1864 1339 Troianos
1888 1317 1943 1338 ac-

1158 1364 1307 1393 cepturus
1337 1366 1408 1388 sum
1434 1363 1463 1387 te
1490 1358 1699 1395 interempto,
1721 1356 1831 1391 quidni
1860 1356 1943 1385 reci-

1157 1405 1243 1439 piam
1268 1409 1296 1433 te
1321 1405 1423 1433 vivo?

1204 1448 1257 1479 42.
1280 1450 1544 1487 „Iniquissimum
1572 1452 1630 1485 est,
1661 1456 1734 1477 eum
1755 1448 1848 1477 morti
1870 1456 1942 1482 oro-

1157 1496 1240 1529 dere,
1264 1497 1317 1530 qui
1339 1500 1427 1524 tuam
1450 1495 1637 1524 affinitatem
1660 1492 1858 1528 exspectat.“
1885 1495 1917 1521 S.

1203 1538 1255 1569 43.
1283 1543 1319 1569 Et
1345 1546 1376 1570 tu
1401 1545 1490 1575 potes
1514 1540 1634 1575 occidi,
1669 1547 1767 1575 quare
1791 1540 1943 1568 miserere

1158 1587 1259 1620 patris
1283 1587 1344 1622 tui.
1369 1587 1425 1622 qui
1452 1594 1576 1616 omnem
1606 1586 1639 1614 in
1667 1590 1696 1614 te
1720 1593 1785 1614 rem
1804 1589 1832 1614 et
1852 1593 1942 1620 spem

1159 1632 1256 1666 ponit.

1205 1674 1257 1705 44.
1284 1674 1388 1714 louge
1430 1674 1556 1705 dividit
1596 1673 1712 1705 Ardea
1758 1684 1850 1706 eum:
1897 1676 1944 1704 De

1159 1722 1295 1751 formula
1324 1722 1449 1751 dicendi
1474 1722 1513 1751 cf.
1542 1720 1573 1756 3,
1600 1719 1674 1750 383.
1714 1737 1751 1741 —-
1796 1723 1855 1751 Ille
1883 1722 1943 1750 Ar-

1160 1769 1238 1796 deae
1252 1772 1476 1802 commoratus,
1500 1767 1630 1795 divisus
1652 1774 1673 1795 a
1697 1772 1735 1803 te,
1764 1768 1846 1802 quod
1859 1771 1945 1797 caret

1160 1813 1226 1841 filio
1250 1818 1392 1842 maestus
1417 1818 1445 1841 et
1466 1814 1503 1841 de
1529 1817 1583 1841 tua
1611 1814 1718 1841 salute
1737 1813 1857 1842 anxius
1885 1817 1943 1842 est.

1161 1860 1359 1894 Quamquam
1381 1867 1402 1887 a
1424 1860 1584 1887 Laurento
1614 1866 1674 1886 non
1697 1860 1865 1888 admodum
1894 1867 1945 1887 re-

1160 1910 1244 1934 mota
1268 1910 1334 1934 erat
1357 1905 1476 1940 Ardea,
1501 1904 1600 1939 potuit.
1623 1904 1685 1934 dici
1712 1902 1834 1943 long-eu
1861 1905 1946 1933 desi-

1161 1952 1283 1980 deranti
1307 1951 1389 1979 enim
1416 1958 1507 1979 omne
1533 1950 1673 1985 spatium
1699 1952 1828 1987 longum
1850 1954 1909 1979 est.

1207 1995 1258 2025 ⁴6.
1286 1998 1488 2033 exsuperat.-
1524 1996 1569 2023 iia
1589 2004 1620 2024 v.
1647 1994 1700 2024 20.
1744 1994 1774 2031 2,
1797 1994 1872 2025 759.
1904 2011 1941 2015 —

1160 2044 1205 2071 De
1232 2043 1390 2071 Gerundio
1416 2042 1454 2071 cf.
1473 2041 1504 2076 5,
1525 2039 1600 2070 710.
1650 2042 1803 2071 Adhibita
1822 2043 1946 2071 medela

1159 2089 1325 2125 aegrescit.
1365 2088 1404 2117 cs.
1431 2089 1490 2116 Ov.
1515 2089 1557 2115 M.
1586 2086 1621 2123 3,
1641 2086 1707 2115 566
1736 2085 1857 2116 Acrior
1882 2087 1945 2116 mt-

1160 2132 1290 2163 monitu
1319 2137 1367 2161 cst
1393 2131 1621 2172 irritaturque
1646 2135 1778 2161 retenta
1809 2136 1840 2162 et
1876 2141 1946 2162 cre—

1161 2177 1221 2208 scit
1250 2177 1378 2218 rabies,
1414 2176 1715 2217 remoraminaque
1742 2176 1821 2216 ipsa
1848 2187 1947 2208 noce-

1163 2224 1255 2253 bant.

1210 2268 1262 2299 47.
1291 2272 1326 2297 ut
1352 2266 1500 2308 primum
1521 2266 1600 2305 fari
1625 2267 1757 2307 potuit.-
1798 2271 1946 2308 „Nimius

1165 2317 1249 2345 enim
1275 2317 1364 2343 dolor
1386 2316 1437 2343 vel
1462 2315 1630 2343 iracundia
1662 2315 1691 2343 ei
1723 2315 1946 2346 intercluserat

1162 2370 1288 2393 vocem:
1328 2362 1376 2390 sic
1409 2361 1446 2388 de
1475 2358 1642 2389 Evandro“
1680 2358 1754 2398 (11,
1784 2360 1878 2399 151).
1912 2365 1943 2392 S.

1166 2405 1295 2436 Institit
1326 2414 1383 2435 ore
1413 2410 1461 2434 est
1492 2406 1580 2441 loqui
1615 2407 1742 2441 incipit;
1789 2405 1947 2438 insistere

1162 2454 1245 2482 enim
1258 2458 1305 2481 est
1320 2452 1412 2487 inire,
1432 2452 1588 2487 incipere3
1612 2452 1658 2480 ita
1676 2450 1836 2481 insistere
1852 2451 1945 2482 viam

1164 2501 1265 2527 Plaut.
1291 2500 1359 2527 Ter.
1380 2497 1450 2525 Liv.
1475 2495 1529 2535 37,
1554 2495 1573 2524 7
1602 2494 1670 2526 Iter
1691 2495 1782 2536 quod
1801 2496 1946 2537 insistis,

1163 2552 1228 2582 ego
1260 2551 1392 2583 quoque
1423 2540 1586 2581 approbo.
1635 2543 1727 2572 Caes
1753 2545 1816 2573 BG.
1843 2542 1877 2581 3,
1906 2543 1945 2573 14

1168 2588 1283 2629 Neque
1306 2586 1392 2617 satis
1419 2585 1614 2622 constabat,
1651 2597 1753 2627 quam
1776 2588 1946 2619 rationem

1161 2643 1306 2675 pugnae
1326 2631 1538 2669 insisterem
1564 2634 1597 2662 in
1611 2642 1709 2669 eoque
1722 2637 1821 2664 verbo
1840 2636 1945 2671 magis

1163 2688 1258 2716 quam
1280 2681 1313 2709 in
1337 2689 1368 2709 v.
1396 2676 1484 2708 inire
1509 2684 1557 2708 est.
1589 2680 1666 2709 certi
1689 2681 1820 2710 consilii
1842 2682 1945 2718 signi-

1164 2727 1276 2756 ficatio.

1209 2770 1262 2800 48.
1287 2773 1334 2800 De
1355 2774 1465 2801 struet.
1493 2768 1523 2807 2,
1549 2768 1612 2798 183
1649 2767 1780 2807 6‚·-3³2.
1815 2772 1873 2799 0v.
1901 2774 1941 2799 Μ.

1165 2816 1195 2853 9,
1228 2814 1287 2845 107
1321 2813 1528 2855 intrepidum
1561 2823 1625 2854 pro
1657 2823 1708 2851 se,
1748 2823 1865 2843 euram
1903 2815 1945 2844 de

1165 2861 1314 2901 coniuge
1337 2863 1509 2902 agentem.
1557 2862 1668 2891 Claud.
1685 2861 1764 2889 Bell.
1777 2861 1858 2889 Gild.
1879 2859 1944 2890 ⁴28

1166 2905 1194 2936 si
1219 2905 1302 2946 quid
1324 2916 1385 2946 pro
1409 2915 1462 2935 me
1478 2903 1649 2936 doluistis.
1671 2921 1715 2924 —
1737 2906 1864 2936 Turnus
1882 2916 1943 2936 non

1165 2955 1272 2989 credit,
1296 2962 1389 2988 quem
1405 2953 1537 2981 simulat
1554 2951 1689 2979 Latinus
1707 2958 1861 2986 amorem;
1886 2961 1943 2982 nec

1166 3004 1264 3035 potest
1289 2999 1328 3029 cf.
1354 3008 1386 3028 v.
1411 2996 1463 3026 29.
1510 2999 1634 3032 Itaque:
1671 2997 1762 3025 Omni
1787 3006 1864 3027 cura
1887 3007 1943 3034 po-
