2023 3350
239 123 321 161 335

240 231 451 274 Ausonias
491 230 672 281 tulerat,
710 241 843 282 quum
883 226 1200 269 Laomedontia
1238 226 1376 281 pubes

806 116 842 148 P.
870 114 1068 147 VlRGan
1093 113 1308 149 MARONIS

241 289 472 331 (ji-amineo
516 287 637 341 ripae
674 285 878 340 religavit
919 285 975 326 ab
1006 298 1163 338 aggere
1200 285 1394 327 classem.

353 346 522 386 Aeneas
558 344 774 399 primique
813 343 943 384 (luces
983 346 1026 384 et
1058 341 1238 396 pulcher
1273 343 1394 384 Iulus

242 404 439 456 Corpora
475 401 554 443 sub
593 402 726 443 ramis
767 401 989 455 deponunt
1022 399 1192 441 arboris
1225 400 1354 452 altae,

240 461 565 513 Instituuntque
603 459 753 513 dapes,
791 463 835 501 et
869 458 1031 500 adorea
1065 457 1157 499 liba
1195 471 1273 511 per
1306 457 1484 499 herbam

244 518 490 560 Subiiciunt
527 517 683 571 epulis,
713 542 768 547 —
799 517 861 558 sic
894 515 1090 569 Iuppiter
1129 514 1203 556 ille
1241 515 1449 558 monebat
1477 541 1533 546 --

1814 516 1896 553 llO

243 576 300 618 Et
338 574 513 618 Cereale
551 575 691 617 solum
724 575 864 629 pomis
895 573 1141 628 agrestibus
1178 576 1349 627 augent.

244 633 521 686 Consumptis
559 633 631 674 hic
671 632 785 675 forte
819 631 937 683 aliis,
970 635 1020 673 ut
1054 634 1224 672 vertere
1257 644 1426 672 morsus

242 691 458 744 Exiguam
493 690 539 732 in
577 691 776 733 Cererem
812 689 1023 744 paenuria
1062 688 1211 742 adegit
1248 688 1403 730 edendi

243 749 301 790 Et
336 749 500 790 violare
535 762 668 790 manu
701 748 915 801 malisque
955 746 1194 789 audacibus
1237 746 1387 788 orbem

244 807 411 848 Fatalis
451 807 588 848 crusti
626 807 790 861 patulis
823 819 901 847 nec
940 818 1121 860 parcere
1160 804 1360 858 quadris:

1819 806 1898 844 115

245 864 384 906 Heus!
427 864 559 906 etiam
595 878 765 906 mensas
802 864 1115 913 consumimus,
1153 862 1295 916 inquit
1324 861 1462 912 Iulus3
1495 886 1551 892 --

245 923 335 964 Nec
375 922 504 975 plura
539 922 748 964 alludens.

809 922 874 963 Ea
910 934 995 963 vox
1037 920 1189 963 audita
1220 920 1422 961 laborum

247 980 393 1022 Prima
423 980 525 1021 tulit
564 981 707 1033 finem,
744 980 1016 1034 primamque
1050 978 1266 1032 loquentis
1298 977 1354 1019 ab
1392 990 1467 1019 ore

249 1038 423 1091 Eripuit
455 1042 580 1091 pater
621 1052 672 1080 ac
711 1037 982 1092 stupefactus
1022 1037 1197 1078 numine
1233 1035 1409 1090 pressit3

251 1096 483 1147 Continuo,
523 1096 649 1138 Salve
682 1096 785 1138 fatis
826 1095 931 1137 mihi
968 1094 1116 1136 debita
1152 1094 1308 1146 Tellus,

1820 1093 1902 1132 120

249 1153 444 1207 Vosque,
488 1154 572 1206 ait,
617 1167 640 1195 o
677 1153 752 1195 fidi
792 1153 946 1195 Troiae
981 1153 1143 1194 salvete
1181 1152 1386 1201 Penates,

251 1211 332 1253 Hic
373 1211 548 1262 domus,
587 1211 696 1253 haec
732 1211 880 1266 patria
920 1214 996 1252 est.

299 1326 376 1358 105.
404 1326 475 1358 iam
511 1345 555 1348 —
596 1337 700 1368 quum
743 1329 782 1358 cf.
821 1327 857 1365 4,
897 1328 973 1358 556.
1013 1344 1051 1349 —-

256 1372 514 1405 Laomedontia
539 1373 648 1415 pubes
673 1375 712 1403 cf.
745 1373 782 1404 3.
809 1374 886 1404 2⁴8.

300 1420 376 1450 106.
406 1418 595 1462 Religavit
633 1422 654 1449 i.
693 1430 720 1449 e.
758 1422 914 1456 alligavit
952 1422 992 1450 cf.
1024 1419 1055 1449 9.

255 1465 338 1502 352;
364 1467 411 1496 ita
435 1468 510 1496 Hor.
531 1467 565 1496 C.
595 1464 622 1500 1.
649 1464 703 1501 32,
726 1464 744 1494 7
773 1464 943 1497 iactatam
974 1464 1056 1496 rell-

254 1510 361 1554 gavit
386 1509 455 1541 udo
479 1510 581 1542 litore
603 1511 734 1546 navim,
761 1515 820 1542 (tv.
843 1516 885 1542 M.
916 1511 966 1542 13.
992 1511 1055 1541 439

254 1557 358 1589 litore
382 1581 408 1587 ..
434 1556 582 1588 classem
605 1556 793 1598 religarat.
818 1559 913 1588 Caes.
939 1560 1003 1588 BC.
1026 1557 1057 1593 3.v

257 1603 298 1633 15
333 1611 444 1644 neque
473 1612 583 1633 naves
620 1602 667 1633 ad
710 1606 839 1634 terram
875 1602 1059 1645 religandi

252 1652 412 1691 potestas
439 1652 526 1679 erat.
564 1665 601 1669 —
636 1647 689 1679 Ab
723 1658 862 1691 aggere
888 1649 1057 1690 religare.

255 1699 315 1726 ΟΥ.
336 1697 368 1724 F.
392 1692 423 1733 4,
449 1692 514 1724 331
545 1704 675 1735 querno
703 1694 863 1736 religant
887 1704 909 1725 a
939 1694 1059 1736 stipite

251 1741 394 1780 funem,
426 1742 492 1771 Cic.
518 1743 591 1771 Inv.
617 1739 653 1778 2,
680 1739 719 1769 51
744 1739 928 1780 funiculo,
954 1740 1014 1782 qm·
1038 1750 1059 1771 a

254 1785 368 1863 pluppi
390 1785 569 1829 religatus
593 1784 760 1827 scapham
785 1796 961 1818 annexam
986 1790 1061 1817 tra-

283 1832 372 1863 ebat.

262 1909 478 1941 107—147.
526 1909 665 1941 Aeneas
705 1908 843 1941 fatalem
884 1920 920 1943 se
955 1911 1059 1942 scutit

497 1960 623 1987 terram
652 1956 818 1997 attigisse.

308 2012 383 2043 107.
409 2015 664 2050 Animadverte,
713 2020 834 2050 (uianta
879 2022 947 2044 arte
995 2025 1060 2045 rem

260 2066 387 2089 tenuem
409 2062 485 2096 Vgl.
512 2061 658 2094 auxerit,
692 2066 720 2089 et
744 2066 863 2095 quanto
890 2064 1062 2091 verborum

261 2108 386 2135 delectu
403 2115 470 2135 rem
486 2107 652 2135 ornaverit
669 2107 959 2142 simplicissiinam.
1001 2109 1061 2136 Sed

261 2153 349 2181 alias
382 2153 429 2181 rei
460 2153 568 2181 tenuis
599 2158 713 2181 ornata
750 2154 923 2189 descriptio
959 2154 1062 2183 risum

261 2202 365 2233 potest
396 2207 546 2234 movere3
581 2201 641 2228 linc
672 2200 740 2228 loco
773 2205 849 2234 apta
881 2205 946 2237 est,
980 2202 1063 2235 quod

262 2252 415 2280 magnum
455 2244 537 2273 inest
588 2253 692 2274 omen.
758 2246 912 2275 Variavit
956 2251 1063 2276 autem

262 2288 382 2330 dape&
408 2287 542 2319 adorea
567 2287 650 2324 liba,
682 2288 825 2320 Cereale
849 2290 973 2326 solum,
1004 2290 1065 2322 Cv-

261 2344 334 2373 res,
364 2333 457 2365 orbis
474 2333 609 2374 fatalis
634 2333 761 2375 crusti,
794 2335 964 2377 quadrae.
1015 2339 1063 2368 Cf.

264 2380 303 2419 3,
331 2379 384 2410 16.

312 2425 386 2455 109.
412 2424 544 2456 adorea
566 2424 639 2456 liba
664 2429 776 2457 ...ntor
794 2429 923 2463 proprie
943 2434 990 2457 est
1009 2438 1064 2464 gt·-

264 2482 325 2503 nus
352 2473 449 2501 farris
475 2472 528 2508 [cf.
556 2473 642 2501 Plin.
674 2471 724 2506 ts,
752 2472 784 2510 8,
817 2473 854 2502 19
877 2473 944 2511 sar
969 2473 1063 2514 quor!

263 2517 433 2549 adoreum
451 2520 582 2548 veteres
599 2517 842 2558 appellavere]
860 2520 943 2549 Liba
957 2525 1064 2549 autem

264 2570 338 2594 sunt
354 2567 525 2600 placentae
541 2566 578 2593 de
591 2564 687 2595 farre.
715 2567 812 2594 melle
825 2570 854 2594 et
874 2568 944 2595 oleo
958 2567 1064 2596 sacris

265 2610 394 2646 aptaef·
410 2612 441 2639 S.
484 2611 576 2639 Libis
594 2611 770 2640 substratis
789 2612 954 2646 imponunt
974 2613 1064 2641 cibus

266 2660 295 2684 et
321 2664 426 2691 polita.
454 2672 491 2676 —-
519 2664 583 2696 per
605 2653 746 2685 herbam
773 2657 812 2685 cf.
841 2657 878 2689 5,
913 2656 985 2686 102.

314 2700 389 2731 110.
420 2699 580 2742 Iuppiter
609 2699 670 2730 ille
699 2700 752 2731 312
787 2707 816 2731 et
851 2705 960 2732 Serv..
1010 2705 1066 2739 qui

268 2748 362 2784 „illm
388 2748 442 2783 qui
466 2756 521 2782 per
545 2748 728 2784 Harpyiam
757 2749 959 2778 vaticinatus
982 2750 1065 2779 esth*

267 2794 306 2822 cs.
341 2792 377 2828 3,
424 2791 501 2822 255.
537 2809 575 2813 -
606 2791 680 2834 ipse
710 2792 886 2833 MtPRybc
918 2804 982 2825 rec.
1007 2793 1062 2825 le.

272 2836 333 2867 Rb.
354 2847 413 2868 nec
432 2842 590 2868 absonum
611 2844 671 2877 est,
695 2841 752 2869 sed
773 2841 952 2870 auctoritas
970 2843 1064 2871 vocis

266 2881 328 2913 ille
353 2885 466 2914 maior.
488 2901 526 2905 —
555 2882 696 2916 Monere
719 2890 826 2915 autem
848 2887 893 2915 dii
918 2888 1067 2917 dicuntur

267 2931 415 2959 homiues
431 2936 458 2959 et
482 2932 629 2960 oraculis
647 2936 678 2960 et
694 2932 849 2969 prodigiis
869 2937 898 2962 et
915 2934 1064 2971 somniis,

269 2980 301 3003 ut
323 2978 382 3004 ov.
409 2978 450 3004 Μ.
478 2974 514 3010 9.
541 2974 618 3006 700.
666 2979 717 3007 Ita
741 2986 871 3008 monere
902 2980 1064 3017 dicamur,

270 3021 325 3054 qui
348 3021 455 3050 futura
481 3022 633 3059 indicant,
659 3024 694 3053 Ε.
723 3021 757 3061 9,
784 3022 835 3054 15.
884 3027 942 3054 Ov.
972 3027 1004 3054 F.
1032 3024 1062 3063 6,

1058 1210 1240 1252 Genitor
1278 1209 1384 1250 mihi
1417 1207 1527 1249 talia
1561 1220 1758 1261 namque,

1102 1326 1179 1356 766.
1229 1328 1277 1357 Cf.
1311 1324 1465 1356 monitus
1490 1335 1522 1355 v.
1567 1322 1632 1354 102

1103 1372 1141 1405 8.
1168 1371 1234 1401 504
1262 1378 1291 1402 et
1317 1375 1522 1402 monstrum.

1152 1417 1226 1447 111.
1255 1417 1402 1448 ..Solum
1438 1427 1531 1447 cirine
1560 1418 1694 1453 dicitur,
1727 1418 1811 1452 quod
1843 1417 1907 1446 ali-

1103 1465 1178 1501 quid
1205 1466 1353 1494 sustinet.
1403 1465 1456 1494 Sic
1482 1473 1568 1494 nunc
1593 1464 1750 1499 paniceas
1773 1470 1907 1492 mensas

1104 1513 1124 1540 i.
1151 1520 1178 1540 e.
1204 1513 1375 1546 epularum
1397 1512 1656 1540 sustentaculum
1675 1506 1786 1539 solum
1806 1516 1907 1539 voca-

1104 1559 1185 1586 x·'11.'··
1212 1560 1242 1585 s.
1268 1573 1306 1576 —
1332 1560 1467 1597 augent
1492 1555 1624 1596 pomis:
1654 1555 1796 1596 Augere
1820 1556 1908 1585 enim

1104 1600 1257 1642 aliquem
1279 1605 1334 1632 vel
1359 1600 1499 1642 aliquid
1522 1599 1646 1642 aquua
1668 1610 1703 1630 re
1726 1606 1775 1630 est
1801 1607 1831 1630 et
1855 1610 1908 1630 or-

1106 1657 1199 1685 nare,
1237 1649 1413 1683 instruere.
1448 1649 1594 1683 aliquam
1625 1656 1692 1677 rem
1724 1648 1827 1677 alicui
1849 1649 1908 1678 ati-

1105 1697 1213 1725 iicere.
1263 1695 1311 1725 Cf.
1342 1693 1379 1733 9,
1407 1692 1473 1722 407
1499 1702 1601 1723 aram
1630 1701 1766 1735 augere
1794 1691 1906 1724 «louis.

1107 1742 1188 1771 Alia
1216 1742 1365 1776 exempla
1390 1741 1500 1770 lexica
1523 1741 1653 1769 dabunt.

1155 1785 1230 1815 113.
1255 1785 1433 1826 paenuria
1460 1783 1598 1824 edendi,
1627 1786 1648 1814 i.
1677 1794 1703 1814 e.
1729 1785 1802 1814 eius
1825 1786 1910 1821 quod

1107 1834 1265 1862 edendum
1290 1837 1376 1865 erat,
1403 1833 1477 1862 cibi.

1158 1876 1171 1907 1
1185 1876 1231 1907 14.
1262 1876 1413 1907 violare.-
1438 1878 1521 1906 Liba
1537 1877 1624 1906 enim
1639 1883 1736 1907 sacra
1751 1876 1909 1913 attingere

1109 1926 1245 1954 vetitum
1274 1930 1352 1959 erat,
1376 1925 1452 1954 hinc
1473 1925 1571 1953 etiam
1598 1921 1731 1953 audax.
1761 1938 1799 1943 —
1829 1920 1910 1952 Via-

1111 1969 1233 2000 lantnr
1258 1971 1326 2000 lilia
1351 1971 1498 2007 omuino,
1530 1970 1613 2005 quod
1645 1973 1836 1999 atteruntur.
1864 1983 1909 1989 ·—

1671 1330 1702 1354 et
1733 1322 1906 1355 monitum

1111 2018 1196 2046 Bene
1230 2018 1301 2045 Iulo
1335 2017 1508 2052 praecipue
1547 2019 1607 2045 hoc
1644 2015 1814 2049 tribunum
1855 2022 1908 2050 ap.

1111 2064 1204 2092 Dion.
1228 2061 1255 2097 l,
1282 2062 1324 2091 55
1352 2063 1496 2093 incertus
1512 2063 1645 2098 quidam
1664 2065 1723 2090 est.
1772 2062 1910 2091 Servius

1109 2111 1150 2138 ad
1174 2107 1209 2142 3,
1237 2106 1302 2136 257
1326 2116 1460 2139 mensas
1483 2117 1525 2138 ex
1550 2108 1710 2137 frumento
1735 2107 1910 2144 confectas,

1109 2156 1266 2191 panieeas
1285 2155 1400 2192 dictas,
1427 2155 1491 2184 uiis
1502 2155 1682 2184 Penatibus
1705 2158 1817 2182 narrat
1835 2161 1910 2182 esse

1110 2206 1329 2231 consecratas.

1159 2245 1232 2275 117.
1260 2243 1445 2276 alludens.-
1485 2246 1602 2274 ludens
1629 2249 1659 2274 et
1689 2246 1804 2274 iocans
1830 2247 1911 2274 haec

1110 2293 1203 2322 dixit.
1253 2294 1299 2321 Ea
1329 2300 1416 2328 vox,
1451 2298 1535 2326 quae
1567 2291 1679 2320 audita
1705 2295 1770 2327 est,
1804 2291 1909 2326 prima

1113 2343 1198 2367 erat.
1230 2346 1314 2373 (uiae
1339 2339 1410 2366 tulit
1434 2337 1536 2366 finem.

1160 2382 1235 2412 118.
1259 2381 1430 2425 primam,
1470 2388 1503 2412 ut
1537 2383 1674 2419 primum
1706 2383 1819 2413 audita
1851 2387 1909 2411 est.

1111 2430 1159 2460 Cf.
1184 2426 1237 2458 61.

1162 2473 1234 2503 119.
1266 2472 1426 2515 Eripuit,
1459 2474 1607 2503 celeriter
1633 2474 1753 2509 excipit
1781 2475 1909 2509 dictum,

1111 2521 1285 2556 statimque
1312 2519 1440 2561 premit
1472 2520 1612 2550 Ascanii
1645 2529 1778 2557 vocem,
1812 2521 1910 2550 inter-

1112 2569 1281 2602 pellando,
1317 2576 1357 2595 ne
1385 2566 1532 2595 infausta
1564 2567 1622 2595 ille
1645 2567 1799 2602 adiiciam
1840 2566 1910 2600 ipse

1110 2618 1220 2642 autem
1246 2613 1355 2641 statim
1380 2618 1539 2648 precatur.
1575 2628 1613 2632 -—
1646 2610 1806 2648 numine,
1837 2611 1910 2639 eius

1110 2660 1197 2688 enim
1227 2659 1354 2688 auxilio
1383 2667 1436 2688 res
1467 2659 1627 2688 horrenda
1655 2658 1747 2689 facili
1782 2657 1910 2693 negotio

1111 2706 1291 2740 expeditur.

1160 2749 1235 2780 120.
1267 2747 1376 2780 Salve
1399 2754 1447 2779 est
1470 2749 1675 2786 venerantis,
1701 2752 1737 2778 ut
1761 2747 1798 2784 5,
1825 2745 1879 2777 80.

1160 2794 1235 2826 121.
1253 2794 1342 2836 fidi,
1376 2796 1432 2831 qui
1457 2804 1506 2826 me
1531 2801 1695 2830 nunquam
1720 2794 1908 2829 reliquistis.

1162 2840 1235 2871 122.
1266 2839 1428 2882 Namque
1458 2850 1500 2872 ex
1533 2848 1652 2870 versus
1679 2841 1805 2869 ratione
1837 2840 1910 2869 iun-

1112 2890 1251 2925 gendum
1281 2896 1355 2917 cnm
1386 2887 1550 2923 prioribus
1577 2886 1705 2923 verbis,
1745 2894 1807 2915 non
1837 2893 1910 2916 cum

1112 2943 1205 2963 nunc
1231 2936 1371 2974 repeto‚·
1401 2934 1444 2963 ad
1467 2932 1661 2962 sententiam
1685 2940 1749 2960 non
1774 2933 1912 2961 multum

1113 2980 1262 3016 interest,
1310 2987 1372 3014 quo
1408 2979 1575 3009 referatur.
1642 2973 1805 3017 Namque
1838 2981 1910 3014 post

1112 3027 1205 3061 plura
1233 3027 1331 3055 verba
1357 3026 1498 3060 positum
1524 3024 1599 3054 vide
1626 3023 1662 3060 5,
1688 3021 1764 3053 733.
