2023 3350
255 127 309 166 48

826 124 861 155 P.
888 121 1081 155 VIRGILII
1105 123 1316 158 MARONIS

254 237 519 290 Purpureum
556 240 598 278 et
634 236 771 277 laetos
814 234 948 276 oculis
983 234 1168 278 adflarat
1206 237 1413 280 honores:

255 295 388 345 Quale
425 308 573 335 manus
612 291 775 334 addunt
815 292 934 333 ebori
972 292 1119 344 decus,
1163 298 1238 336 aut
1271 294 1346 336 ubi
1381 295 1492 338 flavo

253 353 489 404 Argentum
523 351 722 392 Pariusve
759 349 868 402 lapis
902 349 1192 392 circumdatur
1227 365 1345 394 auro.

254 409 359 449 Tum
398 409 457 449 sio
492 409 680 461 reginam
718 406 985 460 adloquitur,
1029 409 1275 462 cunctisque
1305 413 1482 464 repente

252 466 511 519 Improvisus
547 466 628 506 ait:

690 463 859 515 Coram,
898 477 1023 516 quem
1058 466 1281 518 quaeritis,
1321 468 1483 519 adsum,

1803 469 1884 509 595

253 523 404 564 Troius
441 524 623 572 Aeneas,
665 520 834 574 Libycis
870 525 1041 574 ereptus
1079 522 1133 563 ab
1173 524 1308 565 undis.

254 580 288 621 O
329 581 421 621 sola
459 578 656 620 infandos
689 578 841 619 Troiae
878 579 1082 621 miserata
1113 579 1294 633 labores,

253 638 370 687 Quae
405 650 498 687 nos,
538 635 759 689 relliquias
794 636 1011 687 Danaum,
1052 639 1281 691 terraeque
1312 639 1531 693 marisque

253 694 456 735 Omnibus
496 693 725 734 exhaustos
762 693 848 735 iam
889 693 1078 745 casibus,
1121 696 1307 736 omnium
1344 710 1510 749 egenos,

252 751 384 801 Urbe,
425 751 548 791 domo
589 750 746 792 socias!

808 750 959 792 Grates
995 752 1239 805 persolvere
1280 753 1430 806 dignas

1802 756 1885 796 600

250 808 345 849 Νο11
381 808 472 861 opis
508 811 571 849 est
607 812 797 860 nostrae,
837 809 965 860 Dido,
1004 823 1081 850 nec
1117 810 1326 863 quidquid
1362 810 1522 863 ubique
1559 813 1623 852 est

251 864 399 906 Gentis
431 865 696 918 Dardaniae,
733 880 935 920 magnum
967 880 1076 920 quae
1110 881 1261 921 sparsa
1296 881 1374 922 per
1411 867 1570 909 orbem.

250 995 316 1023 iam
342 995 422 1023 inest
447 995 521 1024 voci
548 993 682 1034 lumen,
716 998 770 1025 sed
794 998 831 1025 de
851 999 966 1025 rubore
990 1003 1044 1025 ac-

250 1041 440 1075 cipiendum.
481 1057 518 1060 —
554 1039 737 1070 iuventae:
775 1040 966 1076 ..Iuventus
997 1046 1044 1070 est

251 1087 418 1116 multitudo
449 1087 620 1124 iuvenum,
663 1085 826 1116 luventas
865 1089 925 1116 dea
961 1088 1044 1122 ipsa,

251 1133 333 1161 sicut
368 1133 533 1163 Libertas.
570 1130 712 1162 iuventa
744 1142 820 1162 vero
849 1138 955 1168 aetas,
990 1135 1045 1162 sed

250 1180 331 1207 haec
356 1179 592 1207 confunduntur
616 1181 821 1213 meminique-⁵
846 1182 877 1208 S.
927 1181 976 1207 113
993 1186 1044 1214 ap.

250 1224 323 1252 Liv.
341 1222 394 1257 2³1³,
410 1223 451 1251 35
462 1222 533 1262 flos
550 1222 711 1253 inventae
725 1221 1044 1266 (Jugemlblilthe).

252 1270 322 1298 Liv.
353 1268 412 1305 40,
444 1268 462 1297 6
494 1267 605 1298 medio
630 1268 792 1299 iuventae
825 1268 943 1299 robore
974 1267 1044 1304 ille,

250 1312 426 1353 hicflore5
451 1317 505 1343 sed
522 1313 687 1345 Iuventas
702 1324 756 1350 pro
772 1314 912 1345 iuventa
928 1316 1045 1345 (lictum

250 1365 299 1389 est
324 1361 354 1393 5,
382 1358 455 1389 398.
505 1362 597 1390 Lucr.
625 1361 655 1398 5,
681 1359 756 1390 886.
806 1363 844 1391 Η.
871 1363 904 1391 C.
933 1360 964 1399 2,
991 1358 1044 1399 11,

252 1405 281 1435 6.
331 1408 413 1435 Flor.
441 1405 477 1442 2,
506 1405 541 1442 2,
573 1405 598 1435 1.

295 1449 371 1480 591.
401 1449 519 1481 Honor
550 1453 672 1487 rorpori
709 1454 804 1482 tribui
841 1461 903 1481 non
942 1457 1045 1488 potest

250 1498 337 1526 alius
363 1498 426 1526 nisi
452 1499 668 1534 pulchritudo,
706 1499 744 1528 cf.
769 1501 803 1527 G.
833 1497 868 1533 2,
894 1496 957 1526 404
983 1496 1042 1527 sil—

249 1542 302 1572 vis
334 1540 452 1583 aquilo
488 1542 635 1572 decussit
662 1541 831 1573 honorem.
881 1541 1043 1573 111116110-

251 1592 369 1618 nestus
395 1596 494 1623 paene
520 1590 601 1617 idem
624 1591 705 1624 quod
727 1587 871 1629 pulcher
891 1588 942 1626 10,
968 1588 1042 1618 133.

251 1632 310 1670 12,
348 1632 419 1663 155.
470 1637 503 1663 G.
533 1633 568 1671 2,
595 1633 669 1663 392.
703 1651 740 1654 -
772 1633 904 1673 ,41]ῐανί
928 1635 1044 1664 dicitur

249 1685 343 1709 vates
377 1688 397 1709 a
427 1681 482 1709 deo
511 1678 547 1717 6,
577 1679 639 1718 50,
669 1684 697 1709 et
722 1682 883 1710 Anchises
909 1681 1043 1711 fulmine

250 1733 270 1755 a
295 1727 372 1754 Iove
398 1724 433 1761 2,
461 1724 535 1754 649.

295 1769 372 1800 592.
404 1769 532 1800 Manus
558 1780 601 1800 sc.
628 1771 758 1800 artificis
783 1774 863 1801 solet
886 1776 963 1802 ebur
987 1778 1043 1802 aut

249 1818 338 1846 aliutl
369 1825 423 1851 per
454 1825 489 1845 se
522 1818 586 1845 iam
619 1819 791 1852 splendens
829 1826 908 1847 auro
940 1819 1043 1848 inclu-

249 1864 338 1899 dere,
371 1871 431 1897 quo
467 1863 572 1897 magis
604 1865 718 1892 luceat.
774 1865 864 1893 Hanc
896 1866 1042 1899 explica-

251 1909 368 1937 tionem
394 1911 502 1943 probat
526 1910 616 1937 locus
638 1910 766 1937 Homeri
789 1911 844 1938 011.
872 1909 901 1946 6,
926 1909 989 1938 229
1014 1915 1044 1939 et

247 1955 289 1982 A.
317 1952 367 1991 10,
398 1953 459 1982 135
482 1963 527 1989 sq.
582 1956 693 1989 Itaque
720 1956 888 1989 pulchrum
911 1957 1043 1985 Aeneae

249 2008 364 2034 corpus
389 2001 446 2028 tlea
472 2000 563 2028 auxit
589 2004 766 2029 venustate.

295 2043 369 2074 593.
395 2046 527 2074 Parium
563 2053 701 2074 marmor
740 2047 976 2081 pulchritudine
1013 2051 1043 2075 et

248 2091 423 2119 albitudine
449 2093 582 2120 clarum.

295 2135 370 2165 595.
397 2139 433 2165 In
461 2135 584 2165 adsum
615 2138 675 2165 (luo
706 2141 779 2165 sunt
812 2142 842 2166 et
872 2145 937 2177 ego
966 2137 986 2166 i.
1013 2147 1039 2166 e.

254 2178 377 2210 Troius
402 2181 459 2216 A.,
487 2184 523 2210 tle
548 2190 607 2217 quo
634 2183 729 2211 locuti
754 2183 848 2220 estis,
879 2187 909 2211 et
934 2191 1041 2212 coram

248 2234 319 2255 sum
345 2228 363 2255 i.
390 2237 416 2256 e.
445 2225 479 2256 L.
507 2236 533 2256 e.
555 2236 586 2256 a.
611 2236 644 2256 u.

295 2270 371 2301 597.
402 2270 506 2308 Sola5
540 2275 678 2301 nondum
702 2274 788 2302 enim
813 2273 939 2302 alienae
964 2275 1039 2303 stir-

246 2318 298 2351 pis
322 2326 511 2353 quemquam
536 2319 719 2357 invenerat,
755 2327 848 2354 quem
875 2320 1039 2349 misereret

247 2364 465 2393 Troianorum.

293 2408 367 2438 598.
395 2406 576 2449 relliquias
595 2407 756 2439 Danaum
771 2411 809 2439 cf.
827 2409 927 2439 30.—
941 2412 1041 2440 Terra

246 2456 364 2484 bellum
389 2460 417 2484 et
446 2456 662 2490 pestilentiam
687 2454 744 2490 (3,
774 2454 855 2492 147)
884 2458 1040 2494 perpessi,

247 2502 326 2528 mari
357 2506 571 2536 tempestates.
620 2499 716 2536 (12⁴.
753 2500 789 2536 3,
817 2499 911 2537 192.)

294 2544 368 2574 599.
394 2549 432 2575 Et
462 2549 548 2576 bella
586 2547 820 2575 exhauriuntur
854 2551 882 2575 et
912 2549 1039 2576 labores

247 2591 285 2619 cf.
311 2588 341 2622 4.
369 2589 408 2620 14
440 2595 496 2621 sed
519 2593 614 2621 etiam
639 2593 662 2621 ii
687 2593 741 2627 qui
766 2592 936 2627 perferunt.
987 2594 1040 2622 Sic

246 2633 341 2675 plebs
368 2634 534 2667 erlmusta
560 2636 723 2678 impensis
748 2639 820 2666 Liv.
847 2636 876 2674 6,
899 2638 935 2673 5;
959 2647 1039 2677 pro-

216 2691 223 2699 ·
247 2679 364 2709 vincia
397 2681 588 2722 sumptibus
623 2681 791 2712 exhausta
821 2684 885 2712 Cic.
911 2685 976 2712 Att.
1008 2682 1037 2721 6,

248 2723 285 2761 13
313 2725 481 2756 exercitus
506 2726 592 2757 bello
615 2727 803 2758 efflans-tus
819 2730 903 2757 Veli.
930 2727 957 2763 2,
984 2727 1036 2757 21.

248 2767 431 2800 exhaustos
468 2771 605 2802 F2MPR
650 2771 827 2803 erhaustis
860 2772 901 2802 Fi
944 2783 1036 2809 „cum

248 2816 382 2845 sen-10²⁴
411 2815 490 2852 Rb..
515 2819 567 2852 qui
594 2821 719 2854 recepit.
767 2821 863 2854 Apud
887 2820 1036 2848 Servium

246 2866 292 2890 est
318 2859 512 2891 eshanstos.
541 2879 578 2883 —
607 2863 758 2894 omnium
784 2873 921 2905 egenos.
971 2866 1036 2893 Ro-

246 2908 335 2935 mani
364 2908 417 2942 qui
449 2912 478 2935 et
507 2910 719 2939 masculinum
750 2915 780 2939 et
810 2915 955 2939 neutrum
979 2912 1035 2939 atl-

246 2953 356 2981 iectivi
395 2954 599 2982 substantiva
637 2955 797 2985 faciebant
830 2956 889 2991 (cf.
929 2954 1034 2991 422);

247 3002 350 3026 tamen
380 3007 477 3033 qutun
502 3000 756 3034 perspicuitatem
788 3002 943 3031 sermonis
968 3010 1035 3030 om-

246 3043 333 3072 nium
351 3044 503 3073 virtutum
517 3047 826 3079 praestantissimam
850 3048 1035 3085 iudicarent,

1092 997 1235 1026 vitarunt
1267 998 1387 1027 formas
1417 998 1597 1034 ambiguas.
1645 999 1757 1033 Itaque
1788 1005 1887 1027 casus

1092 1044 1238 1077 obliquos
1289 1049 1415 1079 praeter
1466 1044 1690 1073 accusativum
1738 1045 1888 1072 nolebant

1092 1096 1249 1123 usurpare
1272 1090 1303 1118 in
1329 1099 1443 1126 genere
1469 1094 1589 1123 neutro,
1618 1090 1681 1118 nisi
1706 1098 1747 1118 ex
1772 1092 1887 1118 verbo-

1092 1143 1162 1163 rum
1186 1144 1334 1164 connexu
1360 1140 1505 1164 neutrum
1530 1135 1611 1164 satis
1639 1135 1886 1171 intelligebatur.

1093 1182 1171 1209 Sunt
1193 1186 1297 1209 tamen
1323 1189 1373 1216 ap.
1395 1182 1527 1215 Vglium
1550 1181 1612 1210 loci
1633 1181 1739 1217 pauci,
1762 1181 1796 1209 in
1815 1181 1888 1216 qui—

1093 1228 1151 1254 bus
1184 1234 1281 1255 casus
1312 1228 1461 1262 obliquus
1491 1228 1608 1263 legitur
1634 1231 1666 1255 ut
1689 1229 1719 1254 h.
1746 1228 1767 1254 l.
1794 1230 1823 1255 et
1855 1224 1886 1263 7,

1092 1268 1156 1299 197
1184 1270 1280 1301 cuius
1307 1276 1446 1313 egentes
1480 1281 1535 1308 pro
1565 1272 1657 1301 cuius
1683 1273 1739 1301 rei.
1791 1274 1826 1300 G.
1854 1270 1886 1309 2,

1090 1315 1154 1345 472
1175 1315 1303 1358 exiguo
1326 1316 1474 1347 adsueta
1495 1316 1665 1347 iuventus.
1704 1318 1757 1346 Sic
1774 1319 1816 1346 A.
1833 1315 1886 1356 12,

1090 1361 1155 1391 882
1187 1366 1248 1393 aut
1272 1361 1461 1403 quidquam
1488 1361 1572 1392 mihi
1597 1360 1696 1392 dulce
1721 1371 1886 1400 meorum,

1091 1416 1240 1438 meorum
1264 1414 1411 1438 neutrum
1437 1418 1508 1438 esse
1531 1410 1597 1438 iam
1617 1418 1659 1437 ex
1680 1417 1760 1438 voce
1783 1406 1886 1448 quid—

1091 1463 1195 1494 quam
1221 1460 1369 1491 apparet,
1399 1459 1433 1484 ut
1456 1463 1506 1490 ap.
1532 1456 1596 1484 Cic.
1623 1455 1713 1484 Lael.
1743 1453 1783 1482 15
1811 1452 1886 1484 eius

1091 1497 1178 1528 enim
1215 1503 1264 1530 est
1297 1499 1438 1531 istorum
1476 1498 1638 1540 quidque.
1700 1499 1748 1529 Cf.
1779 1501 1831 1529 Gr.
1862 1500 1885 1536 5

1090 1544 1164 1574 373.

1136 1601 1211 1631 600.
1238 1600 1319 1631 urbe
1351 1600 1449 1632 domo
1487 1601 1598 1632 socias
1633 1604 1782 1639 „publico
1820 1604 1885 1638 pri-

1088 1654 1226 1682 vatoque
1251 1650 1395 1682 dignaris
1420 1649 1579 1683 hospitio*b
1599 1651 1630 1677 S.
1678 1650 1759 1678 Dido
1776 1653 1883 1678 autem

1089 1695 1155 1723 iam
1180 1695 1295 1729 recepit
1324 1692 1408 1730 5733
1441 1702 1539 1729 quare
1570 1692 1682 1723 socias
1706 1696 1744 1723 tle
1768 1699 1884 1724 conatu

1089 1741 1310 1775 accipiendum
1338 1748 1399 1768 non
1422 1743 1485 1775 est,
1516 1741 1571 1768 sed
1597 1740 1661 1768 ’13111
1685 1740 1725 1769 fit.
1756 1756 1794 1760 —-
1821 1743 1884 1769 Ne-

1090 1794 1151 1820 que
1177 1794 1234 1820 ego
1262 1794 1362 1819 neque
1389 1794 1498 1814 omnes
1520 1786 1548 1814 si
1573 1786 1780 1814 convenerint
1805 1787 1883 1815 Tro-

1090 1831 1168 1867 iani,
1195 1840 1249 1866 per
1272 1835 1368 1859 10111111
1390 1834 1495 1859 orbem
1514 1840 1598 1860 nunc
1618 1831 1735 1868 sparsi,
1760 1832 1884 1867 gratias

1091 1878 1206 1913 dignas
1230 1876 1346 1905 referre
1372 1885 1561 1912 possumus,
1588 1877 1631 1905 tlii
1656 1877 1711 1905 tibi
1738 1877 1883 1915 referent,

1090 1923 1246 1957 siquidem
1267 1923 1337 1956 pios
1359 1921 1398 1956 [i.
1417 1931 1443 1951 e.
1462 1930 1516 1951 eos
1536 1922 1590 1956 qui
1612 1925 1729 1951 bonum
1745 1927 1884 1951 rectum-

1090 1977 1150 2002 que
1179 1970 1284 1997 colunt
1319 1976 1360 1996 ex
1396 1973 1480 1997 metu
1511 1968 1660 2004 deorum]
1697 1969 1883 2006 respiciunt,

1090 2014 1118 2042 si
1151 2014 1275 2042 iustitia
1308 2021 1371 2041 non
1400 2018 1447 2041 est
1479 2020 1600 2042 vanum
1638 2021 1752 2042 nomen
1781 2022 1883 2048 neque

1090 2060 1287 2088 conscientia
1305 2061 1400 2093 probe
1420 2059 1582 2088 factorum.
1625 2059 1671 2088 Cf.
1688 2061 1764 2088 Stat.
1784 2061 1880 2088 Theb.

1090 2103 1127 2140 7,
1164 2102 1227 2132 379
1269 2101 1337 2133 Nec
1371 2102 1519 2133 laudare
1557 2101 1644 2133 satis
1684 2102 1883 2145 dignasque

1087 2147 1274 2189 rependere
1314 2152 1436 2190 grates
1477 2148 1680 2188 Sufficiam,
1731 2149 1883 2188 referent

1092 2193 1228 2235 Superi.

1134 2250 1208 2280 601.
1240 2248 1420 2290 Quidquid
1437 2249 1560 2291 ubique
1579 2253 1628 2280 est
1646 2249 1772 2292 gentis,
1790 2256 1881 2286 quot-

1087 2302 1162 2332 quot
1187 2298 1302 2331 ubique
1320 2298 1461 2326 Dardani
1479 2301 1567 2331 sunt,
1595 2297 1633 2326 cf.
1652 2297 1682 2333 5,
1704 2294 1768 2324 793
1789 2295 1880 2337 quod

1088 2345 1242 2382 superest
1265 2347 1293 2370 et
1321 2340 1384 2370 716
1412 2340 1582 2382 quidquid
1608 2345 1657 2371 est
1682 2339 1881 2371 invalidum

1087 2389 1131 2417 ita
1147 2389 1220 2417 Liv.
1240 2386 1270 2423 2,
1297 2387 1315 2415 5
1339 2385 1507 2427 quidquid
1526 2385 1666 2417 deorum
1681 2390 1778 2416 esset.
1820 2387 1879 2417 35:

1088 2431 1256 2473 quidquid
1281 2435 1354 2462 crat
1379 2435 1539 2473 patrum,
1566 2441 1640 2462 reos
1667 2431 1806 2462 diceres.
1851 2444 1877 2463 c.

1088 2477 1140 2507 49.
1181 2478 1209 2513 3,
1239 2476 1289 2506 17.
1316 2477 1357 2506 25
1385 2483 1442 2507 etc.
1492 2480 1566 2507 Hor.
1594 2481 1649 2514 Ep.
1681 2479 1711 2514 5,
1738 2477 1751 2507 1
1790 2479 1832 2508 At
1859 2489 1878 2508 ο

1088 2522 1228 2553 deorum
1253 2521 1423 2564 quidquid
1444 2523 1476 2553 in
1498 2523 1593 2553 caelo
1610 2523 1713 2564 regit.
1763 2527 1827 2554 Sat.
1847 2523 1878 2561 1,

1088 2570 1118 2602 6,
1148 2568 1162 2597 l
1200 2567 1370 2608 Lydorum
1398 2567 1568 2609 quidquid
1598 2568 1762 2599 Etruscos
1785 2568 1879 2598 iuco-

1087 2612 1126 2643 lit
1153 2613 1256 2653 flues.
1310 2616 1456 2652 Iungitur
1487 2617 1583 2644 etiam
1616 2616 1754 2651 pluralis
1786 2616 1878 2645 verbi

1086 2662 1144 2689 Ov.
1171 2663 1212 2689 M.
1246 2659 1301 2695 10,
1330 2659 1367 2689 l&
1405 2659 1583 2701 Quidquid
1609 2659 1755 2690 mortale
1781 2669 1877 2690 crea-

1085 2714 1171 2735 mur.
1221 2708 1297 2735 Luc.
1324 2704 1362 2740 7,
1394 2705 1458 2735 364
1496 2704 1675 2746 Quidquid
1699 2703 1876 2735 hominum

1084 2760 1211 2780 sumus.
1263 2753 1332 2780 Ter.
1364 2753 1464 2781 Andr.
1497 2750 1534 2787 4.
1569 2750 1604 2789 4,
1637 2750 1655 2780 6
1692 2748 1776 2790 quid
1802 2748 1876 2781 illic

1083 2793 1259 2826 hominum
1285 2794 1459 2838 litigant?

1129 2863 1204 2893 602.
1231 2866 1361 2894 Troiani
1399 2870 1489 2895 erant
1526 2866 1560 2894 in
1593 2865 1705 2900 Epiro,
1749 2865 1874 2903 Sicilia,

1084 2911 1187 2945 Creta,
1214 2912 1346 2940 Venetis
1370 2927 1406 2930 —
1432 2920 1474 2940 m.
1499 2919 1528 2950 q.
1553 2919 1576 2939 s.
1603 2919 1636 2949 p.
1662 2919 1689 2938 ο.
1715 2911 1803 2939 eiicit
1820 2908 1873 2940 Pl.

1089 2952 1146 2984 Gr.
1179 2965 1278 2991 neque
1303 2957 1388 2985 enim
1425 2957 1527 2985 scisse
1551 2956 1711 2990 Aeneam,
1744 2957 1874 2985 ubinam

1083 3001 1220 3035 dispersi
1247 3007 1353 3031 essent
1380 3011 1434 3037 per
1461 3004 1567 3031 orbem
1587 3001 1726 3030 Troiani.
1775 3002 1821 3030 At
1843 3002 1874 3030 si

1083 3055 1134 3075 res
1159 3047 1204 3075 113
1225 3056 1261 3076 se
1280 3050 1424 3086 habebat,
1447 3056 1486 3076 ne
1506 3048 1586 3076 illud
1607 3047 1733 3082 quidem
1753 3051 1873 3082 poterat
