2023 3350
724 114 958 150 AENEIDOS
989 118 1074 150 LIB.
1105 119 1183 151 ΧΠ.

153 230 428 272 Deiecturum
460 241 579 271 arces
615 228 772 270 Italum
810 230 1059 283 excidioque
1095 230 1315 284 daturum3

154 288 330 341 Iamque
366 287 480 328 faces
519 285 573 327 ad
615 288 732 328 tecta
770 288 927 330 volant.

1695 119 1774 160 621

153 344 203 385 In
236 348 279 386 te
315 344 460 386 oculos
491 342 700 395 referunt3
733 348 896 387 mussat
927 359 1004 387 rex
1041 345 1132 399 ipse
1168 346 1358 398 Latinus,

154 401 269 452 Quos
307 414 481 454 generos
520 404 640 442 vocet
672 405 747 443 aut
783 416 891 455 quae
928 416 1020 445 sese
1055 402 1112 444 ad
1150 402 1322 446 foedera
1358 403 1515 445 flectat.

153 459 380 500 Praeterea
409 457 575 511 regina,
611 458 674 499 tui
708 458 929 512 fidissima,
972 460 1123 501 dextra

154 516 321 557 Occidit
354 515 448 568 ipsa
485 528 563 556 sua
600 515 821 571 lucemque
857 517 1063 559 exterrita
1093 516 1215 570 fugit.

152 573 239 615 Soli
274 585 352 625 pro
388 572 525 625 portis
565 572 785 628 Messapus
824 579 866 616 et
900 588 999 616 acer
1029 574 1180 616 Atinas

153 630 402 671 Sustentant
440 629 586 671 aciem.
647 631 815 673 Circum
850 632 931 674 hos
966 631 1180 685 utrimque
1210 629 1443 686 phalanges

150 686 275 728 Stant
308 686 463 729 densae
498 687 741 742 strictisque
772 703 892 742 seges
930 688 1202 730 mucronibus
1239 688 1385 730 horret

148 744 324 786 Ferrea:
362 748 410 786 tu
447 758 617 786 currum
657 746 825 788 deserto
862 747 905 788 in
943 746 1133 800 gramine
1169 759 1325 788 versas.

150 801 368 855 Obstipuit
401 803 522 844 varia
555 803 755 845 confusus
791 804 977 858 imagine
1006 817 1148 845 rerum

148 859 333 911 Turnus,
374 863 417 901 et
452 859 605 902 obtutu
645 862 778 903 tacito
814 862 954 913 stetit3

148 916 242 959 Uno
281 917 327 958 in
361 917 491 959 corde
532 917 673 971 pudor
709 919 929 973 mixtoque
965 919 1131 960 insania
1166 917 1284 958 luctu

147 974 205 1016 Et
242 974 380 1016 Furiis
418 975 613 1029 agitatus.
648 989 770 1018 amor
806 980 848 1018 et
884 977 1054 1018 conscia
1089 976 1236 1018 virtus.

147 1031 207 1074 Ut
239 1032 422 1085 primum
463 1033 678 1075 discussae
715 1033 908 1086 umbrae,
943 1037 985 1075 et
1020 1034 1093 1075 lux
1130 1031 1299 1075 reddita
1335 1031 1479 1084 menti,

146 1088 358 1131 Ardentes
398 1090 617 1131 oculorum
656 1090 780 1133 orbes
817 1091 872 1133 ad
909 1092 1075 1133 moenia
1108 1090 1236 1132 torsit

146 1146 377 1198 Turbidus,
417 1161 525 1201 eque
561 1148 668 1190 rotis
700 1162 900 1203 magnam
933 1148 1120 1202 respexit
1153 1147 1210 1189 ad
1247 1145 1408 1188 urbem.

145 1204 256 1246 Ecce
296 1208 458 1257 autem,
490 1205 671 1247 flammis
710 1206 822 1248 inter
860 1205 1057 1248 tabulata
1090 1206 1260 1247 volutus

145 1261 213 1303 Ad
246 1262 412 1304 caelum
446 1262 638 1305 undabat
677 1269 840 1315 verteX,
873 1264 1111 1317 turrimque
1146 1261 1331 1312 tenebat,

145 1319 333 1371 Turrim,
371 1320 600 1375 compactis
640 1320 836 1363 trabibus
876 1335 1005 1374 quam
1043 1320 1249 1362 eduxerat
1283 1319 1386 1372 ipse,

145 1376 490 1432 Subdideratque
526 1381 666 1430 rotas,
704 1382 944 1433 pontesque
980 1378 1237 1419 instraverat
1279 1376 1401 1417 altos.

1694 233 1776 273 655

984 288 1035 329 In
1071 291 1115 330 te
1153 302 1230 330 ora
1261 288 1416 341 Latini,

1693 520 1775 561 660

1197 859 1204 866 ·
1691 806 1772 846 665

991 864 1161 902 aestuat
1193 872 1341 913 lngens

1689 1093 1771 1133 670

1689 1380 1769 1418 675

143 1434 237 1476 Iam
273 1435 361 1476 iam
395 1435 506 1487 fata,
553 1449 693 1487 soror,
731 1439 957 1490 superant,
997 1434 1159 1476 absiste
1193 1432 1378 1484 morari,

145 1492 237 1544 Quo
273 1492 377 1535 deus
410 1496 453 1535 et
489 1507 574 1547 quo
612 1493 720 1535 dura
749 1496 876 1535 vocat
905 1493 1111 1543 Fortuna,
1151 1503 1390 1545 sequamur.

143 1670 338 1702 tempestate
371 1673 593 1705 comparatur,
633 1673 667 1697 ut
701 1668 730 1705 7,
758 1668 835 1697 222.
885 1668 932 1698 Cf.

141 1712 298 1749 imprimis
322 1715 408 1743 Flori
430 1715 567 1750 grandia
585 1716 689 1743 verba
712 1714 744 1751 ⁶2,
760 1714 791 1751 6,
809 1713 932 1742 8-13,

142 1760 192 1788 Ι13
206 1767 280 1789 011111
305 1761 461 1795 grandine
479 1766 709 1796 comparantur
728 1761 792 1788 tela
810 1759 841 1797 9,
855 1759 931 1788 669.

187 1815 264 1845 657.
291 1819 437 1854 mussat,
462 1816 592 1846 silentio
618 1824 679 1845 suo
699 1816 931 1845 dubitationem

143 1861 259 1897 prodit.
301 1862 342 1891 cf.
372 1860 421 1899 ll,
449 1860 526 1891 345.

187 1917 264 1947 658.
289 1926 441 1959 generos
465 1918 506 1947 cf.
528 1918 558 1956 7,
583 1919 639 1948 98.

187 1974 264 2003 659.
291 1972 538 2014 tuifidissima
565 1973 713 2011 occidit,·
734 1976 843 2011 itaque
860 1976 933 2012 ipse

142 2021 206 2049 iam
231 2021 317 2049 adsit
343 2029 484 2050 necesse
508 2026 569 2057 est,
604 2029 644 2050 ne
670 2022 817 2051 Aeneam
842 2022 933 2051 Lati-

141 2074 204 2095 nus
228 2066 375 2100 recipiat.
423 2064 612 2096 Fidissz'ma
636 2073 743 2096 autem
778 2065 830 2097 tui
867 2076 932 2097 non

142 2112 260 2141 dictum
310 2113 350 2141 ad
395 2114 522 2141 modum
562 2110 614 2141 tui
657 2110 929 2142 studiosissima.

141 2157 182 2186 cf.
211 2156 239 2194 l,
273 2155 323 2186 14.
376 2173 420 2177 ——

141 2202 218 2232 645.

186 2259 263 2289 661.
290 2257 416 2290 Atinas
443 2260 483 2289 ef.
508 2257 560 2297 11,
583 2260 660 2290 869.

186 2314 262 2346 662.
289 2319 485 2347 sustentant
517 2315 625 2347 aciem
656 2326 721 2347 rec.
748 2315 813 2347 Rb.
846 2316 930 2359 11⁷g.

140 2363 192 2391 ed.
216 2362 290 2391 mai.
314 2371 395 2393 suos
421 2371 440 2392 a
470 2363 549 2398 fuga
576 2364 726 2393 retinent.
774 2366 823 2393 lta
849 2366 930 2393 Tac.

143 2409 184 2437 A.
210 2407 239 2446 1,
264 2406 319 2436 65.
343 2407 376 2445 2,
404 2409 444 2437 17
470 2407 579 2438 aciem
607 2412 825 2445 sustentare‚·
873 2411 931 2438 sed

140 2453 254 2482 dicitur
276 2454 373 2483 etiam
402 2456 597 2484 sustentare
630 2452 757 2485 hostem
784 2457 861 2485 Tac.
887 2456 928 2485 A.

142 2498 195 2534 15,
227 2498 278 2528 10.
306 2515 349 2519 —-
381 2497 473 2529 acies
499 2503 550 2540 My
576 2509 639 2530 rec.
668 2497 734 2530 Ld.
765 2498 848 2542 Wg.
875 2503 925 2530 ed.

139 2552 215 2574 min.

184 2599 260 2631 664.
287 2599 420 2630 deserto
445 2598 481 2630 in
512 2599 694 2642 gramine,
731 2602 783 2631 ubi
814 2604 927 2632 nullus

139 2652 191 2677 est
215 2647 334 2676 hostis.

184 2702 261 2731 665.
284 2700 388 2731 varia
412 2699 435 2731 ἰ.
457 2710 571 2732 rerum
600 2704 793 2741 „multipiici
815 2704 927 2734 nuntio

139 2749 244 2785 (quod
258 2748 371 2783 regina
385 2748 488 2785 periit,
509 2750 597 2782 quod
616 2752 692 2779 urbs
709 2755 926 2785 oppugnatur,

138 2795 223 2830 quod
249 2801 362 2823 omnes
387 2793 491 2822 Latini
514 2794 548 2822 in
567 2795 658 2824 inum
694 2797 810 2824 oculos
838 2795 927 2824 refe·-

137 2844 222 2877 runt,
243 2840 327 2875 quod
352 2839 476 2868 dubitat
497 2839 645 2875 LatinuS‚
675 2848 758 2875 quos
783 2848 925 2875 generos

137 2883 290 2921 vocet).“
313 2887 344 2914 S.
393 2885 495 2913 Simul
521 2893 564 2913 ex
601 2885 655 2914 his
700 2886 924 2921 intelligimuS,

139 2932 194 2966 qui
212 2939 320 2961 rerum
346 2935 452 2960 status
468 2930 598 2960 futurus
620 2931 662 2959 sit
677 2932 785 2960 Turno
811 2939 924 2961 caeso.

182 2976 259 3006 666.
287 2974 418 3006 Obtntu
449 2978 540 3013 stat,

137 3025 239 3054 multa
262 3022 361 3053 simul
387 3022 518 3057 cogitet.

464 2155 541 2198 ipsa
578 2166 642 2187 sua
676 2155 799 2188 dextra
833 2158 874 2188 cf.
900 2157 931 2197 2,

587 2980 620 3004 ut
658 2977 714 3011 qui
742 2983 862 3010 magna
894 2981 925 3006 01

1026 1665 1102 1696 667.
1129 1676 1198 1696 uno
1221 1663 1258 1695 in
1281 1662 1383 1694 corde
1402 1668 1484 1694 Mss.
1508 1661 1577 1694 imo
1606 1667 1641 1694 Ρ.
1656 1667 1771 1695 03110111

979 1713 1150 1751 varietate,
1177 1719 1261 1747 quae
1286 1715 1336 1740 est
1365 1710 1415 1748 10,
1442 1710 1521 1747 871,
1555 1719 1616 1739 nec
1636 1714 1770 1741 multum

979 1759 1127 1787 differunt
1171 1758 1275 1786 forma
1315 1761 1464 1785 externa.
1512 1757 1608 1785 Prius
1648 1760 1770 1786 multas

979 1804 1076 1833 simul
1100 1809 1128 1832 et
1155 1804 1307 1832 diversas
1337 1803 1450 1830 eodem
1477 1802 1510 1830 in
1544 1802 1652 1831 animo
1690 1811 1769 1832 esse

978 1850 1238 1885 perturbationes
1263 1848 1395 1883 indicat,
1438 1848 1574 1876 alterum
1606 1852 1704 1877 totum
1728 1849 1768 1878 iis

976 1896 1118 1924 animum
1147 1903 1224 1924 esse
1255 1898 1458 1928 occupatum.
1506 1894 1683 1928 Utrumque
1708 1894 1769 1929 igi-

978 1945 1028 1969 tur
1052 1946 1140 1970 stare
1171 1945 1289 1976 potest.
1318 1955 1362 1958 —
1391 1936 1506 1978 pudor
1536 1946 1578 1968 ex
1608 1940 1649 1968 iis
1682 1948 1768 1975 quae

978 1987 1059 2016 dixit
1080 1989 1182 2016 Saces
1206 1994 1237 2015 v.
1263 1984 1342 2014 664.
1367 2000 1410 2003 —
1434 1985 1534 2013 Iidem
1567 1992 1689 2015 versus
1717 1985 1768 2024 10,

1023 2088 1100 2117 668.
1126 2095 1223 2117 amor
1247 2087 1417 2125 Laviniae,
1457 2087 1510 2122 qui
1535 2089 1576 2117 ad
1606 2096 1768 2118 summum

976 2134 1119 2163 furorem
1142 2134 1273 2171 crescit,
1315 2138 1346 2162 et
1375 2131 1511 2163 conscia
1535 2132 1646 2163 virtus
1670 2134 1710 2163 cf.
1735 2135 1768 2174 5,

977 2179 1053 2210 455.
1101 2181 1234 2209 Poterat
1275 2180 1372 2215 igitur
1407 2179 1524 2208 virtute
1572 2187 1635 2209 sua
1683 2183 1767 2210 haec

978 2227 1087 2256 omnia
1111 2226 1215 2254 vitare
1235 2230 1265 2254 et
1290 2227 1395 2254 adhuc
1421 2229 1539 2260 potest.

1022 2282 1098 2312 669.
1127 2279 1270 2312 umbrae
1293 2287 1487 2320 „postquam
1515 2282 1633 2310 mentis
1660 2283 1767 2316 caligo

976 2329 1146 2365 discessit,
1178 2330 1263 2363 quod
1290 2328 1464 2363 sequentia
1488 2328 1650 2361 indicant,
1677 2334 1707 2357 ut
1734 2331 1766 2358 et

975 2373 1036 2405 lux
1061 2371 1201 2403 reddita
1225 2372 1332 2403 menti
1356 2372 1438 2403 eslf·
1465 2376 1498 2402 S.

1019 2431 1096 2460 670.
1122 2432 1245 2460 Ardent
1277 2431 1364 2460 oculi
1388 2431 1438 2460 ira
1470 2435 1501 2459 et
1531 2430 1639 2460 furore
1665 2430 1706 2461 cf.
1732 2430 1764 2469 2,

1019 2521 1096 2551 671.
1122 2519 1283 2552 turbidus
1306 2522 1346 2551 cf.
1375 2521 1426 2551 10.

1019 2568 1096 2597 672.
1123 2565 1284 2598 tabulata
1310 2567 1350 2597 cf.
1377 2567 1410 2603 2,
1433 2566 1508 2597 463.

1019 2613 1096 2642 673.
1131 2611 1248 2643 Undat
1273 2611 1423 2651 flamma
1455 2614 1497 2643 cf.
1528 2611 1559 2649 2,
1585 2612 1663 2651 609,
1701 2622 1764 2643 ne-

973 2667 1036 2695 que
1077 2659 1184 2688 minus
1232 2661 1346 2688 vertex
1390 2661 1429 2688 de
1466 2666 1553 2694 aqua
1586 2659 1764 2688 ebulliente

973 2707 1178 2734 translatum.

1018 2749 1095 2779 674.
1121 2757 1223 2789 quam
1244 2746 1412 2779 eduxerat
1434 2747 1519 2789 ipse,
1543 2747 1765 2780 subdiderat-

973 2803 1054 2835 que.-
1098 2796 1136 2823 de
1171 2799 1283 2823 struet.
1323 2794 1363 2823 cf.
1397 2793 1473 2824 944.
1522 2793 1600 2830 Ipse
1637 2796 1762 2825 fecerat

970 2841 1083 2869 turrim
1109 2840 1260 2869 mobilem
1285 2841 1324 2868 ad
1357 2842 1467 2869 urbem
1492 2841 1738 2871 defendendam.

1016 2885 1092 2914 676.
1119 2887 1221 2920 Quum
1255 2893 1351 2921 quam
1382 2886 1456 2921 ipse
1496 2887 1617 2916 fecerat
1650 2889 1762 2917 turrim

970 2932 1136 2960 ardentem
1161 2931 1354 2968 conspiciat,
1394 2932 1459 2961 iam
1489 2932 1638 2968 intelligit
1662 2941 1762 2970 supe-

970 2985 1042 3006 rare
1064 2976 1142 3013 fata,
1164 2977 1229 3006 iam
1249 2978 1313 3006 sibi
1335 2977 1399 3012 ipsi
1424 2985 1501 3007 esse
1523 2979 1762 3009 intereundum.

1020 3021 1096 3051 677.
1121 3022 1244 3052 Similis
1269 3023 1431 3053 sententia
1454 3022 1487 3060 5,
1512 3023 1588 3054 709.
