2023 3350
706 627 764 683 P.
813 625 1101 683 VIRGILII
1145 626 1451 685 MARONIS

541 747 1618 840 AENEIDOS

822 903 1000 961 LIBER
1056 902 1328 962 DECIMUS.

258 1144 470 1201 Panditur
506 1149 669 1190 interea
703 1149 855 1190 domus
897 1148 1201 1202 omnipotentis
1240 1148 1420 1202 Olympi,

260 1207 580 1260 Conciliumque
614 1211 740 1249 vocat
779 1207 920 1249 divom
952 1210 1077 1260 pater
1109 1210 1239 1260 atque
1278 1206 1497 1248 hominum
1533 1220 1610 1248 rex

264 1322 381 1354 1—15.
408 1321 564 1364 Iuppiter
591 1322 674 1355 deos
694 1332 712 1353 a
729 1322 818 1354 bello
840 1322 1052 1355 dehortatur.

304 1371 446 1405 Iuppiter
482 1372 627 1407 auxilio,
673 1373 754 1405 quod
798 1377 907 1400 contra
959 1379 1053 1400 suam

258 1419 459 1445 voluntatem
484 1418 592 1445 Turno
616 1419 731 1445 tulerat
754 1419 844 1453 Iuno,
867 1422 1053 1452 commotuS,

260 1464 300 1491 ad
337 1463 444 1490 sedem
474 1470 567 1490 suam
604 1463 679 1490 deos
715 1468 890 1497 convocat,
936 1471 1054 1497 eosque

260 1509 388 1537 omnino
415 1515 434 1536 a
467 1510 549 1536 bello
583 1509 719 1543 gerendo
744 1510 937 1536 dehortatur.
986 1510 1054 1542 Qua

260 1555 294 1582 in
318 1554 464 1583 contione
479 1561 673 1588 quamquam
695 1562 756 1582 non
771 1559 891 1582 certum
913 1554 1054 1588 aliquem

259 1600 476 1633 incusaverit,
515 1604 621 1628 tamen
658 1600 786 1635 Venus,
830 1608 912 1634 quae
948 1601 987 1627 ad
1019 1608 1054 1628 se

259 1646 351 1674 illam
371 1645 547 1674 orationem
568 1645 724 1679 pertinere
742 1649 841 1681 putat,
866 1654 901 1674 se
920 1650 1056 1674 excusat

260 1693 452 1725 culpamque
482 1691 513 1718 in
548 1692 702 1719 Iunonem
737 1691 889 1719 transfert
913 1699 1054 1725 omnem,

260 1744 324 1772 qua
349 1745 382 1765 re
412 1739 562 1765 acerbata
591 1738 670 1764 Iuno
695 1740 724 1765 et
748 1737 854 1770 ipsam
880 1745 915 1765 se
943 1740 1054 1772 purgat

260 1788 290 1812 et
329 1783 486 1811 Venerem
527 1782 669 1810 omnium
704 1783 862 1810 malorum
902 1789 1056 1811 caussam

259 1829 363 1858 fuisse
386 1828 551 1856 ostendere
567 1832 710 1857 conatur.
753 1829 895 1856 Tandem
915 1829 1058 1863 Iuppiter

260 1875 352 1903 finem
392 1873 541 1910 imponit,
585 1882 684 1908 seque
726 1874 766 1901 ad
805 1874 904 1902 fatum
947 1874 1056 1902 omnia

260 1920 510 1955 compositurum
559 1919 720 1953 profitetur
769 1920 932 1954 simulque
980 1921 1056 1948 deos

261 1967 399 1995 dimittit.

308 2010 336 2040 1.
369 2007 544 2039 Panditur
566 2013 622 2038 etc.
651 2011 778 2044 Duplex
803 2014 854 2039 est
877 2010 975 2039 liuius
994 2011 1057 2040 loci

260 2057 434 2092 explicatio
457 2057 522 2084 iam
540 2057 625 2090 apud
651 2057 814 2084 Servium.
857 2057 973 2085 Altera
992 2060 1056 2085 est:

260 2103 414 2139 Aperitur
436 2102 526 2130 lovis
551 2102 660 2137 curia,
694 2102 727 2129 in
751 2109 847 2137 quam
874 2099 1058 2130 concilium

260 2151 361 2178 vocat
387 2148 538 2182 Iuppiter.
588 2148 634 2176 De
652 2148 741 2176 domo
764 2149 855 2176 Iovis
871 2148 904 2175 in
919 2149 1057 2183 Olympo

261 2195 299 2225 cf.
326 2196 385 2223 Ov.
411 2195 453 2221 M.
488 2192 519 2229 l,
548 2190 610 2219 170
652 2201 720 2228 sqq.
761 2209 805 2212 —
840 2194 956 2222 Altera
992 2197 1055 2222 est:

261 2242 402 2279 „Factus
425 2242 473 2267 est
496 2239 581 2275 dies»,
616 2239 693 2273 quia
717 2239 827 2268 dicunt
851 2244 962 2274 poetae
989 2247 1058 2268 ma—

261 2287 362 2316 tutino
373 2290 512 2319 tempore
526 2285 645 2318 aperiri
658 2286 794 2322 caelum,
810 2289 903 2314 noctu
916 2282 1059 2322 claudi“,

261 2337 291 2362 et
314 2331 488 2361 concilium
506 2335 599 2359 vocat
614 2331 764 2365 Iuppiter.
785 2346 822 2350 —
844 2331 904 2365 Qui
919 2332 1056 2365 priorem

261 2378 423 2412 accipiunt
452 2376 713 2412 explicationem,
741 2384 781 2405 ea
804 2384 887 2411 quae
913 2385 942 2406 v.
974 2375 984 2405 1
1015 2392 1052 2396 —-

264 2422 338 2459 145,
354 2427 382 2451 et
397 2429 479 2456 quae
494 2422 566 2450 inde
580 2429 600 2449 a
616 2421 646 2458 9,
663 2420 726 2449 459
745 2426 927 2459 narrantur,
944 2424 1055 2451 eodem

261 2470 311 2498 die
338 2469 424 2497 facta
446 2475 534 2502 esse;
559 2467 614 2501 qui
641 2469 787 2504 alteram,
814 2469 835 2496 1.
865 2466 902 2495 10
933 2476 1055 2497 novum

261 2516 345 2544 diem
360 2514 500 2548 incipere
527 2516 556 2541 et
575 2513 737 2541 continere
755 2521 872 2542 versus
892 2512 901 2541 1
924 2529 961 2533 -—
983 2512 1054 2542 145.

260 2564 400 2591 sumunt.
448 2561 485 2587 In
514 2567 549 2587 eo
579 2559 801 2595 consentiunt,
827 2560 910 2594 quod
935 2568 966 2587 v.
993 2557 1053 2587 145

261 2608 345 2636 diem
377 2605 501 2640 claudi,
540 2612 570 2633 v.
602 2601 663 2632 146
687 2620 723 2624 —
745 2602 809 2632 214
834 2609 956 2633 noctem
981 2610 1009 2634 et
1035 2612 1056 2633 a

260 2660 360 2683 versu
386 2649 449 2679 215
475 2651 559 2678 diem
574 2654 760 2685 sequentem
773 2651 912 2680 describi
932 2654 1053 2685 putant.

264 2714 301 2719 —
337 2698 398 2726 Sed
435 2697 469 2724 ni
502 2696 572 2730 ipse
609 2696 720 2733 fallor,
765 2696 844 2724 falsi
878 2700 955 2725 sunt
993 2697 1053 2725 illi.

261 2747 343 2774 Nam
385 2750 483 2777 quum
523 2742 665 2776 luppiter
693 2742 727 2770 in
757 2742 815 2770 illa
845 2743 993 2770 contione
1024 2751 1053 2770 v.

262 2788 326 2818 107
354 2789 437 2817 dicat
458 2784 560 2815 hodie
584 2791 658 2815 etv.
682 2785 742 2815 145
764 2788 815 2816 hic
835 2788 902 2816 dies
917 2788 1055 2825 finiatur,

262 2838 327 2865 iam
350 2843 408 2863 nec
432 2833 522 2861 lovis
549 2834 708 2869 oratione,
731 2841 789 2862 nec
812 2834 898 2861 omni
926 2835 1054 2862 deorum

262 2881 398 2911 concilio
423 2879 598 2914 quidquam
628 2879 673 2914 fit;
710 2883 740 2907 et
772 2883 865 2913 poeta
892 2887 990 2913 quum
1015 2887 1054 2907 ne

263 2928 409 2963 singulos
437 2925 565 2959 quidem
604 2925 679 2953 deos
713 2924 828 2953 inferat
859 2925 924 2953 nisi
960 2925 1055 2961 gravi

263 2973 374 3005 aliqua
412 2972 450 2999 de
475 2977 611 3005 caussa,
647 2978 758 2999 omnes
788 2972 848 2999 hoc
881 2972 950 3000 loco
984 2971 1055 2999 sine

263 3018 332 3046 ulla
357 3023 477 3046 caussa
507 3017 631 3044 videtur
657 3023 865 3045 convocasse.
921 3016 1054 3046 Accedit

1099 1327 1203 1353 altera
1229 1332 1366 1361 caussa,
1398 1327 1480 1360 quod
1513 1330 1541 1355 et
1573 1326 1655 1354 libro
1685 1323 1722 1354 11
1750 1327 1825 1354 etl.
1856 1323 1895 1354 12

1099 1378 1220 1399 novum
1251 1371 1324 1407 Vgl.
1352 1372 1435 1400 diem
1462 1372 1592 1401 orditur.
1643 1373 1681 1400 Et
1703 1372 1734 1400 si
1761 1370 1896 1400 Interea

1099 1418 1136 1445 de
1173 1417 1223 1444 die
1261 1422 1412 1451 sequente
1448 1418 1565 1446 dicitur
1606 1414 1664 1453 11,
1703 1416 1749 1454 1.,
1792 1425 1898 1446 nonne

1099 1463 1195 1490 etiam
1218 1459 1291 1499 ⁷10,
1325 1462 1348 1491 Ι.
1383 1468 1483 1498 potest
1514 1464 1560 1492 ita
1582 1464 1666 1493 dici?
1714 1465 1826 1498 Itaque
1852 1463 1898 1492 ita

1099 1508 1275 1543 Virgilium
1291 1517 1342 1536 res
1365 1510 1501 1537 arbitror
1517 1509 1739 1543 disposuisse:
1765 1510 1895 1537 Turnus

1100 1554 1232 1581 Aeneae
1276 1554 1364 1582 abitu
1415 1555 1524 1582 audito
1575 1560 1681 1583 castra
1725 1558 1897 1590 oppugnat,

1101 1606 1203 1627 naves
1230 1599 1451 1635 abripiuntur,
1490 1604 1581 1628 nocte
1609 1604 1761 1635 sequente
1797 1600 1898 1628 Nisus

1100 1648 1129 1672 et
1153 1646 1318 1680 Euryalus
1344 1649 1473 1679 pereunt
1500 1644 1529 1681 9,
1568 1644 1578 1673 l
1600 1660 1638 1665 -
1659 1644 1733 1674 489.
1783 1646 1896 1674 Altero

1101 1690 1152 1718 die
1186 1690 1314 1718 Turnus
1353 1695 1461 1720 castra
1499 1692 1625 1720 invadit
1664 1695 1693 1721 et
1724 1692 1896 1720 incolumis

1101 1736 1211 1764 evadit
1245 1734 1275 1771 9,
1301 1734 1364 1763 459
1393 1744 1440 1771 sq.
1489 1737 1594 1765 Tertio
1624 1738 1661 1766 de
1688 1737 1804 1766 iterum
1839 1746 1897 1772 op-

1101 1785 1244 1817 pugnant
1272 1782 1384 1809 Rutuli
1416 1788 1542 1817 castra;
1575 1784 1705 1811 deorum
1729 1787 1779 1811 est
1817 1791 1894 1812 con-

1102 1827 1229 1861 ciliu1n;
1269 1828 1400 1856 advenit
1424 1829 1556 1856 Aeneas
1581 1833 1612 1857 et
1636 1829 1742 1857 fundit
1763 1829 1899 1857 Latinos

1107 1871 1156 1900 10.
1207 1873 1326 1901 Contra
1368 1874 1398 1901 si
1439 1875 1460 1902 l.
1504 1873 1551 1902 10.
1590 1882 1708 1903 versus
1742 1872 1898 1902 1-145

1102 1926 1201 1946 unum
1229 1919 1313 1947 diem
1336 1920 1494 1947 sumimus
1528 1920 1705 1957 complecti,
1738 1920 1773 1948 in
1804 1921 1899 1957 bello,

1103 1965 1185 1998 quod
1226 1965 1383 1994 acerrime
1427 1965 1565 2002 geritur,
1609 1974 1665 2001 per
1703 1974 1776 1995 eum
1815 1966 1901 1994 diem

1105 2010 1187 2038 nihil
1212 2009 1276 2039 fere
1301 2011 1341 2039 fit.
1399 2012 1511 2045 Itaque
1545 2011 1574 2040 is
1603 2013 1677 2040 ordo
1702 2019 1809 2040 rerum
1833 2015 1899 2047 θεῖς

1104 2056 1212 2084 Primo
1245 2063 1340 2085 mane
1360 2057 1430 2085 eius
1452 2057 1531 2093 diei,
1566 2057 1622 2091 qui
1646 2061 1717 2092 post
1741 2057 1842 2086 Turni
1867 2057 1901 2086 in

1105 2102 1222 2130 castris
1269 2110 1410 2138 pugnam
1448 2103 1608 2140 sequitur,
1646 2103 1818 2132 concilium
1851 2106 1901 2130 est

1105 2148 1251 2184 deorum,
1302 2148 1415 2176 deinde
1465 2149 1580 2176 Rutuli
1633 2148 1746 2177 iterum
1792 2152 1900 2177 castra

1105 2193 1343 2229 aggrediuntur.
1399 2195 1468 2222 Iam
1507 2202 1563 2228 per
1595 2202 1627 2222 v.
1668 2192 1729 2222 147
1765 2194 1900 2223 reditum

1105 2239 1169 2267 sibi
1192 2240 1265 2275 Vgl.
1291 2242 1384 2274 parat
1410 2241 1450 2267 ad
1477 2240 1640 2276 Aeneam,
1672 2240 1727 2274 qui
1753 2239 1900 2269 Etruscis

1105 2285 1268 2313 adiunctis
1304 2289 1394 2314 nocte
1420 2286 1460 2314 ad
1493 2289 1602 2314 castra
1628 2293 1690 2314 sua
1714 2286 1898 2314 revertitur.

1108 2328 1170 2358 147
1189 2346 1227 2350 —
1246 2328 1320 2359 163.
1378 2331 1425 2359 Ibi
1462 2331 1564 2368 addit,
1596 2331 1652 2365 qui
1688 2331 1817 2360 Etrusci
1847 2338 1899 2360 se-

1103 2381 1243 2411 quantur
1280 2374 1341 2404 1623
1366 2391 1403 2395 —
1432 2374 1507 2405 214.
1565 2377 1658 2405 Redit
1688 2378 1729 2406 ad
1765 2377 1899 2405 eandem

1102 2426 1227 2451 noctem
1280 2422 1327 2450 ita
1375 2423 1502 2451 locutus
1556 2420 1692 2457 Iamque
1739 2423 1808 2451 dies
1846 2421 1901 2457 (ut

1102 2475 1202 2502 supra
1239 2468 1328 2503 dixi)
1370 2469 1584 2497 concesserat
1621 2469 1791 2503 mediaque
1835 2475 1901 2496 nox

1101 2518 1180 2550 erat,
1206 2521 1303 2547 quum
1328 2516 1490 2548 nymphae
1513 2514 1542 2542 ei
1565 2517 1728 2543 occurunt.
1777 2514 1899 2542 Deinde

1102 2562 1234 2587 noctem
1266 2557 1424 2598 fugarat
1455 2562 1597 2587 matura
1624 2556 1695 2588 iam
1725 2556 1801 2587 luce
1827 2556 1900 2587 dies

1103 2602 1185 2641 256,
1216 2604 1272 2639 qui
1295 2605 1377 2632 idem
1403 2609 1461 2641 est,
1484 2613 1545 2639 quo
1570 2605 1743 2634 concilium
1766 2606 1899 2633 habetur

1102 2654 1131 2678 et
1162 2654 1271 2678 castra
1298 2654 1533 2686 oppugnantur.
1589 2652 1708 2679 Eadem
1742 2653 1792 2679 est
1823 2656 1899 2677 sen-

1101 2696 1200 2724 tentia
1238 2693 1326 2735 ng
1357 2700 1386 2724 et
1420 2693 1496 2724 Ldi.
1552 2697 1609 2725 Tot
1633 2698 1734 2725 verba
1759 2694 1897 2731 profudi,

1102 2745 1134 2769 ut
1158 2749 1178 2770 a
1205 2742 1366 2770 sententia
1396 2749 1458 2770 sua
1482 2743 1674 2771 abducerem
1701 2740 1897 2769 Hanovium.

1100 2789 1134 2815 Is
1156 2788 1242 2816 enim
1256 2788 1365 2823 Progr.
1381 2787 1603 2816 Scheidemiihl
1624 2785 1676 2815 69.
1700 2794 1784 2823 „non
1801 2793 1898 2820 posse

1099 2833 1175 2869 fingi
1210 2833 1382 2867 quidquam
1424 2830 1619 2862 absurdius“
1656 2834 1764 2860 censet
1801 2839 1898 2865 quam

1100 2880 1182 2912 quod
1206 2886 1263 2914 ego
1289 2879 1446 2907 finxerim.
1476 2878 1612 2907 Scilicet
1641 2884 1705 2905 non
1733 2877 1897 2906 intellexit

1099 2924 1157 2953 ille
1201 2925 1328 2958 quidem
1371 2924 1562 2953 sententiam
1610 2928 1714 2951 meam
1761 2929 1897 2958 eamque

1100 2970 1263 3004 pervertit.
1312 2970 1415 2998 Sumit
1446 2970 1531 2998 enim
1561 2976 1592 2996 v.
1619 2964 1684 2995 118
1702 2964 1822 2996 -145
1847 2976 1898 2997 re-

1100 3015 1182 3045 ferre
1205 3023 1255 3045 me
1275 3016 1316 3044 ad
1338 3016 1421 3044 diem
1445 3013 1584 3044 concilio
1599 3014 1729 3043 deorum
1745 3013 1897 3049 priorem.
