2044 3329
842 611 1423 690 PRAEFATIO

769 776 1112 819 EDITIONIS
1159 778 1516 821 SECUNDAE.

439 1083 552 1124 llaec
583 1083 712 1125 editio
743 1098 769 1125 a
808 1085 950 1139 priore
983 1085 1026 1126 in
1064 1085 1147 1126 hoc
1184 1100 1266 1127 uno
1299 1085 1461 1137 differt,
1508 1084 1624 1138 quod
1661 1085 1944 1137 interpretum

325 1152 495 1194 nomina
537 1153 661 1193 simul
699 1167 793 1194 cum
839 1167 985 1194 eorum
1028 1154 1248 1195 sententiis
1297 1153 1435 1195 attuli.
1493 1154 1582 1195 Nec
1622 1157 1765 1194 tamen
1804 1151 1945 1205 longis

323 1222 584 1274 argumentis
616 1236 761 1263 eorum
790 1221 905 1263 dicta
933 1226 1008 1263 aut
1037 1221 1152 1263 facta
1175 1221 1355 1276 probavi
1386 1225 1460 1263 aut
1487 1221 1706 1275 redargui,
1747 1219 1821 1262 sed
1849 1219 1944 1261 bre-

324 1290 492 1331 vissime
518 1290 699 1331 indicavi
743 1290 795 1331 de
830 1290 882 1331 iis
925 1289 1030 1343 quid
1059 1290 1151 1343 ipse
1180 1290 1434 1341 iudicarem3
1493 1304 1544 1331 ac
1572 1289 1818 1343 saepissime
1847 1302 1944 1329 mea

323 1359 494 1413 prolata
523 1359 704 1399 aliorum
734 1358 882 1399 addidi
910 1358 1154 1408 sententias,
1183 1372 1292 1412 quae
1314 1363 1390 1400 aut
1418 1359 1555 1412 specie
1583 1358 1728 1412 aliqua
1751 1357 1943 1398 veritatis

324 1431 400 1468 aut
439 1427 696 1468 auctoritate
734 1427 823 1468 eius
859 1427 932 1479 qui
960 1427 1180 1468 invenerat
1212 1426 1635 1478 commendabantur,
1674 1439 1750 1467 neo
1784 1425 1944 1467 diserte

322 1496 467 1537 monui
495 1509 646 1536 easme
672 1509 756 1536 non
783 1494 988 1548 probare3
1020 1509 1147 1549 saepe
1177 1495 1299 1537 omisi
1320 1496 1449 1536 etiam
1474 1508 1648 1536 caussas
1671 1493 1943 1548 improbandi

324 1579 430 1618 quas
461 1577 538 1615 ego
570 1563 770 1604 haberem
796 1562 968 1615 afferre,
1015 1563 1187 1617 quando
1218 1564 1426 1618 putabam
1458 1563 1565 1605 alios
1589 1576 1716 1617 posse
1740 1561 1941 1616 reperire.

323 1634 381 1675 Ut
407 1633 450 1673 in
480 1632 546 1673 his
576 1631 774 1673 brevitati
803 1631 969 1683 studui,
1017 1633 1077 1674 sic
1116 1632 1243 1673 etiam
1273 1632 1388 1687 quod
1414 1632 1588 1673 nomina
1617 1631 1788 1685 saepius
1817 1630 1944 1672 obvia

323 1701 442 1755 siglis
472 1699 676 1741 indicavi:
731 1701 799 1741 Bk.
827 1700 981 1754 Bergk.
1023 1701 1094 1741 Br.
1123 1701 1351 1742 Burmann.
1407 1701 1476 1742 Fd.
1505 1699 1819 1752 Freudenberg.
1877 1699 1942 1739 Fb.

322 1772 354 1813 F
358 1770 539 1823 orbiger.
573 1769 633 1809 Gt.
664 1782 744 1809 van
778 1767 899 1809 Gent.
937 1768 1006 1809 Gr.
1039 1768 1224 1823 Gruppe.
1268 1769 1347 1810 Hn.
1375 1769 1532 1823 Heyne.
1570 1769 1640 1809 Hr.
1668 1768 1823 1822 Henry.
1860 1767 1940 1823 Hp.

324 1839 482 1891 Haupt.
551 1837 618 1877 Hs.
676 1836 885 1878 Heinsius.
947 1837 1011 1891 Hs.
1069 1836 1311 1878 Hoffmann.
1383 1838 1478 1878 Hele.
1517 1836 1826 1878 Hackermann.
1878 1836 1942 1877 le.

321 1907 446 1948 Jahn.
485 1905 543 1946 ΚΙ.
566 1904 765 1945 Kloucek.
803 1905 893 1945 Lch.
911 1904 1166 1946 Lachmann.
1208 1905 1277 1945 Ld.
1297 1905 1505 1958 Ladewig.
1537 1906 1614 1947 Mv.
1639 1904 1822 1957 Madvig.
1851 1904 1941 1945 LM.

321 1975 480 2016 Lucian
506 1973 668 2014 Miiller.
725 1973 801 2013 Mle.
831 1972 1070 2014 Markland.
1123 1973 1214 2015 Nclc.
1248 1973 1410 2014 Nauck.
1469 1974 1521 2013 Pl.
1547 1973 1809 2026 Peerlkamp.
1867 1972 1940 2014 Rb.

321 2042 522 2085 Ribbeck.
569 2042 632 2083 Sb.
663 2041 851 2083 Siebelis.
899 2040 964 2082 sle.
1000 2040 1133 2082 Skerl.
1183 2042 1268 2097 Sps.
1300 2041 1668 2096 Schimmelpfeng.
1701 2040 1756 2082 Sl.
1787 2038 1939 2094 Siipfle.

320 2112 432 2153 Schr.
453 2109 674 2152 Schrader.
717 2108 942 2150 lel.Thiel.
981 2109 1045 2149 Tb.
1071 2109 1331 2151 Taubmann.
1379 2109 1575 2167 Vs.,V0ss.
1621 2109 1701 2151 Wd.
1724 2106 1937 2150 Weidner.

333 2181 408 2235 W9.
438 2179 635 2232 Wagner.
702 2178 780 2219 ch.
810 2176 1056 2218 Wakefield.

434 2259 552 2300 Inter
597 2258 854 2300 recentiores
901 2256 1082 2298 maxime
1126 2256 1328 2299 inclaruit
1371 2256 1586 2298 industria
1621 2257 1667 2299 O.
1703 2255 1938 2298 Ribbeokii.

319 2328 476 2380 Magno
515 2327 552 2367 is
582 2325 727 2368 studio
762 2325 896 2367 libros
933 2324 1033 2367 Mss.
1069 2325 1271 2376 eontulit,
1323 2338 1467 2366 eorum
1504 2324 1631 2367 fidem
1669 2323 1938 2374 examinavit,

318 2397 575 2450 interpretes
604 2395 805 2448 antiquos
831 2397 875 2435 et
901 2406 1034 2435 novos
1060 2394 1285 2445 consuluit,
1311 2396 1560 2447 textumque
1591 2393 1736 2435 multis
1762 2392 1806 2433 in
1831 2391 1938 2433 locis

319 2479 473 2505 novum
520 2463 760 2514 constituit,
814 2462 1024 2503 rationem
1078 2475 1200 2503 suam
1244 2461 1287 2503 in
1325 2461 1640 2515 Prolegomenis
1681 2459 1936 2515 explanavit.

320 2531 402 2573 Sed
418 2546 546 2584 quum
572 2535 738 2573 textum
757 2531 876 2585 prius
898 2529 1112 2581 edidisset,
1138 2544 1267 2584 quam
1293 2530 1610 2583 Prolegomena,
1640 2529 1685 2570 in
1711 2529 1778 2571 his
1802 2529 1934 2571 aliam

319 2614 620 2652 nonnunquam
655 2600 847 2654 sequitur
877 2599 1152 2651 scripturam,
1197 2612 1325 2653 quam
1356 2611 1465 2652 quae
1498 2597 1542 2639 in
1581 2601 1703 2639 textu
1741 2600 1934 2652 apparet,

319 2681 369 2708 ac
405 2671 555 2720 postea
592 2669 634 2709 in
665 2668 851 2710 editione
885 2667 1048 2708 minore
1086 2680 1136 2708 ea
1168 2666 1306 2719 dedit,
1365 2679 1474 2719 quae
1514 2665 1708 2708 confecto
1743 2664 1857 2708 omni
1890 2664 1935 2705 in

318 2736 503 2778 Aeneide
535 2750 665 2789 opera
689 2736 803 2790 apud
827 2749 871 2778 se
900 2735 1181 2777 constituerat
1205 2749 1296 2777 esse
1319 2733 1510 2787 legenda.
1569 2735 1716 2789 Neque
1742 2734 1785 2775 in
1805 2732 1935 2786 longa

318 2819 527 2846 annorum
557 2805 662 2845 serie
691 2805 845 2845 mirum
874 2807 948 2855 est,
978 2803 1014 2845 si
1042 2803 1136 2856 quis
1168 2803 1271 2858 quid
1298 2802 1367 2844 hic
1395 2802 1484 2843 illic
1505 2803 1698 2844 mutavit.
1756 2800 1931 2842 Talibus

317 2874 449 2927 igitur
478 2873 522 2914 in
550 2872 654 2913 loeis
684 2872 935 2923 memoravi,
976 2886 1086 2925 quae
1114 2872 1343 2914 novissima
1380 2870 1578 2923 dederat,
1617 2873 1692 2912 aut
1720 2869 1766 2911 in
1788 2868 1932 2911 Prole-

318 2941 519 2993 gomenis,
546 2944 623 2981 aut
648 2941 691 2980 in
721 2940 905 2982 editione
935 2940 1109 2991 minore,
1138 2954 1190 2981 ne
1218 2940 1417 2981 iniuriam
1452 2939 1635 2981 facerem
1664 2936 1767 2990 ipsi,
1805 2940 1850 2979 et
1883 2939 1934 2977 ut

317 3011 347 3051 ii
371 3010 443 3063 qui
472 3009 661 3062 legerent
685 3022 794 3060 mea,
832 3023 976 3051 veram
1000 3008 1209 3050 baberent
1241 3007 1463 3050 Ribbeckii
1500 3007 1770 3061 scripturam.
1829 3004 1932 3046 Eius
