2023 3350
266 169 320 208 84

265 279 470 320 Excutior
507 291 670 328 30111110,
719 279 760 318 et
802 277 954 318 summi
992 277 1166 333 fastigia
1202 280 1307 322 tecti

266 336 484 377 Adscensu
522 347 674 388 supero
713 337 843 386 atque
876 335 1056 376 arrectis
1093 336 1268 378 auribus
1306 336 1452 389 adst03

264 395 312 435 In
347 395 533 445 segetem
572 390 702 432 veluti
736 404 867 444 quum
901 390 1092 445 flamma,
1136 392 1374 436 furentibus
1412 395 1594 448 Austris,

263 449 438 501 Incidit,
486 452 559 490 aut
594 446 770 501 rapidus
801 452 1005 491 montano
1045 450 1217 492 flumine
1250 455 1418 494 torrens

266 507 426 548 Sternit
464 519 611 559 agros,
653 505 805 547 sternit
843 509 938 547 sata
975 506 1093 549 laeta
1133 508 1344 562 boumque
1382 509 1566 562 labores,

264 563 608 616 Praecipitesque
644 562 781 604 trahit
820 563 969 616 silvas,
1015 568 1159 619 stupet
1192 566 1350 608 inscius
1391 568 1479 609 alto

261 621 482 674 Accipiens
518 619 704 660 sonitum
740 621 832 661 saxi
873 620 926 662 de
957 623 1114 664 vertice
1146 627 1306 677 pastor.

262 679 367 719 Tum
404 690 503 718 vero
542 676 770 719 manifesta
797 677 922 730 fides,
964 680 1244 734 Danaumque
1280 683 1505 734 patescunt

261 734 458 776 Insidiae.
515 733 608 775 Iam
646 734 858 789 Deiphobi
892 735 1010 778 dedit
1047 738 1189 792 ampla
1226 739 1393 779 ruinam

259 792 449 834 Volcano
486 796 715 845 superante
748 792 922 846 domus,
966 795 1051 836 iam
1088 795 1306 849 proximus
1340 794 1464 837 ardet

258 849 496 903 Ucalegon,
541 849 666 903 Sigea
699 850 787 904 igni
823 850 935 893 freta
972 852 1062 894 lata
1094 853 1304 905 relucent,

258 906 465 949 Exoritur
502 907 749 961 clamorque
788 909 926 950 virum
961 910 1223 964 clangorque
1254 909 1467 952 tubarum.

258 965 390 1006 Arma
420 978 564 1006 amens
602 966 744 1019 capio3
793 980 870 1009 nec
905 971 973 1009 sat
1009 969 1190 1010 rationis
1226 968 1270 1009 in
1305 967 1447 1018 armis,

259 1022 343 1064 Sed
377 1021 615 1076 glomerare
651 1037 823 1065 manum
858 1024 971 1066 bello
1009 1029 1052 1067 et
1089 1039 1340 1068 concurrere
1377 1025 1422 1066 in
1455 1037 1602 1066 arcem

951 1083 1091 1125 Furor
1125 1084 1277 1137 iraque
1312 1085 1496 1124 mentem

257 1137 565 1190 Praecipitant,
603 1138 912 1193 pulchrumque
945 1142 1055 1183 mori
1085 1141 1296 1183 succurrit
1329 1141 1371 1181 in
1411 1139 1552 1181 armis.

372 1194 482 1236 Ecce
517 1198 661 1237 autem
695 1197 793 1239 telis
830 1198 1019 1240 Panthus
1055 1199 1224 1253 elapsus
1261 1198 1477 1250 Achivom,

257 1251 446 1293 Panthus
478 1251 734 1307 Othryades,
778 1255 889 1297 arcis
921 1256 1166 1310 Phoebique
1204 1255 1415 1307 sacerdos,

258 1308 390 1351 Sacra
425 1324 553 1351 manu
584 1312 802 1366 victosque
840 1313 944 1356 deos
979 1328 1242 1368 parvumque
1282 1317 1480 1368 nepotem

261 1079 366 1121 Cum
398 1079 523 1121 sociis
559 1079 713 1122 ardent
751 1082 893 1124 animi.

257 1469 390 1502 videbis
415 1474 453 1503 cf.
478 1475 551 1503 Hor.
581 1476 614 1504 C.
646 1472 673 1513 1,
701 1473 751 1513 14,
777 1475 795 1505 3
823 1485 926 1506 11011116
952 1475 1050 1507 vides

259 1522 290 1547 ut
316 1523 484 1548 antemnae
508 1523 665 1560 gemunt.

303 1562 377 1592 302.
405 1573 573 1594 summum
597 1569 721 1595 tectum
745 1567 783 1596 cf.
812 1565 842 1603 7,
869 1565 922 1596 61.

303 1608 378 1638 303.
407 1609 558 1640 Ascensu
591 1620 714 1651 supero
753 1617 786 1641 ut
825 1611 855 1648 6,
884 1612 948 1641 676
990 1611 1050 1642 hoc

257 1657 420 1694 superate
446 1653 570 1696 iugum
603 1658 623 1686 i.
650 1666 675 1686 e.
702 1659 874 1687 ascendite.
914 1675 950 1679 —
993 1667 1050 1688 ar-

257 1698 359 1730 rectis
382 1699 526 1730 auribus
560 1702 598 1731 cf.
626 1701 654 1738 1,
680 1701 753 1732 152.
802 1705 919 1741 Iunge:
959 1706 1049 1733 adsto

256 1753 319 1774 arr.
350 1753 418 1775 aur.
450 1749 539 1777 velut
570 1753 675 1784 stupet
707 1753 832 1786 pastor,
869 1758 964 1784 quum
991 1772 998 1779 .
1016 1773 1045 1779 ..

256 1792 298 1820 Ut
323 1794 382 1821 hoc
412 1794 479 1822 loco
511 1798 728 1828 comparatum
750 1802 812 1823 non
837 1797 987 1831 repetitur
1014 1797 1047 1825 in

256 1839 494 1872 comparatione
518 1848 549 1868 v.
577 1837 639 1868 626
665 1844 694 1868 61
718 1838 748 1875 7,
770 1837 846 1869 717.
887 1840 917 1879 9,
937 1839 1012 1870 339.

301 1881 376 1911 306,
403 1886 482 1913 sata
509 1881 622 1914 laeta.-
658 1886 695 1914 cf.
723 1888 757 1915 G.
781 1884 807 1923 t,
830 1883 843 1914 1
876 1884 968 1925 Quid
987 1886 1046 1925 fa-

256 1925 325 1956 ciat
361 1926 474 1958 laetas
504 1933 663 1971 segetes.-
705 1928 872 1961 lachende
904 1929 1045 1962 Fluren.

255 1974 358 2002 Usum
389 1975 513 2004 dicendi
542 1977 683 2011 explicat
712 1978 777 2006 Cic.
799 1979 837 2006 de
858 1986 901 2006 or.
936 1976 966 2015 3,
994 1976 1045 2013 38,

256 2016 330 2048 155.
370 2021 440 2055 qui:
490 2023 616 2057 „laetas
648 2027 772 2059 segetes
805 2024 902 2052 etiam
933 2024 1046 2053 rustici

254 2064 394 2093 111611111.“
427 2082 463 2086 -
499 2066 599 2096 boum
627 2064 780 2097 labores:
806 2069 845 2098 cf.
870 2070 961 2098 Hom.
990 2071 1044 2098 Od.

256 2108 309 2146 10,
327 2108 368 2138 98
393 2104 480 2150 ἔργα
504 2107 612 2152 βοῶ-ν.
636 2129 672 2133 —
700 2115 836 2143 Torrens
858 2115 1046 2145 describitur

255 2156 350 2184 etiam
374 2153 449 2184 496.
482 2159 516 2186 G.
544 2155 571 2196 1,
594 2157 668 2188 325.
699 2175 736 2179 ——
768 2161 815 2189 De
844 2169 923 2190 voce
949 2158 1046 2190 labor

257 2201 295 2230 cf.
328 2199 358 2236 7,
381 2199 456 2230 248.

299 2244 374 2275 307.
402 2244 536 2276 Inscius
559 2253 618 2286 est,
643 2250 696 2284 11111
717 2257 869 2279 caussam
891 2253 1045 2281 tumultus

253 2293 391 2321 nondum
420 2293 577 2330 intelligit.
626 2296 663 2323 111
694 2304 794 2331 eoque
825 2298 930 2326 omnis
960 2298 1042 2326 inest

253 2339 456 2372 comparatio.
490 2340 529 2368 Ut
554 2344 663 2375 pastor
684 2341 759 2377 igne
782 2346 929 2372 vastatos
947 2350 1042 2379 agros

252 2384 453 2418 conspiciens
493 2387 632 2415 nondum
669 2389 741 2415 vult
776 2389 919 2424 credere,
961 2390 1042 2423 quod

254 2429 350 2465 videt,
378 2430 426 2459 sic
449 2431 579 2460 Aeneas
603 2432 768 2461 incensam
794 2436 902 2462 urbem
927 2435 1041 2463 videns

254 2475 353 2508 primo
378 2480 491 2512 stupet,
517 2485 591 2506 mox
611 2477 641 2505 ei
665 2482 832 2512 patescunt
857 2479 1004 2508 insidiae.

297 2518 370 2548 308.
398 2519 584 2561 accipiens,
612 2523 764 2560 audiens,
786 2527 819 2552 ut
843 2522 895 2552 65.
924 2540 961 2544 -
991 2525 1042 2552 Si-

253 2565 338 2593 milis
363 2568 556 2602 comparatio
582 2569 672 2597 Hom.
692 2570 729 2596 11.
755 2567 786 2606 2,
811 2566 885 2598 455.
915 2568 944 2606 4,
965 2567 1040 2598 452.

254 2607 307 2646 11,
329 2607 400 2640 155.
427 2613 519 2642 Lucr.
546 2611 576 2650 1,
601 2611 676 2643 282,
704 2615 777 2643 Hor.
805 2615 838 2643 C.
867 2613 897 2650 3,
916 2613 968 2653 29,
987 2613 1040 2643 38.

253 2652 283 2689 4.
310 2653 339 2691 2,
365 2654 394 2685 8.
428 2673 464 2677 ——
500 2660 534 2687 G.
563 2657 593 2696 2,
615 2657 689 2688 304.
730 2660 771 2688 A.
802 2657 852 2697 10,
873 2658 947 2689 405.
987 2658 1040 2697 12,

254 2697 329 2728 523.

298 2743 371 2773 309.
399 2745 586 2786 manifesta
622 2746 731 2787 fides,
784 2750 872 2778 urbis
918 2754 1039 2785 captae.

254 2791 301 2817 lta
328 2797 377 2824 311.
402 2792 475 2821 Liv.
500 2792 529 2829 6,
556 2793 606 2831 13,
661 2792 715 2823 Da
742 2803 831 2823 wars
854 2792 942 2825 klar.

300 2833 373 2863 310.
404 2833 615 2878 Deiphobus,
662 2841 783 2870 Priami
824 2841 927 2878 filius,
970 2846 1039 2876 post

252 2881 381 2908 Paridis
404 2887 534 2912 mortem
554 2887 696 2915 Helenae
717 2886 862 2924 maritus,
885 2889 1038 2921 quomodo

252 2932 291 2953 ea
323 2930 413 2955 nocte
440 2929 582 2967 perierit,
622 2932 692 2967 ipse
721 2937 831 2960 narrat
861 2930 891 2969 6,
913 2930 976 2960 493
998 2949 1034 2952 -

253 2969 327 2999 530.
376 2973 456 3000 Eum
486 2975 610 3013 hostes,
650 2978 780 3007 Graecis
806 2978 964 3012 imprimis
988 2979 1037 3006 in-

251 3017 378 3053 visum,
408 3018 543 3051 primum
569 3022 732 3055 petierunt.
765 3038 803 3042 —
845 3020 940 3052 dedit
964 3021 1036 3053 rui-

250 3070 329 3090 nam
356 3062 393 3091 cf.
422 3060 495 3092 698.
527 3080 562 3084 —
599 3064 749 3098 Volcano
774 3068 812 3098 cf.
839 3065 868 3106 1,
893 3066 965 3097 171.

829 166 864 197 Ρ.
889 165 1086 198 VIRGILII
1111 167 1321 200 MARONIS

1809 1312 1890 1351 320

1143 1476 1218 1507 312.
1252 1475 1449 1518 Ucalegon,
1487 1485 1602 1514 „quem
1625 1475 1800 1505 secundum
1825 1476 1891 1503 Ho-

1096 1533 1218 1554 merum
1251 1524 1309 1559 (11.
1337 1522 1367 1559 3,
1397 1521 1481 1559 148]
1514 1523 1549 1551 111
1581 1522 1728 1552 consiliis
1753 1524 1784 1550 ct
1807 1520 1891 1550 ami-

1096 1571 1173 1599 citia
1204 1574 1327 1600 constat
1350 1569 1472 1598 Priami
1503 1566 1628 1597 suisse“
1659 1569 1690 1596 S.
1738 1566 1890 1595 Hominis

1096 1620 1202 1645 autem
1226 1624 1338 1644 nomen
1364 1620 1411 1643 est
1434 1623 1490 1649 pro
1513 1616 1615 1651 domo,
1640 1620 1736 1648 quam
1759 1611 1888 1640 inhabi-

1096 1665 1150 1689 tat.
1188 1676 1225 1680 —
1266 1658 1372 1690 Freta
1405 1657 1480 1689 lata
1507 1657 1681 1688 relucent.-
1724 1657 1890 1695 „Incendii

1098 1706 1350 1743 magnitudinem
1373 1706 1477 1735 voluit
1501 1702 1714 1741 significare.“
1734 1706 1765 1732 S.

1140 1761 1216 1791 313.
1242 1764 1405 1792 'I'uharum
1436 1763 1470 1791 in
1508 1764 1591 1791 bello
1631 1769 1713 1791 usus
1747 1761 1887 1790 nondum

1093 1810 1178 1844 3111111
1203 1809 1385 1838 Homerum.
1433 1808 1478 1838 Cf.
1507 1807 1539 1845 5,
1565 1805 1639 1836 113.

1139 1864 1216 1894 314.
1243 1873 1362 1894 amens
1393 1865 1468 1901 „qui
1501 1873 1558 1894 nec
1589 1865 1724 1894 somniis
1757 1865 1887 1902 credidi,

1093 1920 1151 1941 nec
1175 1914 1270 1940 rebus
1294 1908 1456 1946 aspectis*
1478 1912 1509 1939 S.
1538 1925 1575 1929 —-
1604 1907 1673 1939 Nec
1698 1912 1752 1940 sat
1777 1915 1888 1940 ratw-

1093 1955 1167 1992 m's,
1205 1965 1307 1992 neque
1338 1957 1412 1991 quid
1442 1963 1533 1985 arma
1556 1956 1723 1991 profutura
1746 1957 1812 1986 sint
1836 1957 1887 1986 111-

1093 2003 1211 2039 telligo.
1254 2003 1300 2032 Cf.
1332 2000 1390 2037 12,
1416 1999 1492 2030 742.
1541 2003 1650 2031 Habes
1683 2003 1792 2032 virum
1821 2003 1886 2032 for-

1092 2053 1154 2077 tem
1179 2048 1364 2083 patriaeque
1388 2052 1565 2084 amantem,
1595 2047 1651 2082 qui
1675 2048 1805 2078 vincere
1829 2057 1886 2078 cu-

1092 2095 1138 2129 pit
1167 2098 1221 2123 aut
1251 2094 1348 2129 mori,
1391 2102 1493 2128 neque
1531 2094 1724 2123 certissimis
1756 2095 1886 2124 deorum

1095 2140 1198 2176 signis
1223 2140 1386 2169 deducitur
1409 2146 1430 2168 a
1452 2146 1515 2168 sua
1535 2139 1668 2168 ratione.

1138 2194 1214 2225 316.
1241 2194 1351 2225 animi
1382 2196 1421 2225 cf.
1450 2204 1482 2225 v.
1509 2193 1584 2225 386.
1632 2197 1783 2225 Furorem
1809 2198 1887 2227 dicit

1091 2246 1121 2271 et
1144 2243 1331 2278 amentiam,
1366 2243 1448 2277 quod
1472 2241 1601 2270 Troiam
1625 2242 1780 2280 defendit,
1806 2251 1882 2273 nam

1090 2288 1233 2326 „frustra
1257 2289 1317 2316 niti
1339 2292 1500 2317 extremae
1526 2287 1704 2317 dementiae
1727 2287 1810 2318 est.“

1136 2342 1210 2374 317.
1243 2341 1421 2373 Succurrit
1445 2352 1471 2372 c.
1498 2343 1654 2373 infinitivo
1678 2350 1711 2375 ut
1736 2353 1787 2382 ap.
1815 2347 1882 2377 Cic.

1088 2391 1189 2419 filium
1219 2390 1327 2425 (Fam.
1355 2386 1414 2425 16,
1438 2386 1501 2424 21)
1534 2386 1628 2418 Illud
1658 2390 1764 2421 etiam
1798 2389 1883 2423 mihi

1089 2432 1325 2472 succurrebat,
1362 2442 1476 2476 grave
1503 2442 1574 2463 esse
1607 2443 1660 2465 me
1684 2435 1726 2466 de
1749 2434 1883 2469 iudicio

1085 2478 1200 2520 patris
1236 2478 1403 2510 iudicare.
1458 2479 1504 2509 Cf.
1540 2481 1612 2510 Liv.
1657 2480 1778 2521 6,12.
1832 2486 1882 2514 Ita

1088 2523 1203 2555 subire
1229 2533 1279 2561 311.
1308 2527 1393 2555 Curt.
1419 2524 1457 2561 8,
1480 2523 1515 2563 2,
1541 2525 1560 2554 6
1594 2524 1694 2557 Subit
1719 2527 1882 2559 anniver-

1089 2569 1219 2600 sarium
1256 2569 1464 2611 sacrificium
1510 2568 1630 2601 Libero
1670 2572 1769 2614 patri
1812 2584 1881 2605 non

1089 2625 1160 2646 esse
1188 2614 1361 2646 redditum
1389 2620 1520 2647 statuto
1550 2619 1709 2659 tempore.
1738 2620 1785 2649 Cf.
1803 2620 1878 2651 560.

1089 2687 1307 2726 318—335.
1355 2693 1510 2726 Panthus
1541 2694 1697 2728 Aeneam
1735 2697 1793 2738 qui
1833 2699 1879 2731 sit

1289 2738 1387 2771 urbis
1419 2745 1531 2772 status
1563 2740 1675 2773 docet.

1134 2796 1207 2827 319.
1235 2797 1326 2828 arcis
1356 2797 1546 2840 Phoebique
1570 2798 1749 2836 sacerdos‚·
1779 2803 1824 2832 ita
1847 2802 1878 2841 7,

1087 2840 1151 2871 419
1199 2841 1340 2874 Iunonis
1381 2843 1567 2885 templique
1603 2843 1776 2876 sacerdos.
1840 2851 1879 2878 1η

1085 2896 1158 2918 arce
1203 2890 1287 2919 enim
1333 2891 1474 2920 omnium
1520 2893 1649 2920 deorum
1691 2895 1876 2925 tutelarium

1084 2936 1201 2969 templa
1223 2944 1297 2964 esse
1322 2936 1491 2974 finguntur,
1513 2941 1547 2966 ut
1572 2941 1663 2966 erant
1687 2938 1721 2967 in
1745 2940 1876 2976 Capito-

1083 2981 1126 3009 lio
1152 2982 1306 3010 Romano.

1129 3024 1202 3054 320.
1230 3024 1338 3056 victos
1364 3024 1464 3063 deos,
1500 3026 1538 3056 cf.
1571 3024 1605 3065 1,
1630 3025 1682 3057 68.
1725 3046 1762 3050 -
1801 3028 1875 3072 ipsc

1084 3079 1188 3101 manu
1217 3072 1254 3101 cf.
1282 3069 1356 3101 645.
