2023 3350
114 235 220 290 Ipsa
255 238 426 289 egomet
464 234 628 277 dudum
668 235 837 278 Beroen
874 235 1070 291 digressa
1102 237 1258 292 reliqui

114 294 318 347 Aegram,
362 292 677 347 indignantem,
720 294 801 335 tali
839 295 955 348 quod
992 296 1085 337 sola
1119 300 1289 338 careret

113 351 292 393 Munere
305 384 313 401 ,

114 409 235 450 Haec
271 407 413 450 effata.

114 466 172 508 At
207 469 367 508 matres
402 465 541 519 primo
580 465 791 519 ancipites
832 466 1054 520 oculisque
1088 467 1289 521 malignis

113 523 354 577 Ambiguae
391 526 589 577 spectare
625 528 765 575 rates,

113 581 358 623 Praesentis
396 584 538 623 terrae
570 580 761 635 fatisque
796 582 997 623 vocantia
1027 596 1184 636 regna:

115 640 256 690 Quum
294 638 375 680 dea
408 652 453 680 se
489 638 668 692 paribus
708 653 787 693 per
823 640 989 681 caelum
1027 640 1201 682 sustulit
1239 640 1331 692 alis,

113 698 422 751 Ingentemque
459 696 562 750 fuga
603 697 740 738 secuit
778 697 857 739 sub
897 697 1083 740 nubibus
1123 712 1285 739 arcum.

113 755 221 796 Tum
260 768 360 796 vero
402 755 618 796 attonitae
648 755 852 796 monstris
890 759 1101 810 actaeque
1141 755 1288 797 furore

115 811 419 864 Conclamant,
460 812 722 866 rapiuntque
758 812 865 854 focis
903 813 1199 867 penetralibus
1243 814 1404 866 ignem,

112 870 220 912 Pars
256 870 445 923 spoliant
480 884 597 921 aras,
641 869 840 912 frondem
871 883 922 912 ac
959 871 1149 925 virgulta
1184 871 1386 924 facesque

115 928 371 970 Coniiciunt.

117 986 326 1027 Transtra
364 999 443 1039 per
480 989 522 1027 et
550 1000 691 1027 remos
728 989 771 1027 et
804 986 945 1039 pictas
986 986 1127 1028 abiete
1169 999 1346 1040 puppes.

112 1043 302 1085 Nuntius
339 1042 551 1084 Anchisae
584 1043 643 1085 ad
679 1044 896 1084 tumulum
931 1057 1174 1097 cuneosque
1210 1042 1373 1085 theatri

115 1102 319 1143 Incensas
359 1100 524 1154 perfert
560 1114 691 1142 naves
726 1101 951 1152 Eumelus,
997 1104 1039 1142 et
1073 1101 1156 1154 ipsi

118 1159 372 1212 Respiciunt
408 1162 548 1200 atram
584 1159 628 1199 in
663 1158 810 1200 nimbo
846 1158 1029 1202 volitale
1060 1157 1267 1199 favillam.

113 1216 283 1258 Primus
319 1220 362 1258 et
392 1215 619 1267 Ascanius,
661 1229 811 1257 cuisus
844 1219 893 1256 ut
930 1215 1070 1257 laetus
1106 1219 1327 1282 equestres

112 1273 334 1326 Ducebat,

114 1332 284 1383 Castra,
328 1345 406 1373 nec
445 1331 661 1373 exanimes
700 1334 882 1384 possunt
923 1332 1110 1373 retineie
1145 1331 1356 1384 magistri.

112 1447 211 1489 Heu
248 1447 432 1488 miserae
466 1447 606 1489 cives?
666 1447 765 1488 Non
799 1446 972 1488 hostem
1007 1446 1269 1500 inimicaque
1303 1451 1449 1490 castra

111 1504 336 1558 Argivom,
385 1508 551 1546 vestras
596 1517 694 1558 spes
731 1504 868 1546 uritis.

113 1563 324 1604 Ascanius
338 1576 345 1603 :

113 1620 206 1670 Qua
246 1620 347 1661 ludo
385 1620 561 1662 indutus
594 1620 697 1661 belli
735 1620 970 1662 simulacra
1008 1619 1162 1661 ciebat.

729 122 967 156 AENEIDOS
1000 124 1086 157 LIB.
1114 125 1154 157 V.
1685 127 1763 166 251

1684 242 1767 281 650

356 364 434 392 1100
469 351 646 393 meritos
689 352 901 394 Anchisae
936 352 1119 395 inferret
1148 354 1346 395 honores.

808 524 1014 565 miserum
1051 525 1167 566 inter
1201 539 1393 567 amorem
1683 528 1764 566 655

1682 814 1764 853 660

429 928 553 969 Furit
587 928 791 970 immissis
831 928 1048 970 Volcanus
1086 929 1265 970 habenis

1683 1100 1765 1138 665

377 1274 439 1315 sic
479 1287 579 1315 acer
614 1287 725 1327 equo
763 1272 944 1314 turbata
981 1273 1135 1326 petivit

115 1390 220 1439 Quis
258 1389 380 1430 furor
413 1389 495 1430 iste
531 1389 693 1430 novus?
742 1402 827 1442 quo
868 1403 998 1440 nunc,
1039 1402 1123 1442 quo
1162 1389 1357 1441 tenditis,
1401 1391 1555 1445 inquit,
1684 1394 1766 1434 670

928 1505 1012 1555 Ε11,
1063 1518 1141 1558 ego
1180 1509 1323 1548 vester

387 1563 554 1615 galeam
593 1565 694 1604 ante
725 1561 857 1616 pedes
894 1562 1078 1616 proiecit
1112 1563 1295 1615 inanem,

779 1678 906 1719 simul
943 1678 1115 1731 agmina
1147 1678 1370 1720 Teucrum.
1680 1683 1762 1721 6²75

111 1677 343 1719 Adcelerat
381 1677 507 1719 simul
547 1678 736 1730 Aeneas,

111 1735 192 1777 Ast
226 1735 328 1777 illae
363 1735 533 1778 diversa
569 1739 687 1777 metu
726 1749 804 1790 per
839 1736 972 1777 litora
1008 1736 1171 1789 passim

112 1791 357 1847 Diffugiunt
394 1794 628 1848 silvasque,
670 1795 713 1834 et
753 1793 893 1835 sicubi
932 1807 1122 1835 concava
1158 1792 1309 1835 furtim

160 1965 235 1996 652.
265 1964 417 2005 Inferret
437 1972 483 1997 est
508 1977 574 1998 vox
598 1969 744 2005 propria3
763 1969 837 1998 iude
861 1966 914 1998 in-

106 2010 227 2053 feriae
256 2028 300 2032 —
323 2011 464 2043 meritos
488 2014 526 2043 cf.
551 2012 582 2051 3,
614 2012 685 2043 118.

160 2068 236 2099 653.
263 2066 361 2098 Haec
387 2067 517 2109 effata:
547 2071 796 2101 Hemistichium
824 2072 916 2100 addi-

113 2117 159 2145 dit
191 2118 288 2151 plane
316 2124 609 2150 supervacaneum.
659 2118 762 2146 Plura
786 2118 916 2146 videtur

112 2163 230 2191 addere
255 2162 411 2191 voluisse.
460 2163 563 2191 Abest
587 2166 627 2192 ab
653 2171 717 2192 uno
743 2164 860 2193 codice.

159 2216 236 2248 654.
266 2215 458 2258 Ancipites,
478 2227 555 2248 uum
578 2220 704 2249 Beroen
727 2223 915 2255 sequantur.

119 2261 237 2293 Oculis
262 2261 434 2302 malignis
461 2268 636 2304 spectant,
677 2267 761 2301 quod
790 2266 919 2295 incendi

113 2310 224 2339 vident
258 2317 381 2347 naves,
424 2318 514 2346 spem
551 2312 681 2341 unicam
722 2312 842 2341 salutis
875 2327 913 2331 —

110 2353 226 2395 primo
251 2358 408 2395 spectare
432 2372 477 2376 ——
501 2365 605 2396 quum
630 2358 669 2387 cf.
697 2356 728 2394 3,
757 2355 834 2386 590.

160 2410 236 2440 656.
261 2409 353 2449 fatis
378 2412 544 2444 vocantia
572 2422 705 2455 regna,
741 2421 824 2449 quae
857 2423 918 2444 vo-

115 2462 188 2487 cant
215 2459 392 2487 secundum
416 2459 501 2497 fata,
524 2468 624 2497 regna
650 2461 776 2489 fatalia.

161 2512 237 2543 657.
262 2512 410 2554 paribus
433 2513 501 2545 alis
526 2517 566 2546 cf.
594 2514 624 2555 4,
647 2516 724 2546 252.

161 2570 237 2600 658.
258 2570 359 2612 fuga
389 2573 427 2601 cf.
452 2571 528 2602 586.
579 2576 673 2604 Secat
697 2582 810 2605 arcum
840 2575 861 2603 i.
888 2584 914 2604 e.

114 2619 139 2646 it
170 2626 226 2653 per
251 2625 372 2646 arcum.
423 2619 469 2648 Cf.
503 2628 620 2649 secare
655 2618 745 2649 viam
781 2618 812 2658 6,
839 2618 915 2649 900.

115 2666 203 2692 1110111
230 2672 347 2692 versus
375 2662 404 2701 9,
431 2662 481 2692 15.

161 2719 236 2749 660.
263 2723 313 2749 Ex
341 2717 438 2758 focia·
469 2719 710 2759 penetralibus
751 2723 916 2752 domorum

114 2767 337 2802 proximarum
373 2767 481 2803 ignem
518 2767 662 2796 afferunt.
725 2768 792 2802 Quo
830 2769 916 2797 euim

114 2814 186 2842 loco
211 2815 318 2842 stabat
345 2814 466 2842 classis
486 2813 646 2849 Troiana,
687 2818 779 2842 erant
803 2815 915 2843 (lomus

115 2859 308 2895 Siculorum,
333 2859 451 2893 quibus
477 2860 596 2894 recepti
621 2860 812 2888 habitabant
836 2861 915 2888 Tro-

115 2904 193 2933 iani.
243 2905 296 2934 Sic
326 2902 397 2940 foci
427 2902 627 2944 penetrales
658 2906 728 2934 cat.
759 2903 813 2943 68,
838 2902 914 2934 102.

116 2951 163 2979 De
187 2959 219 2979 v.
241 2947 436 2990 penetralis
463 2950 501 2979 cf.
531 2948 561 2985 2,
588 2948 664 2979 297.

162 3004 237 3035 662.
268 3003 436 3036 Immissis
453 3004 599 3036 habenis
618 3010 666 3036 est
681 3008 792 3045 libere,
809 3011 917 3037 trans-

116 3053 184 3081 lata
209 3055 406 3088 metaphora.
450 3050 558 3082 lVehe
582 3061 680 3082 menn
703 3050 752 3082 sie
779 3051 917 3095 losge-

961 1966 1109 1998 lassen
1261 1967 1367 1999 wtiltt
1419 1967 1485 1999 den
1538 1968 1767 2011 ungehcucrn

965 2012 1100 2044 Brund.
1135 2013 1258 2044 Schill.
1307 2017 1354 2045 Cf.
1381 2014 1411 2053 6,
1439 2014 1466 2045 1.

1009 2059 1084 2090 663.
1117 2059 1235 2091 Abiete
1255 2067 1303 2092 est
1329 2064 1393 2091 abl.
1416 2062 1573 2091 materiae
1589 2063 1628 2092 cf.
1645 2060 1674 2100 3,
1690 2060 1765 2092 618.

964 2121 1002 2126 -—
1027 2104 1145 2146 pictae
1167 2116 1276 2136 naves
1302 2109 1341 2138 cf.
1368 2106 1398 2143 7,
1426 2107 1500 2137 ⁴31.

1009 2150 1084 2180 664.
1112 2161 1239 2181 cuneos
1262 2151 1403 2182 theatri.
1439 2156 1488 2182 Ila
1514 2155 1580 2184 iam
1599 2152 1665 2183 288
1691 2164 1768 2184 con-

963 2205 1091 2226 sessum
1117 2203 1333 2233 spectatorum
1358 2202 1517 2228 theatrum
1539 2201 1630 2229 uixit.

1011 2241 1087 2272 665.
1112 2243 1248 2283 perfert
1273 2244 1310 2273 cf.
1339 2242 1369 2281 2,
1396 2242 1449 2273 75.

1011 2286 1086 2317 669.
1115 2286 1283 2328 magistri
1316 2290 1354 2318 cf.
1389 2287 1465 2318 546.
1496 2288 1572 2319 562.
1613 2307 1651 2311 -—
1697 2289 1766 2320 Ex-

965 2331 1100 2363 animes
1124 2338 1198 2363 sunt
1223 2335 1352 2371 timore,
1391 2344 1430 2363 ne
1457 2336 1625 2365 Ascanius
1651 2339 1765 2366 ardore

964 2383 1117 2415 abreptus
1144 2381 1177 2408 in
1205 2382 1387 2415 periculum
1413 2381 1541 2410 incidat.
1592 2383 1680 2411 Beue
1705 2390 1766 2412 au-

963 2431 1027 2455 tem
1050 2435 1146 2461 puero
1170 2427 1257 2463 regio
1284 2427 1416 2462 aliquae
1437 2432 1546 2462 parles
1570 2428 1764 2458 tribuuntur.

1011 2481 1086 2512 670.
1118 2480 1191 2521 Quo
1219 2481 1381 2522 tenditis,
1421 2483 1440 2512 i.
1468 2493 1494 2513 e.
1526 2485 1602 2519 quid
1635 2486 1768 2514 consilii

963 2529 1100 2558 habetis.

1011 2573 1086 2603 673.
1119 2572 1261 2604 inanem
1298 2575 1420 2609 ..capili
1451 2573 1604 2604 0111110111ιι
1640 2580 1675 2605 ut
1705 2578 1765 2606 Ov.

963 2623 998 2649 F.
1026 2618 1056 2655 4,
1082 2618 1158 2649 209.
1210 2621 1329 2649 Contra
1357 2622 1488 2656 galeam
1519 2623 1648 2656 plenam
1673 2623 1765 2659 dixit,

963 2674 1046 2702 quae
1069 2667 1222 2701 imposita
1251 2670 1299 2695 est
1327 2667 1437 2701 capili,
1463 2667 1520 2695 Sil.
1550 2664 1601 2704 10,
1624 2665 1707 2704 146;
1736 2673 1764 2697 et

962 2710 1106 2752 galeam
1156 2709 1300 2751 implere
1353 2720 1409 2746 pro
1457 2713 1556 2747 capiti
1602 2714 1766 2748 imponere

962 2759 1076 2787 Claud.
1116 2759 1183 2786 ΒΡ.
1217 2756 1255 2793 3,
1289 2754 1364 2786 218.
1419 2754 1470 2786 Pl.
1505 2759 1587 2788 coni.
1622 2768 1764 2797 aenam,

964 2804 1185 2833 coniecturam
1209 2812 1286 2832 vere
1309 2804 1451 2832 inanem.

1009 2858 1086 2889 674.
1116 2857 1209 2889 Belli
1231 2857 1424 2888 simulacra
1448 2857 1561 2891 ciebat
1584 2862 1766 2892 aLucretio

963 2909 1069 2943 habet,
1095 2906 1150 2941 qui
1176 2906 1260 2934 idem
1285 2903 1315 2942 2,
1340 2903 1393 2934 42.
1418 2903 1494 2935 324.
1544 2907 1591 2936 Cf.
1619 2905 1696 2936 585.

1011 2960 1087 2991 676.
1119 2959 1267 2991 Diversa
1289 2969 1352 3000 per
1374 2959 1481 2992 litora
1510 2963 1531 2993 i.
1559 2973 1585 2993 e.
1615 2965 1768 2994 diversas

964 3008 1070 3037 litoris
1107 3011 1235 3043 partes3
1282 3015 1346 3036 non
1381 3008 1491 3038 minus
1529 3014 1630 3049 recte,
1668 3017 1767 3046 quam

965 3056 1120 3084 extrema
1139 3050 1261 3093 platea
1285 3057 1342 3084 etc.
1368 3055 1492 3084 dicitur.
