2023 3350
684 91 919 126 AENEIDOS
950 95 1036 126 Llss.
1062 95 1122 127 XI.

1635 95 1711 133 581

88 211 260 252 Exclusi
298 211 398 258 ante
428 207 573 249 0011108
609 206 998 260 lacrimantumque
1033 222 1110 249 ora
1145 212 1374 262 parentum

88 269 192 309 Pars
226 268 269 308 in
308 264 565 321 praecipites
604 263 742 305 fossas
784 269 992 318 urguente
1027 266 1152 307 ruina

86 326 301 373 Volvitur,
334 322 532 364 immissis
570 336 670 375 pars
708 336 836 363 caeca
874 327 916 364 et
953 323 1120 364 concita
1157 322 1286 363 frenis

85 383 253 424 Arietat
284 382 327 421 in
362 383 508 433 portas
545 384 588 420 et
630 380 759 421 duros
793 379 930 421 obiice
967 385 1123 433 postes.

1626 380 1710 420 890

84 441 208 493 Ipsae
247 439 299 479 de
338 437 468 478 muris
509 452 672 478 summo
713 438 945 479 certamine
978 442 1149 488 matres,
1183 463 1237 466 —

83 498 294 539 Monstrat
328 509 450 536 amor
485 509 610 536 verus
648 495 837 548 patriae,
874 499 922 536 ut
957 495 1099 537 videre
1135 495 1355 537 Camillam
1384 520 1439 524 —

82 555 183 596 Tela
216 567 344 594 manu
377 552 572 605 trepidae
608 553 788 603 iaciunt,
826 567 877 594 ac
912 553 1065 594 robore
1103 553 1210 593 duro

81 609 306 665 Stipitibus
347 609 505 651 ferrum
541 611 802 664 sudibusque
841 611 1066 652 imitantur
1105 609 1268 651 obustis

80 667 357 721 Praecipites,
389 668 635 721 primaeque
671 669 778 709 mori
818 683 896 722 pro
937 668 1156 709 moenibus¹
1197 666 1360 708 ardent.

1626 667 1707 705 895

191 726 361 767 Interea
394 725 581 767 Turnum
616 726 657 767 in
699 726 815 768 silvis
849 726 1118 767 saevissimus
1152 725 1302 778 implet

78 783 283 835 Nuntius,
321 787 363 825 et
402 783 542 825 iuveni
574 784 790 836 ingentem
828 784 912 825 fert
945 785 1059 824 Acca
1094 783 1342 824 tumultum:

76 841 250 883 Deletas
290 841 541 882 Volscorum
577 842 708 893 acies,
744 841 949 883 cecidisse
986 841 1221 891 Camillam,

76 899 283 952 Ingruere
318 899 503 941 infensos
542 898 686 940 hostes
720 903 762 940 et
800 899 939 940 Marte
972 898 1156 939 seeundo

78 956 231 998 Omnia
262 957 536 1010 corripuisse,
575 961 735 998 metum
774 956 860 997 iam
895 956 950 997 ad
986 957 1156 997 moenia
1193 953 1307 995 ferri.

1622 950 1705 989 900

75 1014 154 1055 Ille
186 1014 330 1055 furens
362 1040 420 1045 —
449 1019 491 1056 et
526 1029 652 1056 saeva
691 1014 803 1055 Iovis
843 1014 902 1055 sie
940 1014 1113 1055 numina
1145 1014 1328 1066 poscunt
1354 1034 1408 1041 --

75 1072 245 1113 Deserit
273 1071 471 1113 obsessos
509 1072 659 1122 colles,
697 1086 872 1114 nemora
907 1086 1062 1125 aspera
1090 1070 1255 1123 linquit.

75 1130 157 1170 Vix
192 1144 215 1171 e
253 1134 486 1183 conspectu
521 1130 702 1175 exierat,
742 1144 1022 1182 campumque
1062 1127 1253 1169 tenebat:

74 1187 212 1237 Quum
253 1191 378 1240 pater
415 1188 593 1238 Aeneas,
628 1187 762 1228 saltus
796 1187 1010 1239 ingressus
1045 1190 1231 1239 apertos,

74 1245 402 1298 Exsuperatque
441 1246 587 1299 iugum
628 1245 818 1298 silvaque
853 1244 996 1285 evadit
1032 1258 1178 1297 opaea.

1618 1236 1699 1274 905

74 1302 144 1344 Sic
180 1302 306 1343 ambo
345 1302 401 1343 ad
435 1317 580 1344 muros
613 1302 755 1356 rapidi
793 1305 974 1354 totoque
1012 1301 1206 1341 feruntur

73 1360 269 1413 Agmine,
304 1374 383 1401 nec
421 1360 559 1414 longis
590 1360 702 1400 inter
735 1374 780 1401 se
815 1358 1012 1411 passibus
1046 1358 1213 1407 absunt,

73 1419 134 1459 Ac
164 1418 291 1460 simul
330 1418 495 1459 Aeneas
533 1418 744 1459 fumantes
774 1416 948 1470 pulvere
984 1428 1159 1468 campos

72 1475 297 1530 Prospexjt
329 1475 477 1529 longe,
507 1474 829 1528 Laurentiaque
862 1472 1035 1527 agmina
1072 1471 1198 1522 vidit3

72 1635 219 1666 gerentur
242 1637 262 1659 a
289 1634 392 1665 tergo,
436 1633 465 1658 01
503 1629 591 1657 311118
632 1637 728 1663 super
762 1629 863 1656 alium

73 1679 195 1711 rueret,
241 1676 355 1705 3111111
383 1675 491 1704 fossas
524 1675 644 1703 detrusi
679 1679 771 1709 sunt,
809 1678 865 1702 aut

71 1729 196 1751 summa
210 1722 246 1750 vi
268 1721 423 1758 nituntur,
447 1724 481 1749 ut
506 1726 627 1755 portam
652 1720 863 1755 effringerent.

117 1775 192 1806 887.
224 1774 370 1807 Exclusi
389 1784 476 1817 pars
492 1792 529 1796 —
545 1784 641 1816 pars.
676 1779 779 1811 Saepe
801 1776 865 1804 311-

71 1825 147 1859 quid
174 1824 357 1852 nominatur
382 1827 523 1859 tantum,
564 1822 676 1851 deinde
710 1831 764 1857 per
790 1830 863 1856 par-

70 1875 119 1899 tes
146 1870 333 1905 exponitur,
377 1873 530 1904 tanquam
568 1877 609 1897 ex
642 1868 862 1903 appositione3

70 1917 115 1944 ita
140 1914 190 1950 12,
218 1913 283 1943 277
307 1913 759 1954 fratres—pars—pars.
795 1915 863 1943 Ecl.

70 1960 101 1997 1,
124 1960 165 1989 65
193 1969 257 1990 nos
287 1976 329 1980 —
357 1957 423 1989 alii
451 1976 489 1980 —-
515 1968 610 2000 pars.
658 1960 698 1989 cf.
728 1957 756 1996 l,
786 1957 863 1988 423.

69 2005 124 2045 12,
151 2004 226 2036 161.
251 2004 327 2035 277.
362 2008 470 2041 Neque
495 2006 567 2034 miri
592 2006 764 2041 quidquam
789 2006 864 2034 huic

70 2058 250 2083 structurae
276 2054 370 2085 inest,
395 2060 494 2087 quare
516 2052 613 2081 etiam
638 2052 671 2080 in
691 2059 788 2086 prosa
812 2052 862 2079 in-

69 2101 198 2129 venitur
224 2103 256 2128 ut
282 2106 334 2133 ap.
357 2097 557 2134 1.iv.24,20
577 2095 740 2126 Consules
767 2094 862 2126 Mar-

69 2143 177 2176 cellus
196 2142 319 2174 Nolam
345 2141 447 2180 redit,
467 2141 599 2172 Fabius
621 2140 656 2172 in
679 2140 861 2171 Samnium

68 2188 245 2232 processit.
289 2190 328 2220 cf.
370 2191 421 2219 Gr.
452 2190 484 2225 §-
529 2186 604 2217 237.
634 2204 670 2208 —
702 2191 860 2219 ruentum

70 2238 109 2267 cf.
138 2235 190 2274 12,
214 2235 290 2265 305.

115 2292 191 2323 888.
209 2292 332 2331 fossae
354 2289 566 2333 praecipites
580 2296 610 2320 111
632 2294 690 2320 Ov.
704 2293 745 2320 Μ.
766 2288 792 2327 l,
808 2288 860 2320 97.

117 2350 194 2379 890.
220 2351 267 2379 Cf.
299 2350 356 2378 Sil.
398 2347 429 2387 4,
470 2346 532 2377 149
576 2346 738 2377 Boiorum
778 2350 861 2377 ante

70 2395 164 2426 alias
189 2393 325 2425 mobilis
355 2392 416 2424 ala
443 2392 573 2424 arietat
595 2392 629 2422 in
652 2392 791 2434 primos.

117 2451 193 2482 891.
219 2455 315 2488 Ipsae
337 2456 456 2482 matres
479 2453 517 2481 de
545 2452 646 2481 muris
674 2453 737 2479 tela
769 2451 859 2480 iacn-

71 2503 189 2535 lantur,
218 2499 360 2534 trepidae
381 2499 404 2526 i.
430 2506 457 2526 e.
483 2500 620 2530 3130108,
657 2502 686 2525 01
709 2498 740 2525 111
763 2499 859 2526 1011118

71 2545 224 2575 extremis
245 2546 337 2580 ipsae
362 2552 398 2573 se
420 2545 566 2573 hostibus
589 2543 758 2579 obiiciunt,
804 2551 858 2578 pro

73 2600 173 2621 sexus
195 2592 306 2620 ardore
334 2595 364 2619 et.
388 2590 587 2624 impatientia
618 2589 730 2618 mortis
753 2589 859 2625 magis

71 2638 208 2673 cupidae
237 2644 332 2672 quam
364 2636 492 2664 salutis.
520 2651 557 2655 —
585 2643 717 2663 summo
745 2637 856 2663 certa-

71 2682 164 2713 minc
186 2683 241 2721 „in
273 2686 414 2711 extremo
444 2681 644 2718 discrimine,
683 2685 717 2708 ut¹
757 2687 857 2715 supra

71 2727 180 2765 (476)
213 2725 312 2757 labor
347 2723 522 2756 ultimus.‘⁴
555 2729 586 2755 S.
634 2726 738 2755 Aliter
774 2723 856 2755 Tm:

73 2775 218 2805 certatim
242 2779 276 2803 ut
301 2773 332 2810 5,
364 2769 439 2800 197.

118 2819 195 2850 892.
225 2817 400 2849 Monstrat
425 2821 459 2846 ut
481 2814 512 2850 9,
535 2814 588 2844 4⁴.
624 2823 712 2845 amor
733 2817 858 2851 patriae

74 2875 182 2904 verus,
224 2866 280 2901 qui
301 2872 412 2895 omnes
430 2863 538 2893 omnia
554 2870 609 2896 pro
628 2862 734 2896 patria
750 2863 857 2891 subire

73 2913 159 2942 iubet
182 2913 344 2948 pericula3
369 2915 396 2939 et
421 2909 602 2939 excitantur
625 2909 770 2941 exemplo
795 2909 858 2936 Ca-

73 2960 184 2988 millae
204 2965 286 2993 quae
308 2959 340 2987 in
368 2956 488 2993 proelio
512 2953 680 2984 occiderat.
709 2949 761 2982 Pl.
785 2962 858 2983 ver—

75 3012 147 3034 sum
171 3006 262 3033 delet.

954 1623 1030 1654 894.
1059 1628 1166 1661 Neque
1189 1625 1299 1654 iacula
1324 1624 1457 1657 liabent,
1490 1619 1545 1648 sed
1571 1617 1697 1652 stipites

909 1676 1031 1701 tantum
1056 1673 1186 1706 aliaque
1213 1670 1359 1699 hostibus
1382 1667 1563 1696 immittunt.

953 1715 1029 1745 895.
1056 1714 1179 1746 ardent
1198 1711 1376 1753 Fmtpuyt
1398 1710 1527 1741 audent
1545 1706 1694 1748 Μ2γ2110.

952 1761 1028 1791 896.
1052 1759 1197 1792 nuntius
1234 1757 1354 1800 implet
1397 1755 1552 1787 Turnum
1586 1755 1624 1784 cf.
1664 1751 1695 1787 4,

908 1807 981 1837 189.

950 1852 1027 1882 896.
1048 1852 1121 1892 sert
1146 1849 1346 1885 tumultum,
1368 1848 1494 1878 nuntiat
1518 1847 1557 1877 cf.
1573 1846 1603 1883 5,
1617 1842 1693 1872 665.

951 1898 1028 1929 899.
1059 1897 1229 1939 Ingrnere
1253 1902 1287 1926 ut
1313 1894 1365 1933 12,
1392 1893 1468 1923 628.

952 1943 1028 1975 901.
1055 1947 1179 1974 Furens
1218 1946 1347 1978 accepto
1384 1940 1513 1975 nuntio,
1564 1936 1694 1967 consilii

905 1999 1033 2028 experS,
1059 1995 1093 2020 ut
1118 1993 1227 2019 urbem
1255 1989 1410 2023 defendat,
1436 1993 1518 2021 quae
1540 1983 1612 2019 capi
1628 1990 1691 2010 non

903 2042 1025 2073 poterat
1047 2039 1087 2065 ab
1111 2037 1282 2071 equitibus,
1314 2033 1422 2063 statim
1441 2030 1558 2060 deserit
1584 2029 1692 2058 valles

904 2088 1073 2117 angustas,
1105 2083 1221 2117 quibus
1244 2082 1388 2110 Aeneam
1410 2078 1574 2107 includere
1595 2081 1692 2110 para-

904 2134 1010 2166 verat,
1052 2128 1202 2163 viamque
1230 2126 1333 2162 aperit
1364 2124 1464 2155 hosti,
1501 2122 1555 2157 qui
1582 2120 1691 2149 81311111

903 2181 973 2210 post
999 2176 1104 2210 ipsum
1135 2175 1169 2203 in
1205 2179 1352 2207 campum
1382 2169 1554 2199 descendit.
1602 2167 1691 2195 Haec

903 2226 1011 2250 autem
1035 2225 1104 2249 erat
1132 2220 1224 2249 Iovis
1255 2220 1424 2252 voluntas,
1463 2214 1519 2250 qui
1542 2213 1689 2241 Aeneam

902 2268 1033 2297 intactis
1063 2266 1166 2301 copiis
1196 2267 1236 2295 ad
1272 2266 1381 2294 urbem
1412 2262 1595 2290 deducebat.
1642 2257 1690 2286 De

901 2314 963 2343 1001
994 2317 1111 2342 11311113
1140 2312 1180 2342 cf.
1213 2319 1245 2340 v.
1281 2307 1345 2338 522
1369 2316 1416 2343 sq.
1470 2302 1522 2335 Pl.
1563 2311 1619 2339 pro
1656 2304 1690 2331 et

902 2367 1007 2387 saeva
1032 2359 1113 2388 coni.
1142 2360 1302 2393 aelerna,
1339 2361 1442 2388 neque
1469 2352 1555 2381 enim
1579 2351 1689 2378 Iovem

901 2406 1017 2434 iratum
1043 2413 1115 2433 esse
1139 2405 1256 2432 Turno.
1305 2403 1411 2435 Neque
1435 2403 1501 2433 est,
1533 2397 1589 2425 sed
1615 2394 1688 2424 eius

901 2453 1054 2480 voluntas
1074 2459 1115 2479 ex
1135 2450 1199 2479 fato
1223 2446 1416 2477 adversaria
1429 2446 1535 2473 Turno
1559 2445 1618 2471 est.
1645 2455 1681 2460 -

898 2493 1035 2537 pellunt
1059 2496 1141 2525 coni.
1173 2491 1223 2523 Pl.

947 2541 1023 2570 903.
1051 2539 1110 2571 vix
1137 2557 1173 2561 —-
1203 2547 1304 2579 quum
1331 2537 1371 2567 cf.
1398 2534 1428 2573 1,
1448 2531 1501 2563 34.

947 2586 1023 2616 904.
1048 2588 1186 2627 apertos
1212 2587 1391 2619 „vacantes
1417 2576 1579 2611 insidiis.“
1607 2579 1640 2606 S.

949 2632 1026 2661 905.
1052 2633 1237 2671 eat-‹uperat
1260 2627 1402 2670 iugum,
1424 2628 1471 2655 ita
1494 2623 1526 2663 6,
1544 2621 1626 2660 676;
1657 2627 1686 2653 ct

903 2689 943 2709 ex
967 2686 1070 2714 opaca
1093 2678 1183 2706 silva
1206 2676 1315 2705 evadit
1337 2672 1517 2703 incolumis.

949 2723 1024 2753 9116.
1048 2721 1168 2763 rapidi
1192 2722 1230 2752 cf.
1257 2718 1287 2755 1,
1307 2717 1382 2748 644.

948 2767 1023 2798 907.
1049 2765 1166 2809 longis
1199 2763 1360 2807 passibus
1390 2765 1411 2794 i.
1441 2772 1469 2793 0.
1501 2761 1614 2793 multis
1644 2759 1683 2789 cf.

903 2813 956 2852 10,
980 2813 1056 2843 549.
1096 2829 1133 2833 —
1175 2811 1266 2842 inter
1297 2819 1350 2840 se:
1380 2810 1418 2840 cf.
1442 2810 1522 2838 Sall.
1546 2809 1614 2844 Ing.
1641 2805 1683 2834 55

907 2858 1046 2890 Duobus
1068 2857 1152 2888 locis
1169 2855 1264 2888 haud
1287 2854 1393 2897 longe
1414 2853 1506 2885 inter
1517 2862 1553 2883 se
1568 2854 1685 2883 castra

895 2903 1090 2946 faciebam.

949 2950 1025 2980 908.
1051 2947 1155 2979 simul
1178 2964 1222 2970 -
1245 2950 1275 2977 ct
1300 2948 1340 2977 cf.
1368 2945 1396 2983 1,
1426 2942 1501 2975 144.

948 2995 1024 3026 909.
1049 2993 1226 3038 prospexit
1250 2991 1354 3035 longe
1377 2993 1416 3023 cf.
1442 2990 1474 3031 7,
1494 2989 1570 3021 288.
