2023 3350
645 127 705 159 DE
733 125 1030 159 ΗΕΧΑΜΕΤΒΟ
1053 127 1256 159 VIRGILH.
1679 125 1759 164 649

242 248 320 276 Luc.
349 244 377 284 1,
403 244 468 275 231
500 242 730 284 Vicinumque
753 241 873 274 minax
897 242 1037 274 invadit
1062 242 1270 274 Ariminum.
1319 240 1436 284 ignes.

247 293 355 322 Lucil.
373 293 469 322 Aetn.
495 289 536 319 49
570 287 690 320 Pelion
721 287 809 319 Ossa
833 287 924 327 terit,
951 298 1104 320 summus
1129 287 1256 330 premit
1289 286 1410 318 Ossam
1435 285 1615 329 Olympus.

654 382 686 416 S.
712 378 743 410 7.
788 383 835 411 De
857 381 1006 418 elisione,
1030 382 1242 417 synaloephe.

250 439 466 470 Concursum
511 434 681 467 vocalium
729 434 877 467 Romani
925 433 1076 466 vitabant
1124 437 1157 465 et
1203 434 1293 465 intra
1338 432 1442 466 verba
1485 438 1519 466 et
1571 433 1607 465 in
1654 436 1764 465 extre-

132 496 200 528 mis
224 494 338 528 verbis
369 496 403 524 et
432 491 701 534 insequentibus
738 492 878 536 primis,
924 501 966 523 ne
999 490 1133 523 hiulcae
1165 499 1266 522 voces
1300 489 1528 524 efficerentur.
1578 489 1645 522 Sed
1675 489 1763 522 tales

131 550 268 585 vocales
330 548 535 582 collidentes
589 549 738 582 duorum
804 547 990 581 verborum
1046 546 1303 589 proximorum,
1367 556 1454 588 quae
1513 546 1764 589 displicebant,

133 618 201 641 non
253 605 470 639 elidebautur
513 606 584 638 sive
637 605 879 647 eiiciebantur,
944 603 1006 636 sed
1049 601 1396 645 ,‚c0niungebantur“
1432 603 1683 646 (synaloephe),
1731 608 1765 636 et

129 670 276 707 utraque
301 663 428 696 vocalis
454 662 673 701 audiebatur;
706 663 824 704 itaque
853 662 888 694 in
915 661 974 693 tali
1005 660 1250 693 coniunctione
1284 659 1438 692 nascitur
1462 659 1589 693 vocalis
1616 661 1765 703 longior,

129 731 232 764 quam
305 724 453 753 metrum
503 719 670 758 admittit,
729 728 818 762 quae
871 718 998 750 dicitur
1049 716 1260 749 irrationalis
1301 715 1360 758 (cf.
1402 716 1459 749 Gr.
1507 718 1538 758 ξ,
1584 719 1632 759 ει)
1675 727 1763 760 quae

130 788 169 811 eo
197 778 315 810 minus
339 778 375 810 in
403 786 507 809 unam
531 786 662 809 moram
689 777 760 808 sive
782 775 816 807 in
843 773 981 807 brevem
1007 773 1175 818 syllabam
1200 778 1335 816 poterat
1363 774 1530 814 contrahi,
1565 784 1632 816 quo
1656 775 1764 807 maior

131 840 203 868 erat
227 834 361 878 syllaba
383 834 488 877 prior.
529 834 587 866 Sic
612 851 655 856 —-
675 845 708 862 υ
733 831 912 864 difficilius
938 835 1009 863 erat
1036 831 1238 864 contrahere
1261 830 1297 863 in
1323 844 1366 871 υ,
1391 841 1494 874 quam
1522 844 1606 871 υυ,
1649 837 1681 865 et
1704 832 1764 865 illa

130 904 209 922 -υ
238 891 425 925 contractio
439 890 573 924 facilior
590 888 750 932 pluribus
766 888 882 930 longis
895 887 1182 921 antecedentibus
1195 893 1228 921 et
1241 889 1401 931 sequenti
1418 888 1482 920 alia
1495 887 1589 921 brevi
1613 894 1764 922 111--

131 961 319 980 -υυμ,
345 947 491 981 Facilior
511 951 626 979 autem
642 950 713 978 erat
725 945 916 978 contractio
941 944 1064 988 longae
1088 944 1239 988 syllabae
1262 955 1339 978 cum
1367 946 1469 989 longa
1496 965 1614 986 ——,
1654 947 1764 980 multo

132 1004 269 1038 facilior
295 1004 408 1037 brevis
433 1003 583 1047 syllabae
609 1012 688 1036 cum
715 1001 817 1044 longa
842 1015 874 1032 υ
892 1022 945 1036 -.
996 1002 1062 1035 Sed
1092 1008 1226 1046 practer
1248 1002 1503 1045 longitudinem
1533 1002 1682 1046 sjllabae
1704 1004 1765 1037 ob-

131 1061 299 1095 servanda
323 1066 396 1094 erat
429 1062 531 1094 etiam
555 1059 749 1093 similitudo
778 1059 968 1096 vocalium:
1016 1069 1095 1092 nam
1129 1059 1254 1092 similis
1286 1070 1366 1093 cum
1397 1059 1502 1093 simili
1528 1059 1665 1094 facilius
1689 1072 1765 1094 coa-

131 1119 245 1160 lescit,
273 1123 306 1151 et
333 1130 349 1149 e
376 1117 512 1151 facilius
538 1117 700 1150 coalescit
724 1126 804 1149 cum
830 1121 1016 1158 sequente,
1043 1127 1147 1159 quam
1178 1119 1208 1157 ι’,
1240 1128 1281 1156 α,
1306 1130 1343 1158 υ,
1375 1127 1415 1158 u,
1443 1116 1649 1160 diphthongi
1675 1118 1766 1151 diffi-

131 1176 234 1210 cilius
277 1184 382 1218 quam
423 1174 560 1207 vocales
607 1173 792 1216 simplices.
841 1174 917 1205 Non
962 1174 1068 1215 igitur
1107 1178 1175 1206 tam
1227 1174 1433 1218 displicebat
1475 1175 1638 1217 frequens
1680 1186 1766 1209 usus

130 1232 337 1271 elisionum,
381 1242 487 1275 quam
520 1232 700 1275 asperitas.
748 1230 816 1263 Ars
851 1235 966 1263 autem
1000 1235 1121 1273 poetae
1154 1229 1197 1263 ab
1222 1230 1375 1273 Augusti
1407 1237 1563 1274 tempore
1593 1242 1632 1265 eo
1656 1234 1767 1267 maior

130 1288 336 1331 habebatur,
362 1300 430 1332 quo
455 1290 565 1331 magis
592 1289 733 1321 omnino
759 1287 888 1320 vitabat
912 1286 969 1327 (cf.
997 1287 1054 1321 Gr.
1077 1289 1107 1329 §-
1139 1288 1207 1329 16).
1259 1288 1424 1331 Virgilius
1448 1294 1561 1322 autem
1587 1289 1623 1322 in
1648 1300 1687 1322 eo
1715 1296 1767 1323 est

131 1346 262 1386 artifex,
289 1346 384 1390 quod
409 1347 452 1379 iis
476 1347 588 1379 utitur
614 1346 655 1378 ad
682 1344 920 1387 depingendas
945 1344 1149 1378 sententias.
1197 1345 1292 1377 Audi
1317 1347 1546 1388 W'agnerum,
1573 1348 1631 1388 qui
1657 1348 1699 1380 ad
1726 1348 1767 1381 G.

131 1405 163 1446 2,
188 1405 252 1437 441
281 1406 435 1436 animosi
457 1404 550 1436 Eut-i
571 1403 730 1435 adsidue.
780 1401 1001 1443 Excipientes
1035 1410 1073 1433 se
1107 1401 1225 1444 plures
1251 1402 1287 1434 in
1317 1402 1440 1435 eodem
1474 1412 1575 1435 versu
1601 1404 1767 1438 elisiones

131 1461 319 1504 aliquoties
345 1461 459 1493 valent
481 1461 523 1493 ad
549 1459 793 1492 illustrandam
813 1457 865 1490 vcl
890 1458 957 1489 vim
985 1467 1022 1490 ac
1049 1457 1303 1490 vehementiam
1331 1459 1396 1498 rei,
1428 1463 1468 1491 ut
1492 1458 1524 1491 h.
1548 1459 1584 1500 1.,
1620 1461 1672 1493 vel
1697 1472 1768 1494 ma-

131 1518 361 1561 gnitudinem,
388 1522 427 1550 ut
450 1517 492 1551 A.
517 1518 548 1557 6,
574 1518 651 1550 552.
682 1516 732 1555 12,
757 1516 834 1555 897,
860 1514 912 1547 vel
940 1513 1192 1554 difficultatem,
1213 1520 1253 1548 ut
1277 1515 1368 1548 infra
1393 1517 1423 1555 3,
1449 1515 1533 1555 505,
1565 1518 1617 1550 vel
1648 1528 1769 1561 perpe-

130 1576 291 1608 tuitatem
335 1574 493 1607 eiusdem
534 1579 663 1613 status,
707 1577 746 1605 ut
770 1571 811 1605 A.
844 1573 879 1612 7,
910 1572 994 1611 623,
1030 1571 1081 1605 vel
1112 1572 1355 1615 pertinaciam,
1396 1577 1434 1604 ut
1459 1572 1547 1605 infra
1575 1575 1605 1614 4,
1636 1577 1690 1615 84,
1714 1576 1767 1609 vel

129 1632 418 1674 indignationem,
444 1635 484 1663 ut
505 1629 547 1664 A.
574 1632 605 1670 2,
633 1632 689 1667 S4;
715 1630 798 1662 item
823 1629 981 1662 indicant
1007 1630 1162 1663 animum
1190 1630 1333 1673 plenum
1358 1630 1441 1670 irae,
1466 1635 1505 1663 ut
1518 1630 1559 1664 A.
1585 1632 1616 1671 2,
1644 1634 1698 1666 06.
1727 1634 1767 1667 G.

130 1690 161 1730 3,
189 1689 265 1723 332.
292 1690 324 1727 4,
350 1689 414 1722 330
440 1687 604 1727 horroris,
638 1692 677 1719 ut
701 1687 742 1720 A.
794 1687 879 1723 ,12,
906 1688 936 1724 3
963 1687 1040 1721 653.
1086 1688 1354 1727 4,131.‚78.
1388 1689 1418 1727 8,
1447 1689 1500 1720 81.
1528 1689 1604 1727 647,
1632 1695 1768 1733 pertur-

129 1747 294 1786 bationis,
325 1752 365 1779 ut
387 1746 429 1780 A.
456 1747 487 1785 4,
514 1746 591 1779 203.
640 1744 706 1777 Sed
734 1744 904 1776 accedunt
938 1743 973 1776 in
1012 1744 1087 1776 eius
1113 1744 1209 1777 modi
1236 1743 1396 1777 versibus
1421 1744 1628 1788 plerumque
1664 1748 1768 1781 etiarn

130 1805 197 1838 alia
219 1804 420 1837 adiumenta
445 1802 646 1846 gravitatem
670 1801 1100 1834 orationi-conciliantia.“

247 1863 320 1894 Iam
345 1860 438 1902 apud
461 1859 644 1902 Virgilium
663 1858 699 1890 in
725 1857 863 1891 brevem
890 1858 1043 1891 vocalem

132 1930 174 1952 ae
200 1918 344 1951 eliditur
368 1917 403 1949 in
431 1917 536 1956 acies,
561 1915 622 1949 sed
650 1915 777 1957 legitur
801 1915 898 1958 acjes
916 1917 946 1957 ξ.
969 1916 1018 1949 12.
1038 1917 1155 1955 7,548.
1176 1916 1251 1948 796.
1275 1916 1327 1956 10,
1343 1917 1418 1949 360.
1435 1918 1510 1950 691.
1530 1918 1580 1959 11,
1597 1920 1672 1952 618.
1690 1921 1768 1953 862.

204 1977 254 2013 12,
281 1976 364 2015 548,
387 1973 512 2007 deinde
546 1974 582 2006 in
619 1976 719 2005 tot-ae
742 1972 830 2005 adeo
860 1973 912 2012 12,
938 1975 1003 2007 533
1028 1979 1061 2007 et
1084 1973 1243 2016 Argivae
1263 1973 1420 2006 Helenae
1445 1975 1474 2014 1,
1499 1974 1575 2009 650.
1625 1975 1770 2010 Accedit

202 2036 254 2073 10,
286 2033 347 2065 179
374 2032 531 2074 Alpheae
558 2031 600 2063 ab
621 2032 760 2072 origine
785 2030 887 2062 Pisae
913 2030 955 2064 cf.
984 2032 1016 2072 §-
1046 2032 1075 2064 6.
1100 2032 1139 2065 Β.
1165 2036 1198 2063 et
1228 2032 1256 2070 1,
1282 2031 1346 2063 642
1375 2035 1551 2074 antiquae
1563 2035 1606 2066 ab
1628 2036 1771 2078 iit-igine

200 2092 330 2133 gentis,
357 2088 419 2121 ubi
444 2089 480 2120 in
504 2088 593 2120 Mss.
619 2087 747 2129 legitur
773 2092 805 2119 et
829 2090 994 2130 antiqua.

133 2151 160 2182 ri'
189 2149 226 2181 in
255 2149 283 2187 1,
313 2146 377 2181 642
404 2151 436 2178 et
460 2144 577 2177 Laeva
601 2144 711 2177 aciem
738 2146 790 2185 11,
816 2146 892 2179 862.
926 2145 967 2179 cs.
995 2156 1048 2177 ae.

133 2210 153 2239 ὁ
191 2206 227 2238 in
259 2207 312 2246 11,
337 2205 379 2238 62
409 2208 443 2236 et
471 2204 523 2242 12,
547 2203 611 2234 227
633 2203 667 2234 in
697 2204 800 2235 acies.
852 2202 893 2235 cf.
922 2213 974 2235 ae.

133 2267 147 2296 i
194 2264 231 2296 in
257 2264 443 2306 improvisi
476 2261 621 2293 adelam
652 2261 683 2298 2,
717 2260 791 2293 182.
839 2264 872 2291 et
905 2260 941 2292 in
976 2261 1010 2291 se·
1034 2260 1122 2292 adeo
1159 2262 1208 2299 11,
1242 2263 1307 2294 369
1343 2262 1384 2295 cf.
1421 2274 1474 2297 ae.
1523 2263 1588 2296 Sed
1622 2266 1670 2303 10,
1703 2267 1770 2299 845

202 2320 347 2363 corpori
381 2320 546 2351 inhaeret
575 2316 666 2359 quod
701 2316 870 2359 probatur
905 2316 983 2349 loco
1022 2318 1120 2351 Lucr.
1150 2319 1177 2358 1,
1206 2319 1272 2352 584
1307 2321 1451 2361 cot-pori
1481 2321 1595 2352 inesse
1626 2322 1698 2355 iure
1731 2333 1769 2355 ex

202 2378 289 2410 Mss.
318 2381 511 2409 correctum
537 2380 589 2407 est
610 2375 645 2407 in
673 2375 823 2417 corpore
846 2374 1022 2407 inhaeret.

133 2439 154 2468 ὃ
189 2436 240 2474 11,
265 2436 331 2468 708
358 2436 431 2476 ipse
465 2434 584 2466 siibibo
609 2432 775 2465 humeris.
823 2433 872 2471 X,
899 2432 966 2464 994
992 2432 1066 2464 scio
1091 2432 1218 2464 acerba
1247 2444 1418 2467 meorum.
1470 2435 1529 2475 11,
1571 2436 1635 2468 256
1661 2439 1768 2468 millo

202 2503 255 2525 ea.
302 2492 369 2530 xl,
405 2492 469 2524 503
501 2491 628 2523 Audeo
661 2490 937 2523 &Aeneadum
989 2492 1076 2532 XII,
1110 2492 1174 2524 818
1205 2491 1286 2523 cedo
1312 2491 1485 2533 equidem.
1535 2493 1599 2524 ⁵75
1626 2493 1768 2535 Linque

204 2550 296 2582 acies
321 2548 364 2582 cf.
388 2559 440 2581 ae.
493 2550 520 2585 1,
551 2548 613 2580 391
643 2548 773 2580 mmti'o
806 2549 854 2579 et.
904 2548 944 2580 E.
976 2550 1039 2588 ΙΙΙ,
1066 2549 1108 2581 84
1128 2549 1244 2581 Pollio
1269 2548 1380 2582 amat.
1429 2550 1485 2589 lv,
1525 2551 1563 2582 12
1588 2549 1704 2582 Pollio
1731 2551 1769 2582 e‘t

201 2608 383 2649 incipient.
424 2605 455 2637 A
492 2606 522 2645 S,
545 2606 609 2638 382
638 2616 723 2648 ergo
748 2605 879 2639 eadem.
931 2606 982 2645 11,
1005 2606 1070 2637 459
1094 2609 1202 2638 immo
1228 2608 1292 2638 ait.

248 2679 312 2708 An.
342 2677 371 2706 l.
420 2678 481 2706 Sed
507 2685 526 2706 ο
552 2686 616 2706 non
642 2686 698 2713 per
721 2679 831 2707 omnia
857 2681 1018 2708 vocabula
1051 2681 1183 2715 longum
1203 2680 1381 2707 habebatur
1410 2683 1437 2706 et
1464 2680 1548 2713 amni
1577 2679 1769 2714 posteriores

136 2725 270 2760 saepius
291 2727 391 2753 breve
427 2727 506 2752 erat.
554 2724 608 2753 Sic
630 2725 799 2759 antiquum
825 2723 913 2753 eudo
953 2733 1008 2760 pro
1042 2723 1078 2754 in
1101 2726 1197 2754 Lucr.
1225 2723 1254 2758 4,
1282 2722 1347 2752 776
1373 2723 1462 2752 eudo
1487 2727 1599 2759 statu;
1645 2725 1694 2755 sic
1717 2734 1770 2761 ap.

137 2773 207 2801 Cat.
233 2772 308 2799 volo
341 2764 437 2805 dabo,
463 2767 577 2805 hom63
611 2770 660 2800 sic
690 2768 777 2799 Ιυπὸ
800 2771 876 2800 Val.
897 2772 944 2799 1⁴¹1.
967 2772 1021 2807 lV,
1044 2769 1075 2800 7.
1096 2768 1202 2810 virgo
1224 2767 1278 2798 14.
1302 2767 1417 2806 turbo,
1443 2767 1522 2807 ἰηί»,
1545 2772 1568 2807 1,
1595 2769 1671 2800 621.
1716 2773 1771 2802 Sic

137 2818 224 2853 apud
241 2817 433 2846 Iuvenalem
458 2817 519 2844 hoc
539 2812 558 2843 ὅ
583 2816 778 2845 nominativi
803 2817 835 2845 in
867 2824 934 2845 una
958 2817 1062 2846 satira
1096 2817 1214 2853 legitur
1238 2816 1425 2845 duodecies:
1474 2818 1532 2851 111,
1560 2814 1612 2845 46.
1635 2814 1688 2846 61.
1715 2815 1769 2847 72.

138 2860 214 2891 100.
243 2860 316 2891 110.
341 2859 417 2890 114.
448 2858 520 2889 141.
549 2858 624 2889 185.
648 2859 725 2891 211.
753 2860 829 2891 251.
859 2860 934 2891 304.
961 2860 1038 2891 317.
1068 2861 1105 2891 In
1136 2863 1247 2891 eadem
1278 2862 1382 2890 satira
1414 2871 1432 2890 ο
1457 2863 1582 2897 primae
1613 2871 1771 2897 personnae

136 2912 268 2945 longum
294 2908 368 2938 fecit
393 2906 461 2935 bis:
488 2915 520 2935 v.
549 2903 601 2934 42.
628 2905 682 2942 43,
706 2910 805 2937 breve
827 2908 996 2937 undecies:
1023 2916 1054 2937 v.
1082 2907 1113 2937 2.
1140 2908 1171 2943 5,
1197 2906 1250 2936 28.
1278 2905 1330 2936 «11.
1356 2905 1409 2936 44.
1429 2905 1482 2936 47.
1509 2906 1562 2937 59.
1592 2906 1666 2937 103.
1691 2908 1770 2940 297.

136 2954 215 2984 239.
243 2952 320 2983 296.
368 2954 422 2982 Sic
447 2949 600 2991 rependo
633 2954 692 2981 Ov.
719 2954 794 2982 Her.
819 2951 872 2987 15,
896 2952 948 2982 32.
975 2951 1098 2983 (1σείπῦ
1121 2954 1192 2983 Tib.
1218 2952 1248 2986 2,
1272 2954 1303 2988 6,
1330 2952 1385 2982 41.
1411 2951 1542 2992 quaero
1566 2956 1645 2984 Stat.
1671 2957 1769 2986 Theb.

137 3001 168 3037 9,
195 2999 271 3030 437.
295 2996 380 3029 dato
406 2998 622 3034 imperativus
644 2999 763 3028 Avien.
792 2997 889 3029 1047.
922 2997 1112 3041 vigilando
1138 3002 1210 3029 Iuv.
1236 2998 1265 3033 3,
1296 2998 1372 3028 232.
1398 2998 1480 3028 vero
1507 3002 1587 3030 Stat.
1605 3002 1702 3031 Theb.
1727 3004 1770 3039 11,

139 3044 214 3076 187.
241 3043 328 3088 ergo
348 3046 470 3075 Avien.
495 3042 570 3074 299.
592 3042 690 3074 1177.
722 3046 795 3074 Iuv.
822 3044 852 3084 3,
872 3043 947 3075 104.
984 3043 1127 3085 quando
1151 3043 1225 3075 173.
1244 3044 1363 3083 (184.)
1399 3046 1454 3077 Sic
1477 3046 1591 3082 aliqua
1614 3049 1773 3079 adverbia.
