2044 3329
639 669 1367 760 PRAEFATIO.

197 970 418 1029 Virgilius,
448 982 577 1030 poeta
603 980 831 1030 Romanus,
858 979 1040 1032 Augusti
1070 983 1279 1032 tempore,
1305 977 1379 1030 qui
1404 980 1503 1017 ante
1528 975 1675 1016 oculos
1696 973 1826 1015 habe—

194 1045 271 1087 bat
300 1046 461 1095 urbem,
493 1051 706 1089 terrarum
738 1050 966 1100 dominam,
1003 1047 1358 1102 splendidissimis
1384 1044 1590 1087 aedificiis
1627 1047 1826 1084 ornatam

195 1118 238 1155 et
266 1114 381 1155 omni
410 1129 552 1156 rerum
585 1118 710 1171 copia
740 1117 961 1169 refertam,
1013 1131 1145 1171 quum
1176 1130 1331 1157 nomen
1364 1114 1515 1169 populi
1544 1112 1725 1153 Romani
1758 1112 1825 1152 vel

194 1182 238 1222 in
268 1181 430 1222 ultimis
462 1183 590 1225 terris
630 1188 706 1225 aut
736 1199 831 1226 cum
862 1185 1135 1227 veneratione
1174 1187 1249 1225 aut
1280 1197 1376 1224 cum
1407 1183 1563 1223 timore
1593 1181 1827 1235 audiretur,

195 1264 246 1292 ea
271 1250 588 1304 magnificentia
618 1253 736 1295 urbis
761 1257 804 1295 et
829 1254 999 1307 imperii
1023 1252 1317 1306 magnitudine
1341 1250 1467 1292 facile
1484 1250 1626 1304 potuit
1652 1249 1826 1303 impelli,

194 1323 243 1360 ut
262 1320 362 1361 talis
382 1319 518 1373 gentis
545 1320 754 1374 originem
776 1321 1022 1363 celebraret.
1054 1320 1216 1372 Quodsi
1227 1318 1480 1370 Gibbonius,
1512 1317 1641 1359 homo
1659 1317 1828 1371 Anglus

194 1387 387 1440 reliquiis
412 1388 573 1429 Romae
601 1393 837 1430 commotus
859 1393 934 1441 est,
962 1394 1010 1431 ut
1031 1402 1252 1431 senescens
1273 1387 1385 1428 tanti
1412 1386 1562 1441 populi
1591 1386 1705 1428 omni
1725 1400 1828 1427 cura

194 1459 237 1498 et
264 1456 463 1497 continuo
499 1455 650 1498 labore
688 1457 952 1499 describeret
990 1458 1237 1511 imperium:
1292 1455 1395 1509 quid
1430 1455 1606 1505 mirum,
1647 1455 1828 1496 Romani

194 1529 360 1578 poetae,
389 1525 570 1565 viventis
600 1524 645 1566 in
671 1525 778 1567 urbe
808 1540 1052 1567 marmorea
1077 1529 1119 1567 et
1152 1538 1302 1575 aurea,
1333 1522 1513 1564 florente
1540 1522 1733 1576 imperio,
1764 1523 1827 1563 in-

193 1606 365 1633 censum
394 1605 485 1633 esse
519 1592 727 1644 animum,
777 1597 825 1634 ut
862 1594 988 1635 initia
1028 1593 1148 1635 urbis
1180 1594 1405 1646 auspicata
1436 1594 1478 1632 et
1511 1605 1538 1632 a
1563 1591 1645 1633 diis
1675 1595 1828 1632 curata

193 1661 492 1715 explica1=et¹j).
552 1660 635 1702 Sed
665 1661 738 1714 qui
768 1675 940 1702 carmen
971 1661 1140 1715 epicum
1172 1659 1411 1711 scribebat,
1465 1673 1548 1714 quo
1583 1660 1731 1713 populi
1761 1660 1827 1700 sui

191 1731 428 1785 primordia
457 1731 709 1783 illustraret,
739 1731 791 1772 iis
820 1731 899 1772 niti
919 1730 1115 1783 debebat,
1149 1744 1260 1785 quae
1288 1745 1314 1772 a
1332 1729 1493 1784 populo
1524 1729 1618 1783 ipso
1648 1733 1828 1771 narrata

194 1804 317 1841 erant
356 1804 399 1842 et
439 1804 628 1854 accepta.
688 1801 866 1842 Poterat
907 1800 1081 1854 quidem
1119 1813 1229 1854 quae
1263 1798 1426 1840 tradita
1459 1802 1582 1840 erant
1617 1812 1826 1840 exornare

193 1871 269 1908 aut
307 1882 422 1909 nova
460 1868 628 1909 ratione
672 1868 894 1922 copulare,
932 1882 1018 1922 qua
1050 1868 1309 1910 sententiam
1338 1881 1467 1921 quam
1500 1867 1553 1908 de
1583 1866 1710 1908 rebus
1741 1867 1828 1908 illis

193 1942 446 1991 conceperat
495 1937 755 1988 declararet,
810 1951 887 1978 nec
934 1941 1077 1979 tamen
1126 1936 1287 1990 fingere
1335 1936 1477 1977 omnia
1521 1939 1597 1977 aut
1634 1936 1829 1977 inaudita

192 2006 386 2060 proferre
416 2006 573 2047 licebat
604 2007 653 2057 ei,
678 2007 751 2060 qui
779 2020 857 2047 sua
883 2010 924 2048 et
946 2006 1062 2048 credi
1083 2005 1254 2047 volebat
1279 2008 1321 2046 et
1349 2004 1538 2058 probari.
1598 2004 1721 2055 Quod
1741 2020 1826 2047 non

192 2075 430 2128 neglexisse
466 2074 691 2128 Virgilium
741 2073 868 2116 facile
919 2075 1124 2116 videmus.
1183 2073 1299 2115 Illud
1339 2073 1451 2115 enim
1495 2073 1612 2126 quod
1646 2074 1827 2116 Romam

307 2249 340 2289 ¹)
366 2248 459 2280 Haec
487 2257 609 2280 caussa
632 2249 716 2280 satis
743 2247 869 2279 idonea
894 2252 965 2281 est.
1007 2252 1046 2278 ut
1073 2256 1143 2277 11011
1184 2244 1460 2287 confugiendum
1490 2246 1535 2276 sit
1560 2245 1601 2277 ad
1628 2245 1724 2278 illam
1751 2256 1827 2278 nar-

192 2304 381 2343 rationem,
429 2313 497 2345 qua
520 2303 562 2335 ab
588 2304 749 2346 Augusto
779 2303 946 2345 Virgilius
971 2302 1144 2334 adductus
1176 2310 1253 2334 esse
1289 2301 1433 2339 dicitur,
1472 2305 1511 2332 ut
1549 2312 1687 2334 carmen
1723 2313 1826 2334 51111111

193 2360 368 2393 scriberet.
417 2362 493 2393 Non
520 2371 608 2403 nego
632 2361 896 2404 grammaticum
923 2361 1038 2402 aliqua
1071 2370 1108 2392 ex
1134 2364 1230 2401 parte
1256 2369 1335 2391 vcra
1368 2358 1571 2399 tradidisse,
1613 2360 1674 2392 sed
1712 2370 1749 2392 ca
1785 2361 1827 2392 ad

194 2417 379 2458 Virgilium
411 2416 639 2450 iudicandum
676 2418 868 2460 quidquam
903 2418 1014 2450 131010
1046 2427 1145 2458 nego.
1195 2417 1364 2458 Georgica
1387 2417 1605 2457 Maecenate,
1637 2417 1827 2449 Aeneidem

194 2471 356 2514 Augusto
382 2478 522 2505 auctore
549 2473 671 2507 secisse
697 2474 838 2513 dicitur,
880 2478 920 2505 ut
953 2473 996 2505 ad
1035 2473 1186 2505 carmina
1217 2472 1401 2514 pangenda
1437 2482 1507 2504 non
1534 2482 1597 2504 sua
1625 2473 1686 2505 sed
1716 2473 1828 2507 aliena

190 2528 365 2561 voluntate
391 2534 525 2569 motus,
556 2536 594 2562 111
619 2531 726 2562 1011115
752 2540 858 2572 paene
884 2530 972 2562 vitae
999 2529 1153 2562 lahorem
1175 2529 1219 2561 ad
1243 2529 1391 2560 alioruin
1416 2529 1513 2560 iussa
1540 2530 1827 2563 accommodasse

192 2586 360 2619 videatur.
411 2588 513 2626 Quod
557 2587 711 2630 plerique
756 2592 856 2631 poeta
893 2587 1067 2630 putabunt
1105 2597 1180 2619 esse
1231 2587 1427 2629 indignum.
1477 2586 1543 2619 Sed
1589 2587 1692 2619 etiam
1735 2597 1829 2621 nunc

195 2644 390 2686 pictoribus
415 2645 599 2678 traduntur
624 2656 678 2678 res
706 2656 793 2688 quas
818 2646 980 2688 pingant,
1017 2655 1131 2687 neque
1157 2650 1271 2677 tamen
1297 2646 1484 2687 quisquam
1509 2654 1616 2677 ausus
1644 2649 1697 2678 cst
1726 2645 1827 2677 illum

195 2701 253 2742 qui
278 2701 420 2733 tradidit
454 2710 531 2733 cum
567 2711 606 2734 eo
641 2702 700 2744 qui
726 2702 836 2743 pinxit
867 2711 1076 2744 comparare.
1126 2701 1194 2733 Sed
1228 2711 1271 2733 ne
1302 2705 1437 2733 tantum
1475 2701 1615 2743 quidem
1642 2701 1828 2744 Augustus

193 2759 342 2791 Aeneidi
365 2758 500 2798 attulit,
535 2765 572 2792 ut
594 2755 757 2792 carminis
785 2761 881 2792 daret
909 2765 1166 2803 argumentum.
1217 2760 1306 2792 Suas
1332 2760 1424 2791 enim
1449 2761 1479 2792 is
1504 2760 1644 2797 lauch,
1683 2769 1828 2792 suarum

194 2826 309 2849 rerum
336 2816 568 2848 narrationem
605 2822 638 2848 01
669 2817 963 2859 praedicationem
991 2816 1228 2859 exspectabat,
1270 2826 1339 2848 nou
1377 2816 1417 2848 de
1453 2817 1595 2859 antiquo
1626 2816 1687 2848 illo
1710 2815 1829 2848 Aenea

192 2872 375 2915 cogitabat,
401 2872 460 2914 qui
487 2873 650 2905 carminis
677 2874 806 2915 primas
831 2879 947 2916 partes
972 2878 1100 2915 ageret.
1150 2875 1270 2914 Itaque
1295 2872 1432 2905 Aeneae
1460 2873 1528 2906 fata
1545 2872 1700 2905 Aeneide
1718 2882 1828 2915 quum

192 2929 361 2962 scriberet
385 2927 564 2971 Virgilius,
588 2933 621 2960 et
652 2929 749 2961 aliud
774 2939 878 2971 quam
906 2929 1000 2971 quod
1024 2928 1208 2971 Augustus
1235 2934 1490 2970 exspectaverat
1516 2929 1596 2962 fecit
1619 2939 1769 2970 carmen,
1796 2934 1829 2961 et

192 2986 261 3019 tale
288 2985 387 3026 fecit,
425 2988 524 3019 euius
553 2990 797 3027 argumentum
822 2996 935 3028 neque
967 2987 1057 3020 alius
1090 2988 1158 3020 nisi
1192 2987 1250 3028 qui
1283 2987 1358 3029 ipse
1391 2993 1462 3020 erat
1491 2992 1592 3030 poeta
1624 2987 1720 3026 dare,
1766 2996 1828 3019 nec

193 3043 362 3085 Virgilius
387 3042 544 3076 excolere
571 3046 604 3074 et
630 3051 690 3084 per
719 3047 830 3075 totum
858 3053 997 3077 carmen
1022 3049 1138 3077 tencre
1165 3048 1315 3086 poterat,
1344 3044 1413 3076 nisi
1438 3046 1514 3087 ipse
1537 3045 1725 3077 invenerat.
