2044 3329
201 147 242 173 lv
876 140 1150 175 PRAEFATIO.

201 260 347 302 urbem
373 260 548 313 eiusque
574 258 798 312 imperium
824 269 907 296 non
937 254 1026 296 sine
1046 252 1217 294 numine
1235 251 1376 294 divom
1397 254 1624 305 tantopere
1639 248 1822 291 crevisse

203 327 517 378 arbitrabatur,
555 341 699 368 omnes
729 322 1072 366 assentiebantur
1099 320 1298 371 Romani,
1345 319 1417 374 qui
1453 319 1517 360 sui
1555 317 1701 372 populi
1731 316 1824 358 fata

205 399 369 439 maiora
393 410 484 438 esse
510 394 705 435 omnibus
733 391 927 446 gentibus
949 388 1173 442 putabant.
1201 389 1342 441 Atque
1370 388 1476 430 haec
1508 401 1580 429 eos
1611 385 1825 428 sententia

205 465 384 518 impulit,
412 467 459 504 ut
487 475 565 517 pro
597 461 738 515 patria
766 471 951 500 summos
977 455 1241 509 susciperent
1270 455 1450 507 labores,
1477 469 1563 497 non
1594 453 1826 496 deficerent

206 534 248 575 in
273 532 472 587 periculis
503 534 545 571 et
574 528 797 582 imperium
828 525 1139 567 constituerent
1166 536 1301 577 usque
1338 523 1394 565 ad
1429 527 1643 565 extremas
1679 524 1826 575 gentes

207 605 503 657 propagatum.
563 599 708 651 Neque
723 596 858 638 solum
877 594 1020 636 omnia
1043 606 1121 646 pro
1150 592 1371 645 republica
1389 592 1559 644 audere,
1591 590 1665 633 sed
1695 589 1827 631 etiam

207 668 413 723 quidquid
443 667 497 709 ad
528 666 645 706 urbis
678 668 719 705 et
743 662 882 717 gentis
913 660 1280 714 praedicationem
1312 659 1578 711 conferebat,
1617 671 1695 712 pro
1724 669 1826 699 vero

208 752 258 779 ac
283 741 400 778 certo
427 735 619 787 accipere
648 745 732 773 non
761 729 1030 771 dubitabant.
1071 728 1182 770 Urbs
1212 728 1334 780 enim,
1364 742 1473 782 quae
1505 731 1629 769 tanta
1654 727 1830 780 ceperat

207 806 486 852 incrementa,
538 801 667 842 etiam
720 797 955 840 maioribus
1004 796 1206 849 auspiciis
1250 796 1425 838 condita
1465 810 1557 838 esse
1591 794 1831 836 videbatur.

209 873 360 925 Itaque
388 869 511 912 simul
540 871 669 921 atque
688 867 822 908 Roma
853 869 1003 919 potens
1032 864 1149 905 facta
1178 866 1261 916 est,
1285 864 1371 905 iam
1400 864 1536 905 multo
1566 866 1676 915 ante,
1702 875 1832 916 quam

211 953 376 982 omnem
416 942 629 979 terrarum
675 935 821 977 orbem
867 933 1099 984 devicerat,
1149 946 1234 973 non
1283 931 1512 973 defuerunt
1549 931 1831 975 narrationes,

212 1008 367 1064 quibus
391 1007 533 1048 divina
559 1005 705 1058 aliqua
730 1003 850 1056 origo
878 1001 976 1043 urbi
1006 999 1288 1042 tribuebatur.
1346 999 1440 1041 Hae
1471 999 1644 1041 fabulae
1674 998 1830 1040 sensim

213 1076 407 1119 excultae
435 1078 477 1116 et
500 1074 543 1115 in
569 1077 733 1114 certum
761 1071 952 1112 ordinem
979 1069 1180 1111 redactae
1207 1073 1257 1110 ut
1285 1083 1352 1110 res
1382 1082 1481 1110 vere
1512 1071 1656 1121 gestae
1685 1065 1829 1109 trade-

213 1146 390 1194 bantur,
442 1155 517 1184 nec
556 1140 644 1182 fere
678 1139 904 1193 quisquam
941 1137 993 1178 de
1029 1137 1081 1178 iis
1121 1136 1347 1178 dubitabat
1378 1140 1454 1178 aut
1483 1140 1599 1178 certe
1629 1135 1829 1177 dubitan-

215 1214 315 1255 dum
361 1225 451 1254 esse
489 1207 771 1251 existimabat.
832 1207 945 1257 Quas
991 1208 1160 1246 secutus
1211 1204 1480 1246 narrationes
1516 1203 1722 1258 Virgilius
1768 1202 1834 1244 ita

216 1280 471 1335 composuit,
518 1283 565 1320 ut
599 1277 740 1318 divina
774 1275 850 1317 illa
886 1275 929 1315 in
962 1272 1182 1315 condendo
1219 1276 1261 1314 et
1298 1272 1506 1314 servando
1538 1271 1697 1326 populo
1734 1283 1833 1325 pro-

215 1349 404 1391 videntia
432 1348 672 1401 appareret.
704 1370 758 1374 —
788 1344 824 1385 A
850 1343 948 1384 Iove
972 1342 1115 1396 igitur,
1144 1354 1306 1383 summo
1332 1340 1423 1392 deo,
1450 1341 1716 1383 conditorem
1745 1339 1836 1382 eius

218 1418 373 1473 gentis,
426 1416 493 1458 cui
522 1417 632 1457 esset
656 1412 772 1454 orbis
802 1410 1047 1464 imperium,
1088 1413 1229 1450 ortum
1260 1422 1351 1450 esse
1378 1422 1550 1450 necesse
1587 1410 1702 1460 erat3
1757 1419 1836 1448 nec

217 1487 356 1528 minus
382 1484 503 1526 locus
537 1483 608 1538 qui
633 1481 752 1523 sedes
783 1482 895 1521 esset
922 1477 1102 1531 imperii,
1133 1491 1184 1519 ex
1214 1476 1304 1518 fato
1336 1480 1431 1519 erat
1459 1478 1728 1519 constitutus.
1780 1475 1838 1517 At

218 1556 362 1611 patria
398 1558 517 1596 terra
549 1549 700 1591 relicta
747 1546 975 1588 Dardanus
1012 1545 1166 1587 Troiae
1207 1548 1375 1598 gentem
1413 1559 1534 1587 suam
1568 1543 1837 1600 propagavit.

219 1624 372 1676 Itaque
422 1616 650 1662 revocandi
698 1617 820 1657 erant
863 1612 1084 1655 Dardanii.
1142 1612 1235 1654 Iam
1278 1626 1378 1654 vero
1422 1627 1551 1667 quum
1608 1626 1710 1667 gens
1753 1625 1839 1654 non

219 1694 379 1746 pereat,
396 1688 477 1730 nisi
490 1686 576 1729 suis
597 1696 767 1738 quoque
784 1682 878 1736 ipsa
898 1680 1073 1734 flagitiis
1094 1679 1408 1734 pessumdatur,
1441 1681 1570 1722 etiam
1589 1681 1634 1722 in
1645 1678 1840 1722 Troianis

221 1757 445 1807 exstitere,
498 1754 572 1808 qui
607 1750 838 1794 sceleribus
875 1749 964 1791 suis
1014 1748 1164 1790 urbem
1211 1748 1451 1802 perderent.
1508 1748 1753 1791 Laomedon
1796 1749 1840 1788 et

221 1826 342 1869 Paris
370 1824 471 1866 deos
503 1818 872 1869 exacerbaverant,
900 1816 1178 1870 Priamusque
1201 1830 1251 1858 ac
1274 1820 1368 1859 tota
1396 1817 1485 1859 eius
1505 1816 1654 1858 domus
1678 1815 1843 1858 interiit

222 1899 265 1938 et
303 1907 380 1936 suo
414 1891 589 1933 interitu
629 1888 729 1930 deos
757 1884 999 1940 placabant.
1060 1884 1142 1926 Sed
1168 1883 1309 1927 deleta
1343 1899 1369 1926 a
1397 1884 1571 1927 Graecis
1599 1885 1728 1927 Troia
1754 1898 1842 1926 ser-

221 1967 346 2005 vatur
377 1961 458 2002 diis
497 1961 677 2012 accepta
713 1969 814 2009 gens
840 1953 1072 2005 Anchisae,
1127 1954 1292 1996 Aeneas
1328 1968 1423 1996 cum
1454 1956 1541 1997 suis
1575 1954 1620 1997 in
1654 1954 1843 2010 patriam

223 2031 312 2074 fato
339 2029 527 2071 debitam
561 2023 855 2077 revertitu1·.2)
918 2021 978 2064 Cf.
1008 2021 1064 2063 ad
1095 2025 1157 2073 11,
1188 2024 1283 2063 243.

338 2097 422 2141 Sed
451 2092 737 2150 praevalentis
761 2090 908 2145 populi
944 2090 1056 2131 vires
1090 2089 1177 2130 iam
1216 2103 1261 2130 se
1299 2088 1420 2144 ipsae
1453 2089 1753 2142 conficiebant,
1801 2092 1845 2132 et

226 2167 401 2209 divitiae
429 2163 667 2213 avaritiam,
697 2164 740 2202 et
767 2158 1034 2201 abundantes
1044 2158 1290 2213 voluptates
1318 2157 1576 2200 desiderium
1596 2172 1674 2213 per
1695 2158 1842 2200 luxum

344 2339 379 2380 ²)
406 2338 582 2377 Quantum
607 2333 773 2375 Virgilius
798 2331 925 2364 Naevio
951 2329 1084 2371 debeat,
1109 2340 1220 2373 neque
1242 2340 1280 2363 ex
1304 2329 1508 2372 fragmentis
1527 2338 1615 2371 quae
1639 2332 1844 2374 supersunt,

227 2405 340 2437 neque
365 2405 403 2427 ex
430 2393 536 2426 Servii
563 2397 595 2425 et
620 2389 789 2424 Macrobii
822 2386 1077 2420 narrationibus
1106 2388 1190 2419 satis
1220 2392 1335 2430 potest
1366 2386 1540 2419 declarari.
1587 2388 1736 2418 Tantum
1762 2395 1842 2418 vero

229 2456 343 2494 potest
367 2449 528 2491 intelligi,
559 2449 725 2482 Naevium
750 2456 820 2478 non
852 2455 892 2477 eo
921 2444 1022 2477 modo
1053 2454 1121 2485 quo
1154 2444 1264 2476 iunxit
1291 2443 1456 2485 Virgilius
1479 2452 1534 2476 res
1559 2444 1647 2475 inter
1673 2451 1711 2475 se
1737 2452 1843 2486 copu-

229 2508 327 2540 lasse.
375 2507 509 2539 Deinde
533 2510 688 2549 apparet,
720 2514 789 2536 non
822 2502 945 2535 obesse
977 2505 1116 2544 poetae,
1141 2499 1233 2541 quod
1257 2500 1426 2532 monitum
1453 2505 1506 2533 est
1531 2500 1679 2540 (Miiller
1703 2500 1774 2532 Etr.
1797 2500 1842 2536 11,

230 2575 261 2607 p.
289 2565 353 2596 275
383 2569 491 2605 sqq.),
524 2563 564 2595 de
597 2561 744 2604 Corytho
783 2559 937 2591 fabulam
975 2559 1106 2599 Tegeae
1139 2562 1246 2589 ortam
1282 2556 1387 2588 videri
1415 2556 1474 2598 (cs.
1509 2557 1623 2599 Apoll.
1648 2558 1715 2596 111,
1743 2557 1779 2598 9,
1813 2558 1843 2589 1.

229 2621 330 2653 Diod.
357 2622 412 2658 lv,
437 2620 521 2659 33.J;
544 2620 602 2651 ubi
627 2619 729 2651 etiam
752 2618 949 2649 Dardanum
976 2616 1084 2647 fuisse
1107 2624 1216 2655 quum
1243 2618 1439 2645 narraretur
1466 2613 1565 2646 facile
1594 2614 1750 2656 potuisse
1776 2613 1842 2646 Co-

229 2678 364 2719 rythum
389 2682 421 2708 et
446 2675 643 2708 Dardanum
664 2674 849 2716 coniungi3
885 2678 1003 2715 postea
1034 2675 1160 2708 autem,
1191 2680 1298 2711 quum
1324 2671 1454 2702 Romae
1480 2671 1629 2702 Troiana
1652 2670 1747 2711 origo
1771 2669 1842 2702 iam

230 2733 444 2770 crederetur,
473 2733 661 2774 Corythum
687 2732 789 2764 etiam
811 2731 853 2763 ad
879 2730 1064 2762 Cortonam
1091 2728 1231 2760 relatam
1259 2727 1385 2766 fuisse,
1429 2727 1525 2759 nulla
1549 2727 1612 2760 alia
1637 2726 1679 2759 de
1703 2734 1841 2764 caussa,

231 2800 334 2833 quam
366 2790 458 2831 quod
491 2789 603 2829 aliqua
637 2788 870 2820 intercesserit
902 2787 1082 2818 nominum
1120 2784 1324 2816 similitudo.
1371 2784 1440 2816 Nec
1473 2793 1561 2825 quae
1599 2783 1686 2815 aliae
1723 2786 1843 2814 nostro

229 2852 384 2889 tempore
411 2846 452 2878 dc
475 2846 620 2877 Troiana
645 2846 773 2876 Romae
798 2843 932 2885 origine
958 2842 1109 2885 prolatae
1133 2846 1217 2874 sunt
1240 2841 1435 2873 sententiae
1456 2845 1489 2873 et
1513 2839 1770 2882 explicatione5‚
1797 2838 1842 2872 ad

230 2908 367 2945 poetam
393 2901 615 2934 iudicandum
642 2901 765 2933 valent.
813 2902 883 2932 Nec
913 2904 1031 2941 poetae
1056 2903 1144 2936 erat,
1180 2908 1268 2939 quae
1294 2907 1348 2929 res
1374 2897 1510 2930 fabulae
1544 2897 1646 2930 alicui
1679 2895 1845 2929 subesset

230 2961 422 3001 exquirere,
450 2958 510 2990 sed
535 2967 592 2990 eas
617 2957 717 2998 elegit
740 2957 969 2996 narrationes,
996 2964 1083 2997 quae
1109 2955 1329 2997 potissimum
1353 2953 1601 2994 credebantur,
1631 2962 1720 2996 quae.
1744 2957 1844 2986 erant

230 3015 491 3058 pulcherrimae,
509 3023 597 3055 quae
622 3019 718 3045 erant
742 3014 850 3046 totius
872 3012 1035 3045 carminis
1059 3011 1204 3045 consilio
1227 3011 1439 3055 aptissimae.
