2044 3329
251 101 305 139 24

250 211 399 261 Voltu,
426 224 510 264 quo
540 210 705 252 eaelum
729 211 1094 261 tempestatesque
1119 211 1300 260 serenat,

812 97 850 129 P.
877 96 1075 129 VIRGILII
1099 94 1310 130 MARONIS

1797 208 1879 248 255

251 269 406 310 Oscula
429 268 579 309 libavit
606 272 754 318 natae3
785 265 938 306 dehinc
967 265 1075 306 talia
1099 265 1236 307 fatur:

248 326 382 367 Parce
409 329 540 376 metu.
574 324 803 378 Cytherea3
834 326 1008 363 manent
1033 323 1212 364 immota
1241 326 1414 364 tuorum

249 383 359 424 Fata
389 383 469 424 tibi
495 407 547 413 —
575 394 721 422 cernes
745 379 895 421 urbem
923 382 966 420 et
1000 380 1212 432 promissa
1240 380 1388 422 Lavini

250 440 437 491 Moenia,
465 439 773 490 sublimemque
799 435 909 477 feres
942 436 999 477 ad
1028 436 1171 478 sidera
1195 438 1302 479 caeli

249 498 568 551 Magnanimum
594 496 785 545 Aeneam
816 507 952 547 neque
980 507 1047 535 me
1074 495 1286 536 sententia
1308 494 1448 535 vertit.

1802 494 1884 533 260

249 553 331 596 Hie
364 554 443 595 tibi
470 579 527 584 ——
552 552 677 593 fabor
707 551 836 602 enim,
866 549 1037 604 quando
1063 550 1170 593 haec
1198 556 1241 593 te
1267 566 1371 593 eura
1394 550 1624 602 remordet,

248 612 437 665 Longius
467 615 509 652 et
537 610 710 651 volvens
738 607 928 650 fatorum
959 622 1119 650 areana
1148 609 1326 651 movebo
1352 634 1410 639 —-

248 669 415 711 Bellum
439 669 586 721 ingens
611 669 729 720 geret
751 665 895 717 Italia,
920 665 1188 720 populosque
1212 666 1374 708 feroces

251 725 508 776 Contundet3
540 737 767 777 moresque
793 723 895 764 viris
925 727 967 764 et
997 724 1166 764 moenia
1192 728 1340 777 ponet:

249 783 395 825 Tertia
425 783 525 824 dum
555 782 679 824 Latio
704 784 953 835 regnantem
976 780 1132 822 viderit
1160 784 1303 840 aestas

250 922 302 953 14.
331 940 368 944 —-
391 921 497 953 Sator
515 929 547 953 ut
571 921 621 954 tt.
640 921 723 959 7253
747 931 797 958 ap.
813 924 903 952 Hom.
921 915 1043 962 πατὴρ

250 962 398 1008 ἀνδρῶν
422 976 459 998 τε
484 966 584 998 θεῶν
608 976 655 998 τε.

296 1013 370 1044 255.
398 1013 529 1044 caelum
570 1016 857 1054 tempestatesque
889 1016 1045 1043 serenat:

255 1059 402 1090 Serenat
445 1069 507 1089 non
547 1063 655 1090 eodem
701 1062 790 1089 modo
832 1060 964 1089 refertur
1005 1060 1045 1088 ad

249 1111 417 1141 utrumque
439 1107 476 1136 cf.
498 1104 550 1134 78.
590 1109 625 1135 ln
647 1115 680 1135 re
704 1107 884 1141 praeiverat
903 1106 1043 1134 Ennius:

253 1149 410 1193 Iuppiter
435 1149 488 1181 hic
512 1150 605 1189 risit7
643 1154 928 1191 tempestatesque
957 1159 1046 1179 sere-

249 1206 318 1227 nae
354 1195 518 1227 Riserunt
553 1206 668 1227 omnes
706 1195 778 1227 risu
808 1194 899 1226 Iouis
937 1194 1045 1225 omni-

247 1241 408 1283 potentis.
458 1244 599 1279 Iuppiter
629 1245 726 1272 etiam
754 1240 941 1272 Serenator
966 1243 1045 1271 diei-

250 1294 309 1317 tur.
367 1291 504 1318 Deorum
534 1294 639 1318 autem
670 1297 709 1318 ea
739 1294 785 1317 est
818 1289 975 1323 potentia.
1012 1292 1045 1316 ut

249 1336 342 1363 vultu
366 1336 439 1363 sive
454 1337 537 1364 laeto
554 1336 627 1364 sive
648 1335 728 1364 irato
750 1335 782 1363 in
810 1342 906 1370 regno
933 1342 991 1362 suo
1017 1338 1047 1362 et

251 1388 362 1416 pacem
387 1381 507 1409 firment
534 1386 562 1409 et
586 1383 697 1409 turbas
723 1384 872 1409 moveant
903 1379 941 1409 cs.
971 1376 1043 1407 127.

251 1427 289 1454 H.
310 1428 347 1455 Il.
368 1424 419 1461 13.
439 1424 491 1455 28.
535 1427 616 1455 Hine
636 1427 669 1454 in
688 1426 924 1461 precationibus
947 1426 1044 1453 illud:

251 1468 364 1501 lmtus
390 1469 497 1501 adsis.
549 1472 595 1501 Cf.
625 1473 663 1501 de
686 1472 812 1501 Venere
836 1473 929 1501 Lucr.
957 1468 994 1499 1.
1025 1469 1044 1498 5

250 1518 288 1546 de
310 1518 436 1547 Baccho
462 1519 536 1547 Hor.
563 1519 597 1546 C.
625 1516 661 1554 2,
690 1514 740 1546 19.

297 1561 372 1591 256.
406 1560 532 1592 Oscula
559 1561 682 1592 libavit
711 1563 780 1597 [sie
807 1563 863 1590 Sil.
892 1559 927 1597 1,
961 1559 1045 1597 104]

251 1609 271 1637 i.
295 1617 321 1637 e.
341 1617 469 1638 summa
491 1611 611 1638 labella
631 1609 744 1645 attigit.
766 1610 847 1643 quod
873 1612 919 1636 est
945 1608 1046 1642 patris

250 1660 338 1684 caste
356 1656 494 1684 amantis
512 1656 620 1684 filiam.
668 1652 783 1684 Natae
801 1654 957 1683 adiectum
977 1658 1046 1688 post

250 1708 423 1735 pronomen
448 1698 502 1730 illi
528 1700 675 1735 (Similia
701 1700 731 1734 5.
759 1698 843 1735 609)
871 1704 903 1728 ut
929 1707 1046 1735 cogua—

251 1747 347 1774 tionis
372 1747 488 1775 mentio
511 1747 574 1777 fiat.
602 1754 704 1782 neque
724 1746 809 1774 enim
834 1746 867 1773 in
889 1746 953 1774 alio
971 1747 1046 1779 Iup-

251 1792 332 1826 piter
351 1801 475 1821 omnem
495 1794 660 1828 deponeret
683 1792 874 1829 gravitatem
898 1796 926 1819 et
946 1792 1047 1819 maie-

251 1842 374 1867 statem.

296 1881 372 1912 257.
402 1880 511 1912 Parce
544 1885 635 1913 metu
666 1883 789 1918 (dativi
821 1883 923 1911 forma
945 1882 983 1911 ef.
1015 1880 1044 1919 3,

251 1926 338 1965 541)
376 1927 448 1958 noli
485 1931 650 1965 metuere,
693 1933 740 1957 est
780 1929 866 1956 enim
903 1935 1046 1967 parcere

251 1982 348 2009 saepe
372 1975 463 2006 idem.
490 1976 572 2009 quod
597 1972 770 2003 abstinere
796 1971 838 2002 ab
863 1981 919 2007 τες
945 1974 988 2001 ita
1015 1970 1044 2006 9,

253 2017 317 2047 656
343 2028 448 2059 parce
472 2017 560 2048 bello
591 2020 610 2048 i.
637 2028 664 2048 e.
698 2019 823 2048 abstine
854 2026 874 2047 a
898 2020 1044 2047 bellando

251 2062 282 2099 2,
309 2062 374 2092 534
401 2073 460 2094 nec
485 2063 560 2094 voci
584 2062 726 2104 iraeque
747 2061 919 2104 pepercit:
945 2072 1045 2098 neque

251 2111 407 2139 abstinuit
438 2111 609 2139 vociferari
645 2115 673 2139 et
706 2111 805 2139 irasci
832 2113 1042 2139 veliementer.

251 2158 286 2185 G.
323 2154 359 2190 2.
392 2154 455 2185 339
493 2153 643 2185 hibernis
677 2153 867 2195 parcebant
895 2153 1044 2194 flatibus

254 2199 346 2230 Euri
374 2202 394 2231 i.
425 2211 450 2230 e.
479 2211 540 2230 non
573 2202 700 2230 flabant.
736 2217 773 2221 —-
813 2198 980 2239 Cytherea
1005 2201 1043 2230 cf.

252 2244 328 2276 680.
358 2263 395 2267 -—
423 2250 563 2276 manent
589 2245 730 2276 immola
756 2247 793 2276 cf.
817 2244 869 2275 26.
898 2263 936 2266 —
969 2244 1046 2275 Ma-

250 2295 332 2321 nent
357 2294 456 2327 primo
484 2295 552 2322 loco
577 2302 648 2323 cum
675 2293 709 2321 vi
735 2293 861 2322 dietum.

298 2336 372 2367 259.
400 2336 648 2378 sublimemque
664 2337 760 2376 feres
782 2346 813 2366 a.
837 2348 860 2366 s.
887 2347 913 2366 c.
940 2339 1047 2366 ..Bene

251 2385 368 2413 addidit
387 2383 502 2422 fereS,
537 2389 569 2413 ut
599 2385 722 2421 gratius
752 2388 852 2417 esset.
884 2385 964 2418 qumi
991 2392 1047 2417 per

251 2429 355 2464 ipsam
372 2428 478 2459 fierest‘
500 2432 530 2458 S.
580 2430 652 2458 Tibi
676 2429 739 2464 ipsi
763 2437 951 2458 eoncessum
975 2429 1047 2463 erit,

251 2484 323 2504 eum
351 2476 384 2504 in
408 2477 532 2505 eaelum
565 2476 585 2504 i.
611 2484 638 2504 e.
670 2475 702 2503 in
725 2476 854 2503 deorum
879 2482 1047 2502 numerum

251 2521 377 2550 inferre.
427 2522 579 2556 ..Aeneas
612 2529 711 2550 uxore
737 2524 765 2548 et
796 2528 891 2553 regno
917 2520 1045 2555 potitus,

252 2567 365 2594 Latino
397 2571 536 2599 mortuo.
576 2569 728 2596 Etruscos
766 2566 937 2594 certamine
975 2573 1046 2599 pre-

251 2619 358 2644 mens.
395 2612 428 2639 in
459 2612 601 2641 conflictu
634 2612 746 2641 bellico
772 2611 945 2645 requisitus
969 2618 1045 2638 nus-

251 2663 346 2691 quam
371 2658 561 2691 comparuit.
596 2663 624 2685 et
654 2657 777 2686 Numici
808 2656 947 2685 fluminis
972 2664 1045 2689 gur-

252 2702 315 2738 gite
337 2704 472 2730 haustus
497 2707 638 2739 putatur.
665 2704 716 2732 eui
737 2703 919 2737 Ascanius,
944 2702 1045 2730 hosti-

251 2750 313 2776 bus
351 2748 502 2777 devictis,
547 2749 679 2777 Aeneae
717 2749 852 2784 Indigeti
893 2749 1045 2781 templum

253 2793 372 2821 dicavit
400 2792 458 2827 (cf.
488 2790 546 2825 12,
576 2791 651 2822 794.
686 2795 759 2822 Liv.
787 2790 822 2827 1.
849 2791 878 2821 2.
919 2794 977 2821 ΟΥ.
1002 2795 1043 2820 Μ.

255 2835 307 2867 14.
341 2835 415 2866 607.
458 2839 525 2865 Tib.
553 2836 582 2866 2.
613 2839 643 2874 5,
669 2837 744 2875 43),
774 2841 815 2867 ad
838 2840 917 2873 quod
944 2838 1046 2873 ponti-

253 2884 326 2913 fices
365 2884 536 2918 quotannis
579 2892 649 2913 cum
690 2885 877 2913 consulibus
914 2884 1044 2912 veniunt

253 2929 484 2959 sacrificaturi*
511 2931 608 2958 schol.
632 2931 719 2958 Maii.
743 2946 779 2949 —
800 2926 966 2958 sublimen
989 2930 1045 2957 ad-

252 2976 398 3005 verbium
424 2974 558 3003 inferunt
590 2972 669 3004 Rb..
701 2973 780 3003 Wd.

299 3018 373 3049 261.
403 3017 468 3049 Hic
507 3020 527 3047 i.
567 3028 593 3048 e.
629 3021 759 3049 Aeneas
795 3017 872 3058 tibi,
922 3016 1046 3057 (fabor

1802 780 1884 820 265

1091 920 1181 952 enim
1203 920 1283 961 ...)
1323 918 1448 950 bellum
1487 921 1597 960 geret.
1649 916 1726 949 'ribi
1755 921 1886 950 dativus

1090 970 1213 998 ethicus
1246 971 1275 997 h.
1308 970 1329 996 l.
1370 967 1570 1002 aptissimus.
1629 966 1758 995 Similes
1798 969 1886 997 locos

1091 1016 1231 1050 reperies
1261 1013 1296 1050 2,
1326 1011 1400 1041 601.
1445 1011 1483 1047 8,
1511 1009 1563 1040 42¹.
1601 1013 1667 1040 Eel.
1700 1010 1737 1046 8,
1770 1010 1799 1041 6.
1834 1012 1885 1042 10.

1092 1063 1126 1089 G.
1154 1060 1191 1090 2.
1220 1059 1294 1088 252.
1328 1057 1362 1092 4„
1392 1057 1473 1091 384:
1515 1058 1580 1086 Cic.
1607 1059 1695 1086 Fam.
1722 1056 1759 1093 9,
1786 1056 1821 1092 2,
1849 1058 1885 1088 3:

1093 1105 1137 1135 Al
1165 1104 1227 1134 tibi
1252 1108 1390 1145 repente
1415 1101 1507 1133 venit
1540 1100 1587 1131 ud
1620 1111 1672 1132 me
1703 1101 1884 1134 Cani-nius.

1093 1152 1138 1181 Cf.
1165 1154 1215 1180 Gr.
1247 1152 1268 1185 S
1297 1148 1372 1178 278.
1430 1152 1519 1178 Serv.
1556 1149 1657 1185 iungit
1686 1146 1748 1177 tibi
1778 1148 1887 1188 fabor

1093 1195 1179 1226 enim
1208 1198 1411 1231 explicatque
1440 1192 1502 1224 tibi
1527 1191 1592 1223 soli
1618 1195 1766 1230 additque
1788 1192 1840 1231 10,
1865 1194 1886 1224 8

1092 1252 1163 1272 eum
1186 1244 1279 1272 aliter
1306 1242 1393 1276 loqui
1418 1241 1540 1270 cunetis
1565 1241 1627 1269 diis
1653 1242 1886 1279 praesentibus,

1093 1290 1174 1324 quod
1199 1295 1391 1323 quamquam
1417 1295 1547 1323 verum,
1580 1287 1654 1315 huic
1684 1288 1752 1316 loco
1777 1293 1886 1322 aptum

1092 1343 1154 1363 non
1189 1339 1254 1367 est.
1297 1342 1397 1368 neque
1431 1333 1515 1361 enim
1551 1333 1583 1360 id
1622 1333 1697 1360 dicit
1726 1333 1885 1367 Iuppiter:

1093 1381 1163 1408 Tibi
1185 1381 1290 1408 dicam
1307 1387 1369 1408 non
1389 1379 1475 1411 aliis.
1501 1379 1572 1406 sed:
1613 1378 1749 1407 Etiamsi
1773 1385 1813 1407 ea
1837 1388 1887 1408 re-

1092 1427 1188 1455 ticere
1210 1425 1316 1459 volui.
1343 1433 1445 1459 usque
1469 1425 1542 1452 dum
1567 1424 1750 1461 evenirent,
1781 1425 1887 1454 dicam

1093 1477 1198 1500 tamen
1223 1480 1323 1507 nune,
1349 1479 1388 1499 ne
1414 1470 1510 1498 nimis
1534 1469 1677 1506 angaris.
1726 1472 1804 1499 Nam
1831 1480 1887 1500 ne-

1092 1527 1153 1552 que
1178 1514 1265 1546 enim
1290 1524 1359 1551 suo,
1386 1525 1445 1545 nee
1469 1512 1530 1544 tibi
1552 1520 1624 1550 apto
1648 1517 1728 1551 loeo,
1753 1518 1835 1550 quod
1853 1517 1888 1545 in

1093 1564 1175 1592 thesi
1206 1571 1268 1591 non
1300 1563 1332 1590 in
1364 1562 1430 1590 arsi
1461 1565 1524 1597 est,
1558 1561 1696 1596 positum
1725 1566 1819 1591 esset.
1846 1578 1885 1582 —

1092 1606 1262 1638 remordet
1288 1608 1326 1637 cf.
1350 1605 1388 1642 7,
1414 1605 1489 1635 402.

1139 1652 1214 1683 262.
1242 1652 1396 1682 volvere.-
1433 1654 1481 1681 Ita
1503 1650 1540 1685 3.
1567 1648 1641 1681 102.
1690 1653 1834 1687 Longius
1858 1658 1890 1682 et

1091 1705 1236 1736 repetens
1255 1706 1375 1729 arcana
1400 1698 1567 1733 proferam.
1590 1713 1627 1717 —
1647 1697 1803 1727 movebo:
1838 1701 1888 1728 Ita

1092 1748 1216 1775 cantus
1236 1753 1369 1773 mouere
1391 1742 1421 1779 7,
1447 1742 1522 1772 641.
1548 1740 1600 1779 10,
1629 1741 1702 1772 163.
1729 1743 1888 1782 carmina

1091 1798 1225 1820 movere
1248 1792 1306 1820 Ov.
1330 1793 1402 1818 Met.
1428 1787 1481 1825 10,
1508 1787 1582 1817 149.
1622 1786 1675 1824 14,
1702 1787 1754 1818 20.
1806 1788 1888 1819 Fat-

1092 1834 1152 1866 lax
1181 1833 1346 1865 historias
1380 1837 1490 1864 movet
1523 1836 1598 1863 Hor.
1632 1836 1665 1864 C.
1697 1833 1732 1867 3,
1762 1833 1799 1870 7,
1834 1834 1886 1865 20.

1092 1885 1171 1911 Nam
1197 1887 1242 1911 est
1266 1881 1439 1910 transferre
1463 1882 1501 1909 ad
1521 1881 1654 1909 alterius
1676 1882 1888 1917 cognitionem

1093 1936 1148 1958 ea.
1175 1936 1257 1962 quae
1280 1932 1374 1956 antea
1398 1929 1528 1955 latuere.

1139 1972 1213 2002 263.
1235 1972 1393 2011 feroces:
1426 1973 1557 2001 Ferocia
1579 1972 1717 2001 militum
1740 1973 1772 2000 in
1792 1974 1889 2002 laude

1092 2025 1157 2053 est:
1185 2021 1230 2048 ita
1259 2017 1312 2047 12.
1342 2016 1391 2047 19.
1433 2019 1512 2047 Sall.
1537 2019 1603 2047 Cat.
1630 2015 1678 2046 11.
1715 2019 1783 2054 Iug.
1813 2017 1887 2048 102.

1092 2067 1164 2094 Liv.
1193 2064 1229 2096 3.
1257 2062 1309 2093 27.
1353 2066 1427 2093 Tac.
1455 2065 1492 2092 H.
1523 2061 1559 2098 2,
1584 2061 1636 2091 76.

1139 2109 1213 2139 264.
1241 2107 1444 2138 contundet.-
1469 2109 1514 2138 Cf.
1530 2110 1601 2138 Liv.
1623 2107 1675 2143 27,
1695 2106 1734 2136 12
1752 2107 1888 2138 Adhor-

1092 2160 1186 2186 tatus
1232 2153 1358 2185 milites
1398 2155 1600 2190 (Hannibal)
1645 2156 1681 2184 nt
1723 2163 1888 2184 memores·

1097 2199 1292 2232 'Pras-intent
1333 2199 1602 2240 Cannarumque
1639 2198 1887 2230 contunderent

1086 2245 1256 2287 ferociam
1283 2244 1390 2275 hostis
1414 2252 1441 2275 et
1464 2255 1488 2275 e.
1514 2244 1532 2273 2
1562 2243 1750 2274 Marcellus
1771 2244 1887 2276 scribit

1093 2291 1235 2323 eundem
1253 2301 1298 2325 se.
1322 2290 1382 2331 qui
1398 2294 1473 2331 post
1499 2289 1710 2319 Cannensem
1725 2299 1886 2330 pugnam

1086 2339 1239 2377 ferocem
1257 2335 1401 2366 victoria
1419 2333 1650 2365 Hannibalem
1667 2334 1888 2374 contudisset,

1093 2382 1142 2414 ire
1163 2382 1330 2412 aduersus
1349 2391 1435 2410 enm.
1478 2383 1552 2410 Hor.
1573 2382 1607 2410 C.
1633 2380 1664 2419 3,
1691 2380 1720 2419 6,
1743 2381 1782 2410 10
1809 2391 1887 2411 con-

1092 2427 1238 2459 tundere
1260 2426 1426 2467 impctzm.
1453 2432 1479 2455 et
1505 2425 1541 2463 4,
1568 2425 1606 2460 3,
1631 2425 1650 2455 8
1678 2436 1799 2468 regum
1822 2426 1886 2457 mi-

1092 2484 1168 2504 nas.
1225 2470 1443 2503 Contundere
1467 2473 1550 2501 enim
1570 2478 1616 2501 est
1639 2470 1674 2501 vi
1693 2472 1888 2512 frangere,-

1093 2522 1141 2550 sie
1160 2521 1225 2549 Cic.
1246 2520 1328 2547 Phil.
1356 2516 1408 2552 13,
1435 2515 1475 2545 13
1503 2516 1714 2547 contundere
1739 2518 1888 2556 etfron—

1093 2574 1177 2607 gere
1200 2565 1311 2601 iungit.
1361 2566 1596 2599 ..Incongruum
1620 2564 1723 2593 fuerat
1750 2565 1782 2592 in
1811 2574 1887 2594 con-

1093 2612 1249 2640 solatione
1286 2612 1372 2638 bella
1410 2610 1607 2645 praedicere:
1650 2613 1687 2639 ob
1722 2612 1782 2639 hoe
1812 2619 1886 2646 ergo

1092 2658 1188 2686 etiam
1218 2656 1387 2684 victoriam
1413 2654 1599 2690 pollicetnr“
1634 2657 1665 2684 S.
1703 2671 1741 2675 —
1769 2659 1884 2694 ponet.

1093 2705 1128 2731 Et
1155 2705 1261 2731 urbem
1288 2703 1396 2730 condet
1424 2705 1453 2729 et
1478 2703 1565 2737 leges
1598 2702 1733 2735 imponet
1760 2701 1885 2739 incolis⁷

1092 2753 1125 2777 nt
1150 2748 1266 2781 victor3
1299 2747 1337 2776 ef.
1366 2745 1400 2783 6,
1426 2744 1490 2774 853
1522 2743 1687 2786 pacisque
1712 2743 1887 2784 imponere

1092 2802 1231 2822 nim-em.
1288 2789 1417 2821 Ponere
1440 2797 1487 2820 est
1512 2789 1714 2824 instituam-e,-
1738 2791 1782 2819 ita
1807 2789 1886 2821 iur'a

1090 2836 1189 2878 ponit
1216 2846 1266 2872 ap.
1296 2839 1388 2872 Prop.
1416 2834 1452 2872 4,
1484 2834 1519 2872 9,
1546 2834 1598 2865 64.

1139 2882 1213 2912 265.
1241 2884 1397 2916 Regnabit
1412 2884 1542 2911 Aeneas
1558 2891 1613 2916 per
1630 2882 1810 2916 triennium.
1830 2891 1887 2917 per

1092 2930 1222 2963 triginta
1246 2936 1348 2957 annos
1371 2929 1549 2961 Ascanius5
1575 2936 1630 2962 per
1651 2931 1804 2957 trecentos
1825 2929 1886 2956 Al-

1092 2976 1166 3003 bani
1209 2982 1316 3011 reges.
1358 2974 1513 3002 infinitum
1549 2973 1675 3002 habebit
1719 2973 1887 3008 imperium

1092 3022 1205 3049 Roma.
