2023 3350
699 159 938 193 AENEIDOS
972 161 1055 194 LlB.
1084 161 1148 198 lv,

1669 163 1747 201 179

96 273 360 328 Massylique
396 277 531 316 ruunt
564 274 730 328 equites
767 277 810 316 et
845 274 982 316 odora
1019 288 1173 316 canum
1209 275 1283 316 vis.

94 332 304 385 Reginam
333 331 525 373 thalamo
563 335 838 373 cunctantem
877 331 934 374 ad
965 332 1115 374 limina
1151 332 1280 386 primi

95 389 337 430 Poenorum
370 392 643 443 exspectant,
694 393 901 444 ostroque

97 446 195 488 Stat
231 447 402 500 sonipes
438 461 488 488 ac
527 446 650 488 frena
686 447 811 489 ferox
846 448 1094 501 spumantia
1127 447 1305 489 mandit.

940 390 1120 444 insignis
1163 393 1206 432 et
1243 403 1350 431 auro

1671 448 1749 487 135

95 503 287 546 Tandem
323 504 607 558 progreditur
644 519 802 559 magna
839 506 1030 559 stipante
1062 509 1247 556 caterva,

98 561 321 604 Sidoniam
359 563 476 617 picto
517 562 789 617 chlamydem
829 563 1097 604 circumdata
1134 562 1286 613 limb03

97 619 175 661 Cui
211 619 420 673 pharetra
458 634 510 662 ex
539 634 667 672 auro,
716 621 854 662 crines
890 620 1109 662 nodantur
1144 621 1190 662 in
1227 632 1394 662 aurum.

96 677 241 719 Aurea
277 692 541 732 purpuream
576 678 793 720 subnectit
828 677 962 719 fibula
995 682 1169 720 vestem.

94 734 182 776 Nec
216 748 301 777 non
341 740 383 777 et
416 735 593 790 Phrygii
628 736 804 778 comites
840 739 882 777 et
914 736 1055 778 laetus
1094 735 1212 777 Iulus

376 794 475 848 Ipse
514 797 615 835 ante
652 794 759 835 alios
797 793 1112 847 pulcherrimus
1148 805 1293 834 omnes

93 792 317 834 Incedunt.

1668 733 1749 773 140

94 850 232 892 Infert
273 864 317 892 se
354 851 517 893 socium
556 852 724 893 Aeneas
763 854 895 905 atque
935 851 1111 905 agmina
1146 849 1305 903 iungit:

94 908 221 958 Quali
256 908 332 949 ubi
371 909 598 951 hibernam
635 909 812 963 Lyciam
846 908 1094 962 Xanthique
1127 907 1290 949 fluenta

93 966 265 1007 Deserit
302 980 352 1008 ac
393 967 547 1008 Delum
585 970 827 1008 maternam
865 966 1012 1007 invisit
1046 965 1203 1020 Apollo

92 1022 403 1077 Instauratque
444 1025 622 1075 choros,
665 1024 876 1077 mixtique
914 1023 1073 1065 altaria
1114 1023 1278 1064 circum

1670 1021 1748 1058 147)

95 1081 327 1136 Cretesque
361 1082 644 1136 Dryopesque
681 1081 872 1123 fremunt
908 1080 1104 1135 pictique
1143 1076 1399 1133 Agathyrsi;

94 1211 125 1238 S.
176 1211 282 1244 Quare
313 1213 397 1241 hunc
425 1218 556 1240 versum
582 1211 615 1239 in
637 1213 716 1239 Mss.
746 1210 897 1239 omnibus

92 1256 210 1284 lectum
235 1257 350 1286 eiicere
385 1265 449 1285 non
482 1259 604 1291 placet,
638 1263 834 1291 quamquam
868 1255 897 1283 si

93 1303 232 1339 abesset,
254 1303 381 1338 reliqua
404 1303 521 1338 optime
547 1305 764 1332 cohaererem.
816 1302 896 1330 Eiic.

142 1389 217 1421 132.
244 1395 489 1429 „Illassylorum
521 1401 600 1430 gens
635 1397 682 1421 est
713 1401 775 1421 non
801 1394 895 1428 longe

93 1445 113 1467 a
138 1438 368 1468 mauritanias·
394 1442 425 1468 S.
462 1455 499 1458 —
534 1436 643 1468 odora
671 1446 795 1467 canum
824 1436 895 1467 vis.-

93 1481 325 1524 rabidamque
359 1493 484 1513 canum
518 1482 586 1513 vim
625 1486 702 1513 Stat.
731 1485 828 1513 Theb.
867 1481 894 1521 1,

94 1527 170 1558 625.
202 1531 271 1559 Iam
299 1531 392 1560 Lucr.
422 1527 452 1562 4.
479 1528 543 1558 685
568 1530 652 1559 dixit
677 1538 803 1558 canum
827 1526 892 1558 vis.

94 1575 254 1604 Homerus
289 1580 318 1604 et
351 1576 465 1605 Graeci
495 1580 607 1611 poetae
638 1576 787 1604 (fixerunt
820 1570 894 1615 βία,

94 1615 144 1658 ἴς,
167 1614 294 1659 μένος,
321 1616 454 1656 σθένος
483 1617 626 1650 Αἰνείου
658 1626 688 1650 et
715 1622 800 1657 alia,
829 1626 895 1650 tra-

92 1666 156 1702 gici
183 1659 305 1704 δέμας,
331 1660 428 1705 κοὶρα
454 1674 527 1696 cum
552 1667 697 1703 genitivo
724 1674 893 1703 personae,

92 1712 139 1741 ita
165 1715 200 1741 ut
234 1715 431 1742 vocabulum
462 1713 655 1748 simpliciter
688 1713 894 1743 circumscri-

92 1760 196 1787 batur.
244 1759 281 1787 Id
304 1763 435 1788 secutus
459 1763 506 1787 est
525 1759 600 1795 Vgl.
624 1774 662 1778 —
691 1767 836 1798 corpus.-
864 1756 894 1795 2,

95 1802 146 1832 ts.
174 1800 250 1831 214.
283 1801 314 1841 4,
340 1802 417 1833 572.
452 1802 483 1838 6,
513 1801 564 1832 21.
593 1802 669 1833 306.
700 1802 731 1841 7,
757 1802 833 1832 650.
865 1802 894 1836 9,

97 1847 163 1877 272
188 1852 283 1883 atque
309 1850 342 1878 id
367 1851 401 1878 in
425 1851 534 1879 soluta
559 1851 704 1879 oratione
727 1851 894 1879 usitatum.

95 1909 137 1914 —-
157 1892 292 1932 facies.-
318 1895 395 1925 Caci
422 1895 524 1924 facies
545 1893 576 1932 8,
604 1893 678 1931 194,
701 1896 817 1925 variae
842 1904 896 1925 co-

94 1940 208 1969 mitum
232 1939 336 1969 facies
364 1941 396 1978 5,
423 1938 501 1970 822.
542 1941 643 1970 facies
668 1943 840 1971 Lacaenae
865 1939 895 1977 2,

95 1983 172 2014 601.
223 1987 383 2026 tergum.-
411 1991 500 2022 terga
522 1995 619 2015 suum
643 1984 673 2021 2,
694 1985 770 2015 634.
806 1992 896 2023 terga

94 2032 236 2061 serarum
260 2030 291 2068 7,
318 2029 370 2059 20.
410 2036 430 2060 t.
455 2032 566 2060 lacerti
600 2034 635 2060 G.
663 2029 694 2068 4,
723 2029 772 2060 13.
815 2031 895 2069 for-

97 2085 193 2106 mae:
218 2077 340 2106 formae
362 2079 509 2112 luporum
536 2075 567 2113 7,
588 2075 638 2105 18.
677 2078 799 2106 formae
823 2078 895 2105 deo-

94 2131 166 2152 rum
194 2123 253 2152 Ov.
273 2125 346 2152 Met.
376 2120 403 2157 1,
424 2121 476 2151 73.
525 2125 667 2162 pectus.-
701 2130 781 2152 cara
808 2131 897 2151 soro-

96 2177 168 2198 rum
190 2173 321 2204 pectora
348 2165 400 2205 11,
427 2167 502 2197 215.
553 2176 608 2197 os.-
645 2175 703 2197 ora
726 2168 839 2197 Galesi
867 2166 898 2204 7,

95 2213 173 2243 575.
223 2216 350 2254 caput.-
387 2216 483 2243 boum
514 2214 623 2249 capita
653 2214 690 2247 5,
719 2211 772 2242 61.
821 2215 899 2242 Pla-

96 2264 167 2290 cent
189 2261 251 2289 illa
274 2260 472 2290 Horatiana:
510 2257 672 2299 perrupit
703 2257 900 2289 Acheronta

97 2302 290 2335 Herculeus
322 2304 421 2335 labor
451 2307 485 2335 C.
515 2303 542 2343 1,
570 2304 600 2342 3,
627 2303 679 2333 26.
729 2306 901 2334 narratur

95 2353 127 2380 et
158 2349 266 2390 prisci
306 2349 451 2381 Catonis
483 2359 586 2391 saepe
622 2358 715 2379 mero
750 2347 902 2379 caluisse

96 2393 210 2425 virtus
234 2395 271 2434 3,
296 2395 355 2434 21,
380 2395 433 2426 12.
472 2401 503 2426 et
537 2397 706 2426 Schilleri:
747 2393 799 2425 Ζα
830 2392 899 2424 ihm

96 2439 228 2480 hinauf
263 2440 419 2483 gesandt
454 2439 533 2472 hab'
568 2439 623 2471 ich
661 2439 803 2471 alsbald
843 2439 903 2470 des

97 2485 241 2517 raschen
278 2485 388 2517 Buten
412 2485 646 2529 jugendliche
679 2484 799 2526 Kraft.
852 2484 903 2515 Er

97 2530 158 2562 hat
186 2556 193 2561 .
214 2555 221 2562 .
247 2530 304 2562 nie
326 2531 387 2562 des
415 2531 556 2574 Bogens
582 2531 689 2571 Kraft
714 2534 904 2574 gespannt.

101 2576 152 2608 lm
189 2576 296 2608 Felde
325 2576 432 2619 glaht
472 2577 532 2608 der
567 2576 746 2608 Schnitter
781 2575 904 2616 Fleiss.

100 2624 148 2654 ef.
175 2626 227 2653 Gr.
256 2624 278 2660 S
305 2622 381 2661 359,
408 2623 438 2653 2.
474 2640 512 2644 —
552 2621 704 2660 „Odora
731 2623 904 2659 improprie

103 2670 201 2706 dixit,
232 2677 309 2699 nam
334 2671 466 2699 odorum
487 2674 552 2707 est,
585 2671 668 2704 quod
694 2678 736 2698 ex
766 2677 802 2697 se
826 2670 903 2698 odo-

99 2724 168 2745 rem
191 2716 324 2753 emittit,
366 2724 430 2745 non
459 2716 543 2750 quod
571 2717 699 2744 odorem
724 2712 901 2750 sequitui-‚⁶⁴

102 2762 133 2790 S.
182 2763 292 2796 Atque
327 2768 367 2791 ea
404 2761 639 2798 significatione
682 2763 742 2790 hoc
778 2764 903 2790 tantum

98 2808 170 2837 loco
195 2808 262 2844 legi
286 2807 424 2836 videtur.
475 2806 522 2836 Cf.
547 2804 577 2840 6,
600 2803 678 2834 715.

146 2849 222 2882 137.
256 2850 485 2883 Circumdata
535 2852 670 2881 Sidonia
719 2851 902 2887 chlamyde,

100 2899 193 2928 cuius
217 2902 287 2928 erat
311 2906 432 2928 aureus
459 2898 590 2927 limbus.
640 2897 689 2927 Cf.
715 2899 774 2934 ov,
800 2899 844 2926 Μ.
871 2897 902 2935 5,

40 2958 43 2980 ;
101 2941 142 2972 51
181 2941 328 2975 indutus
366 2940 585 2984 chlamydem
623 2939 765 2982 Tyriam
800 2951 904 2983 quam

103 2986 229 3019 limbus
257 2988 375 3019 obibat
404 2997 547 3019 aureus.
599 2989 647 3018 Cf.
682 2986 716 3025 9,
745 2986 821 3017 582.
865 3003 903 3008 -

42 3029 44 3061 ὲ
103 3035 151 3064 De
176 3042 244 3065 ace.
269 3044 316 3073 gr.
339 3035 379 3066 cf.
402 3034 434 3074 2,
463 3033 540 3063 273.

151 3077 225 3110 138.
253 3089 295 3111 ea·
316 3089 406 3111 auro
438 3081 478 3110 cf.
506 3082 558 3110 Gr.
587 3080 610 3116 S
639 3077 716 3108 310.
760 3094 798 3099 -
843 3075 909 3108 Cui

947 1209 1086 1238 relativo
1111 1208 1251 1244 pergitur
1279 1205 1441 1235 narrando
1470 1203 1509 1233 cf.
1540 1199 1591 1237 12,
1620 1200 1673 1230 65.
1708 1217 1745 1221 -

945 1251 1127 1284 nodantur
1153 1251 1187 1282 iu
1211 1259 1358 1287 aurum,
1387 1251 1462 1286 „vel
1481 1249 1594 1278 retiolo
1619 1250 1674 1277 vel
1699 1248 1749 1277 fa-

945 1301 1056 1337 scia-5
1089 1300 1136 1328 ita
1163 1307 1193 1328 v.
1226 1295 1289 1326 148
1324 1293 1485 1336 implicat
1511 1301 1598 1323 auro
1624 1293 1735 1322 crines

994 1343 1067 1374 139.
1100 1342 1226 1374 Fibula
1256 1343 1386 1372 videtur
1412 1342 1517 1370 fulsse
1545 1340 1576 1368 in
1605 1342 1748 1369 humero.

945 1393 1027 1427 quod
1053 1395 1099 1420 est
1123 1391 1228 1420 vestis
1252 1388 1432 1420 venatoria,
1453 1388 1486 1416 in
1512 1392 1575 1421 qua
1599 1386 1748 1415 liberiore

943 1446 1024 1473 opus
1058 1441 1106 1466 est
1139 1436 1343 1465 brachiorum
1376 1442 1446 1462 usu.
1494 1428 1607 1469 fibula
1641 1429 1749 1460 baltei

942 1483 981 1518 5,
1010 1480 1085 1511 313.
1136 1479 1193 1517 12,
1222 1478 1298 1509 274.
1340 1495 1378 1500 -
1420 1482 1467 1508 De
1503 1479 1662 1507 vocabulo
1698 1486 1748 1506 re-

948 1530 1043 1565 petito
1065 1528 1105 1559 cf.
1133 1525 1163 1565 1,
1190 1524 1268 1555 449.

990 1571 1065 1604 140.
1092 1582 1154 1603 nec
1185 1581 1255 1602 ποπ
1280 1573 1311 1601 et
1342 1572 1383 1601 cf.
1408 1570 1438 1605 5,
1467 1568 1542 1598 100.

993 1618 1064 1649 142.
1093 1616 1243 1662 agmina
1269 1615 1391 1658 iungit
1417 1616 1456 1646 cf.
1484 1614 1515 1653 2,
1543 1612 1618 1643 267.

989 1674 1066 1705 143.
1094 1673 1211 1717 qualis
1250 1675 1292 1705 cf.
1330 1672 1365 1710 1,
1398 1670 1473 1701 498.
1536 1673 1750 1707 comparatur

943 1724 1076 1753 Aeneas
1102 1730 1176 1752 eum
1194 1721 1361 1756 Apolline,
1387 1727 1485 1754 quum
1510 1719 1654 1747 maxime
1677 1719 1749 1747 eius

943 1770 1088 1804 splendet
1129 1768 1344 1803 pulchritudo.
1383 1781 1420 1785 -
1461 1761 1640 1793 hibernam
1680 1761 1749 1803 Ly-

944 1813 1046 1844 ciam.
1099 1815 1256 1849 „Constat
1281 1812 1470 1847 Apollinem
1495 1818 1555 1839 sex
1581 1810 1747 1838 mensibus

943 1861 1062 1890 hiemis
1103 1861 1189 1895 apud
1225 1859 1379 1887 Pataram
1418 1856 1542 1892 Lyciae
1583 1855 1749 1884 civitatem

944 1908 1022 1936 dare
1048 1911 1218 1941 responsa,
1244 1905 1328 1933 unde
1350 1904 1532 1931 Pataraeus
1555 1901 1676 1936 Apollo
1700 1901 1748 1929 di-

943 1953 1035 1983 citur.
1059 1957 1087 1981 et
1110 1960 1169 1980 sex
1195 1949 1334 1979 aestivis
1361 1949 1446 1983 apud
1472 1948 1622 1975 Delum:-
1647 1948 1679 1975 S.
1707 1962 1744 1966 -—

949 1995 1111 2026 Xanthus
1138 1997 1262 2032 Lyciae
1287 1995 1417 2025 fluvius.

993 2051 1067 2082 144.
1101 2051 1224 2082 Delum
1251 2054 1447 2081 maternam
1481 2051 1519 2080 cf.
1553 2048 1589 2084 3,
1617 2047 1670 2077 74.
1709 2065 1746 2068 -

945 2096 1080 2128 invisit.
1129 2100 1183 2128 Sic
1210 2095 1321 2127 visere
1347 2097 1463 2127 dicitur
1487 2098 1545 2125 dea
1570 2097 1677 2124 locum
1702 2095 1749 2123 di-

947 2145 1064 2173 lectum
1089 2148 1254 2179 repetens:
1288 2151 1378 2182 quae
1404 2142 1557 2177 (Venus)
1588 2137 1747 2180 Paphum

947 2187 1076 2218 ium-tis
1094 2187 1178 2218 visit
1203 2185 1356 2217 oloribus
1380 2189 1456 2216 Hor.
1488 2189 1522 2216 C.
1550 2185 1584 2219 3,
1610 2184 1668 2223 28,
1701 2184 1749 2214 15.

996 2242 1070 2273 145.
1098 2242 1277 2273 instaurat
1303 2244 1342 2273 cf.
1368 2242 1421 2271 63.

996 2299 1071 2330 146.
1098 2302 1210 2330 Cretes
1235 2301 1298 2329 sibi
1325 2301 1468 2334 Delphos
1499 2300 1668 2329 ministros
1693 2300 1749 2327 atl-

947 2348 1047 2377 scivit
1072 2348 1192 2381 Apollo
1216 2346 1254 2375 cf.
1277 2347 1369 2374 Hom.
1395 2346 1428 2373 in
1448 2346 1559 2380 Apoll.
1578 2342 1654 2372 393.
1672 2341 1748 2372 516.

946 2394 1030 2423 Hinc
1060 2389 1193 2421 Phoebo
1219 2388 1429 2432 gratissima
1462 2389 1555 2419 (lona
1584 2387 1664 2418 Cres
1698 2392 1751 2418 tu-

950 2437 991 2468 lit
1025 2439 1095 2467 Tib.
1126 2435 1163 2474 4,
1191 2434 1230 2473 1,
1257 2435 1288 2466 8.
1337 2452 1374 2456 -
1422 2433 1580 2475 Dryopes
1617 2435 1751 2471 „populi

949 2489 1025 2514 sunt
1056 2484 1149 2513 iuxta
1180 2480 1398 2512 Parnasiim.“
1440 2483 1471 2510 S.
1514 2481 1553 2511 cf.
1585 2481 1685 2509 Paus.
1718 2479 1749 2515 4,

951 2528 1004 2565 34,
1029 2528 1058 2559 6.
1096 2545 1133 2549 -
1182 2525 1382 2569 Agathyrsi
1411 2527 1543 2563 „populi
1569 2531 1645 2555 sunt
1669 2528 1751 2561 Scy-

950 2577 1038 2605 thiae
1077 2577 1220 2604 colentes
1251 2574 1441 2609 Apollinem
1472 2570 1749 2608 Hyperboreum-⁴

951 2624 982 2650 S.
1034 2621 1081 2651 Cf.
1113 2621 1229 2649 Herod.
1259 2617 1289 2655 4,
1314 2618 1366 2647 33.
1411 2634 1448 2638 -
1487 2615 1592 2658 picti.-
1617 2618 1656 2647 cf.
1683 2620 1751 2645 Me-

951 2670 1018 2697 lam
1046 2665 1083 2704 2,
1114 2664 1148 2694 1:
1187 2665 1372 2702 Agathyrsi
1397 2671 1477 2699 ..ora
1499 2668 1654 2698 artusque
1679 2664 1751 2698 pin-

949 2717 1045 2750 gunt,
1079 2716 1115 2741 ut
1139 2712 1277 2747 quisque
1304 2711 1481 2739 maioribus
1508 2713 1668 2745 praestat,
1706 2709 1748 2737 ita

949 2759 1055 2795 magis
1081 2759 1137 2788 vel
1161 2758 1289 2793 minus,
1327 2761 1468 2785 ceterum
1493 2755 1610 2784 iisdem
1640 2762 1751 2784 omnes

951 2805 1037 2834 notis
1062 2808 1091 2833 et
1114 2803 1173 2839 sic,
1190 2806 1225 2831 ut
1245 2803 1335 2831 ablui
1357 2800 1551 2836 nequeant.“
1584 2805 1614 2830 et
1628 2801 1750 2829 Avien.

950 2852 1052 2880 deser.
1078 2851 1144 2878 orb.
1162 2853 1236 2877 terr.
1260 2845 1342 2876 447:
1368 2844 1631 2886 praecinctique
1651 2843 1753 2886 sagis

950 2903 1084 2935 semper
1125 2891 1231 2934 pictis
1274 2889 1484 2933 Agathyrsi.
1557 2892 1668 2922 Utram
1714 2894 1752 2920 ob

952 2948 1106 2972 caussam
1130 2940 1232 2975 pictos
1261 2939 1398 2972 dixerit,
1429 2946 1494 2967 non
1522 2938 1633 2973 liquet.
1683 2938 1752 2964 Non

951 2988 1062 3017 minus
1086 2989 1126 3015 ab
1153 2994 1190 3014 eo
1215 2987 1250 3013 G.
1278 2982 1308 3020 2,
1338 2981 1401 3012 115
1433 2987 1464 3013 et
1497 2991 1519 3013 a
1544 2984 1593 3013 Cl.
1620 2983 1654 3011 in
1675 2982 1750 3010 Rus.

955 3031 984 3069 1,
1009 3030 1075 3061 313
1104 3031 1179 3067 picti
1207 3031 1354 3059 dicuntur
1381 3030 1513 3063 Geloni,
1551 3036 1633 3066 gens
1660 3028 1753 3064 Aga-

953 3078 1078 3115 thyrsis
1103 3080 1241 3113 cognata
1267 3075 1306 3105 cf.
1331 3076 1405 3104 Her.
1434 3073 1464 3111 4,
1496 3073 1546 3104 10.
