2023 3350
577 664 1225 754 ADDENDA.

418 961 492 993 Lib.
520 964 544 994 Ι.

132 1022 254 1049 Versus
274 1018 343 1048 Jtle
368 1019 627 1059 ego—Martis¹
640 1024 748 1058 Henry
775 1024 808 1051 in
834 1025 875 1052 li—

86 1069 139 1094 bro
163 1075 221 1094 suo
246 1067 435 1102 „Aeneidea
458 1063 566 1094 1873⁴⁶
593 1069 710 1097 acriter
735 1070 872 1098 defendit

86 1112 286 1148 Virgilioque
316 1112 463 1140 vindicat
497 1119 536 1141 ac
575 1114 679 1148 ipsius
715 1116 873 1144 Aeneidis

82 1165 155 1186 esse
177 1159 282 1191 docet.
313 1161 344 1186 et
366 1160 446 1187 haec
469 1163 517 1186 est
539 1159 611 1187 eius
636 1161 812 1190 sententia.
839 1166 871 1189 ut

82 1208 213 1232 censeat
234 1211 300 1240 θος,
323 1203 378 1238 qui
403 1206 543 1240 probent,
566 1213 636 1233 cum
664 1207 780 1235 ceteris
797 1216 872 1236 ver-

81 1249 173 1278 sibus
189 1249 331 1285 iungere,
357 1249 413 1283 qui
427 1250 556 1284 spurios
571 1253 720 1287 habeant,
742 1254 872 1282 omnino

80 1296 120 1324 ab
132 1295 274 1325 Aeneide
291 1303 455 1323 removere
474 1297 595 1331 debere.
620 1306 721 1332 neque
738 1303 770 1327 ut
786 1307 871 1328 nunc

79 1342 205 1370 soleant
228 1341 346 1377 facere,
371 1342 547 1370 Aeneidem
569 1343 673 1377 capite
699 1345 869 1381 privatam,

78 1387 183 1421 capite
215 1395 312 1421 prope
347 1387 494 1421 apposito
532 1389 712 1423 legentibus
749 1390 869 1425 offerre.

78 1437 251 1467 speratque
272 1432 399 1461 futuros
432 1433 463 1461 ei
491 1433 629 1462 editores
651 1437 868 1464 obsecuturos,

79 1480 156 1506 Eam
188 1486 245 1514 ego
279 1486 369 1512 spem
402 1478 558 1507 frustravi
591 1480 655 1508 iarn
691 1485 867 1517 propterea.

77 1525 159 1558 quod
183 1524 301 1552 librum
324 1523 430 1558 ipsius
454 1525 585 1553 editoris
610 1525 805 1555 liberalitate
826 1528 866 1555 ad

74 1577 126 1598 me
163 1570 297 1598 allatum
338 1569 466 1604 accepi,
512 1578 609 1604 quum
649 1571 702 1599 diu
744 1572 867 1607 primae

75 1618 206 1645 chartae
231 1615 408 1649 impressae
431 1620 549 1644 essent.

120 1662 160 1690 V.
184 1658 203 1689 4
227 1662 307 1690 delet
333 1661 489 1689 Steudner
500 1662 553 1689 Pr.
574 1661 865 1693 Rossleben1873.

74 1708 236 1742 simulque
263 1711 405 1735 removet
429 1708 549 1735 multas
575 1707 789 1738 difficultates.
822 1711 867 1738 At

74 1754 174 1782 simul
197 1756 340 1781 removet
362 1754 531 1785 Iunonem,
572 1761 654 1787 quae
677 1759 751 1783 ante
775 1764 806 1784 v.
835 1754 865 1783 9.

73 1799 269 1828 nominanda
290 1802 370 1827 erat.
410 1800 490 1826 Eum
514 1798 612 1834 igitur
637 1808 766 1829 versum
785 1802 866 1829 tollit

72 1849 101 1873 et
136 1845 259 1879 reliqua
292 1845 336 1872 ita
374 1844 559 1872 constituit:
612 1854 678 1883 quo
718 1845 864 1875 numina

72 1888 169 1918 laesa
214 1887 390 1930 Insignem
409 1909 439 1917 ..
459 1911 466 1917 .
491 1887 708 1927 Impulerint.
746 1909 787 1911 —
830 1895 866 1921 In

71 1935 279 1965 auriotatione
325 1936 364 1963 ad
398 1937 428 1964 li.
464 1944 494 1963 v.
529 1938 627 1964 semel
660 1945 771 1965 arcem
812 1947 866 1973 pro

70 1979 185 2011 urbem
210 1982 365 2015 scriptum
389 1985 447 2009 est.

116 2024 147 2055 6.
181 2024 278 2055 Unde
310 2028 466 2055 Steudner
496 2027 640 2061 explicat
673 2035 691 2055 a
727 2037 787 2063 quo
820 2038 865 2058 sc.

71 2074 194 2102 Aenea.
242 2073 363 2101 Deinde
397 2072 536 2101 adiicias
572 2073 692 2101 velini:
743 2075 781 2104 cf.
813 2074 865 2111 12,

70 2117 146 2146 836.

114 2162 144 2192 8.
175 2165 346 2193 Mt'inscher
376 2165 412 2193 Z.
443 2164 464 2193 f.
490 2166 620 2199 Gymn.·
639 2161 724 2191 ts73
750 2173 777 2199 p.
800 2164 864 2193 :333

71 2218 137 2249 quo
151 2210 291 2244 explicat
317 2207 496 2249 quomode.
520 2211 680 2238 Ammann
696 2212 747 2239 Pr.
767 2214 866 2240 Stult-

69 2261 139 2292 gart
170 2253 257 2283 1870
278 2258 389 2291 probat
417 2253 523 2283 laesa.

119 2299 173 2337 21,
199 2299 230 2329 8.
255 2302 360 2330 scribe
382 2298 493 2330 nihilo
513 2316 554 2321 —
578 2298 693 2330 minus

114 2345 168 2375 29.
195 2348 269 2375 Post
295 2344 448 2387 iungunt
474 2349 572 2376 adde:
612 2352 722 2376 contra
748 2356 863 2377 versus

66 2394 233 2422 rationem.

114 2437 165 2467 44.
192 2440 293 2475 Lege:
326 2436 356 2475 6,
381 2435 446 2465 390
469 2439 523 2466 ubi
546 2439 600 2467 icti
627 2438 772 2467 flammas
798 2440 860 2468 ful-

66 2485 158 2521 guris

113 2528 165 2558 48.
196 2531 352 2558 Steudner
376 2530 452 2564 legit
479 2529 606 2561 adorat
627 2536 657 2559 et
675 2527 834 2568 imponit.

113 2573 166 2603 98.
194 2577 256 2604 Pro
281 2573 324 2603 98
348 2577 370 2603 l.
394 2573 447 2603 99.

117 2619 188 2648 126.
216 2618 315 2655 Alto.
339 2622 421 2655 quod
450 2623 532 2650 satis
556 2623 761 2656 perspicuum
788 2630 860 2651 esse

66 2672 275 2702 putaveram,
317 2667 414 2695 varia
451 2668 668 2702 explicatione
704 2672 857 2696 tentatum

67 2718 125 2742 est.
182 2709 267 2752 Wg.
293 2712 453 2746 explicat:
497 2721 538 2742 ex
579 2714 642 2741 imo
667 2714 760 2746 mari,
803 2715 857 2742 ubi

67 2758 205 2794 Neptuni
229 2762 279 2786 estv
304 2759 407 2786 sedes.
440 2755 521 2786 Wd.
547 2761 642 2787 habet
664 2761 857 2795 ablativum,

67 2806 240 2833 Miinsclier
271 2801 470 2841 prospicere
500 2812 526 2831 c.
552 2801 621 2833 abl.
646 2809 740 2840 negat
769 2806 859 2834 Lati-

66 2859 143 2879 num
181 2858 255 2878 esse
296 2847 343 2882 [et
375 2845 571 2886 prospicere
603 2857 643 2877 ew
679 2851 797 2884 legitur
828 2850 858 2881 4.

69 2893 145 2924 409.
173 2893 205 2929 7,
235 2893 309 2922 288.
340 2892 389 2922 12.
420 2892 493 2922 134.
519 2895 636 2929 quibus
660 2900 765 2925 tamen
780 2898 860 2925 locis

70 2943 146 2970 nolo
184 2942 401 2970 demonstrare
446 2941 625 2968 ablativum
664 2950 725 2970 non
767 2951 862 2976 posse

72 2988 169 3022 dici),
196 2995 298 3021 neque
329 2989 412 3015 recte
444 2986 533 3022 iungi
557 2984 772 3025 prospiciens
805 2996 861 3017 ex-

70 3030 163 3062 tulit.
188 3034 262 3069 Ipse
273 3034 343 3062 colo
356 3035 424 3069 post
443 3028 545 3061 vadis
563 3033 665 3067 posito
683 3037 864 3069 remotoque

920 970 990 999 post
1016 967 1203 993 commotus
1224 968 1391 995 commate,
1413 956 1628 1000 prospiciens
1652 968 1709 987 ex-

920 1012 1019 1045 plicat
1044 1011 1096 1039 fiir
1119 1012 1178 1039 das
1199 1012 1286 1038 Meer
1312 1011 1410 1044 Serge
1434 1007 1573 1043 tragend.
1620 1006 1707 1039 Quod

920 1057 1110 1086 iudicaverit
1138 1055 1283 1084 Bentfeld
1303 1056 1340 1083 Z.
1373 1054 1394 1082 f.
1419 1055 1535 1088 Gymn.
1566 1049 1647 1079 1574
1676 1058 1706 1084 p.

918 1102 995 1132 sos,
1022 1111 1083 1130 non
1109 1102 1191 1130 satis
1215 1100 1383 1136 perspicio.
1426 1100 1526 1127 Habet
1555 1094 1629 1125 atto
1649 1098 1707 1124 ab·

917 1150 1071 1180 lativum.
1109 1148 1194 1176 addit
1218 1145 1291 1175 alto
1315 1141 1532 1185 prospiciens
1556 1144 1630 1179 ..als
1655 1145 1708 1170 he-

917 1195 1094 1230 gleitendes
1110 1196 1356 1222 Nebenmoment
1379 1199 1421 1219 zu
1435 1199 1459 1218 s.
1473 1198 1500 1218 c.
1523 1185 1647 1217 extulit
1673 1196 1705 1214 u.

917 1241 990 1276 Vgl.
1019 1237 1070 1275 12,
1098 1238 1171 1267 136.
1220 1239 1357 1267 Deinde:
1387 1233 1484 1272 „alto
1505 1236 1590 1263 hatte
1614 1242 1706 1268 weg-

917 1287 1041 1314 bieiben
1063 1285 1224 1314 konnenf·
1272 1284 1413 1311 sirecte
1444 1280 1609 1315 intellexi,
1647 1287 1705 1307 ex-

916 1332 1013 1366 plicat
1043 1340 1105 1360 von
1140 1333 1219 1359 oben
1253 1326 1594 1357 herniederschauend.
1644 1321 1704 1353 Fi).

915 1375 999 1411 atto,
1022 1381 1056 1405 ut
1078 1385 1110 1404 v.
1128 1374 1184 1405 tst
1207 1372 1340 1414 pelago
1365 1373 1504 1407 explicat
1522 1379 1576 1405 per
1593 1372 1705 1405 altum,

916 1431 970 1456 per
996 1424 1130 1457 pelagus
1160 1418 1219 1448 [ΑΙ.
1251 1424 1285 1448 ut
1314 1428 1371 1455 ego
1402 1422 1536 1452 utroque
1561 1416 1594 1444 in
1632 1416 1704 1443 loco

915 1468 1066 1501 intelligit.
1089 1467 1235 1495 dativum
1259 1473 1361 1499 neque
1383 1472 1456 1491 sum
1478 1462 1610 1491 nescius
1627 1460 1704 1488 aliis

914 1514 946 1541 in
972 1514 1052 1542 locis
1075 1510 1273 1551 prospicere
1298 1518 1406 1545 regere
1429 1507 1652 1537 accusativum
1672 1510 1705 1534 ut.

916 1556 989 1587 155¹.
1010 1559 1041 1596 6,
1064 1555 1138 1586 357.
1157 1555 1188 1593 7,
1209 1554 1287 1594 289,
1300 1557 1355 1584 sed
1370 1555 1438 1584 alia
1453 1553 1703 1590 significatione;

912 1604 1012 1633 iniis
1036 1605 1121 1632 enim
1155 1604 1183 1630 is
1218 1602 1273 1637 qui
1311 1601 1465 1637 prospicit
1496 1600 1594 1628 simul
1628 1606 1703 1627 con—

913 1651 1006 1685 spicit
1033 1650 1173 1684 aliquid,
1206 1649 1286 1683 quod
1311 1647 1501 1677 accusativo
1527 1645 1702 1679 indicatum

912 1697 965 1724 his
988 1697 1070 1725 locis
1093 1695 1290 1731 significatur
1318 1696 1436 1728 longus
1460 1695 1648 1726 prospectus
1669 1690 1703 1717 in

912 1742 1053 1775 aliquid:
1091 1742 1262 1776 seewarts‚
1298 1748 1377 1768 non:
1423 1739 1482 1766 das
1521 1739 1608 1765 Meet
1644 1742 1701 1763 an-

910 1788 1083 1816 schauend.

959 1831 1032 1861 1⁴4.
1058 1833 1108 1860 Ad
1132 1826 1403 1860 simut—simul
1430 1825 1457 1862 1,
1475 1825 1541 1855 513
1566 1827 1646 1855 adde
1670 1825 1702 1863 5,

912 1877 988 1907 (³75.
1035 1876 1083 1913 12,
1107 1876 1183 1905 268.

961 1921 1034 1952 148.
1063 1926 1083 1952 l.
1113 1925 1246 1951 inversa
1273 1919 1304 1950 7.
1329 1918 1393 1948 58⁴
1426 1923 1472 1947 est
1505 1918 1701 1952 comparatio

963 1968 1033 1998 152.
1065 1971 1114 1998 Ad
1147 1968 1210 1996 303
1233 1969 1313 1996 adde
1337 1965 1387 2000 12,
1414 1963 1489 1993 618.

962 2014 1033 2044 165.
1059 2016 1105 2044 ita
1125 2012 1202 2042 311.

962 2059 1032 2090 178.
1058 2060 1178 2097 fasces
1204 2060 1358 2097 receptos
1381 2062 1410 2085 et
1435 2057 1513 2085 adde
1538 2053 1569 2088 7,
1596 2053 1672 2082 244.

960 2116 1032 2145 tsi.
1065 2115 1196 2157 Pelugo
1222 2116 1378 2148 Bentfeld,
1405 2116 1534 2149 Kappes
1554 2113 1699 2141 ablativo

911 2165 1071 2198 explicat:
1120 2165 1196 2192 ..der
1215 2163 1351 2191 Ablativ
1390 2169 1449 2189 zur
1473 2159 1700 2192 Bezeiehnung

911 2211 966 2237 des
994 2211 1146 2242 Raumes,
1180 2209 1212 2236 in
1236 2210 1392 2236 welcheiu
1416 2207 1487 2234 eine
1512 2206 1699 2238 Bewegung

911 2256 1090 2290 stattfindet,
1113 2256 1163 2283 bei
1188 2255 1291 2290 Virgil
1314 2252 1452 2288 hauligf*
1496 2250 1699 2284 Afferturque

913 2304 1013 2330 nubes
1037 2303 1265 2336 exemplorum.
1297 2300 1330 2328 in
1355 2299 1470 2333 quibus
1493 2298 1631 2331 simplex
1650 2301 1698 2325 est

911 2348 997 2376 notio
1027 2348 1106 2383 loci,
1147 2351 1178 2375 ut
1203 2346 1310 2374 worin
1338 2347 1448 2373 umher
1472 2345 1543 2372 vult
1574 2342 1697 2378 signifi-

909 2394 977 2422 cari
1005 2391 1036 2428 4,
1057 2391 1098 2419 68
1123 2394 1155 2420 in
1182 2394 1324 2430 totaque
1349 2392 1507 2428 vagatur
1530 2386 1623 2424 urbe,
1644 2390 1698 2417 uhi

908 2440 989 2467 illud
1015 2442 1127 2468 umher
1156 2440 1233 2466 latet
1258 2439 1291 2465 in
1315 2439 1481 2475 vagatur.

954 2483 1031 2513 186.
1056 2493 1111 2519 per
1136 2485 1256 2512 vallem
1279 2483 1455 2512 flexuosam

955 2528 1030 2559 212.
1056 2528 1110 2566 11,
1142 2528 1214 2558 145.

955 2574 1030 2604 226.
1058 2576 1104 2605 Cf.
1134 2573 1208 2603 493.

954 2620 1028 2651 253.
1052 2623 1132 2650 adde
1158 2621 1197 2650 ef.
1225 2622 1277 2648 Gr.
1304 2619 1335 2653 S.
1363 2615 1437 2646 334.
1463 2618 1527 2646 An.
1555 2617 1583 2645 2.

953 2666 1027 2696 292.
1054 2669 1234 2696 Romanuin
1260 2666 1365 2693 bellis.
1392 2665 1461 2691 dele
1487 2662 1603 2692 ceiam.

1053 2722 1094 2742 ex
1120 2714 1301 2744 coniectura
1327 2710 1479 2743 Rutgersi

1054 2756 1212 2798 querenti
1235 2757 1329 2785 iunxi
1344 2764 1413 2785 cuni
1430 2753 1571 2784 tatibus.
1594 2763 1695 2789 neque

904 2808 1010 2832 tamen
1035 2804 1258 2839 pronuntiavi:
1285 2803 1368 2830 idem
1392 2802 1487 2829 sentit
1504 2802 1692 2837 nunecius-n

904 2854 1014 2879 contra
1046 2847 1130 2889 ll'rg.
1161 2846 1221 2877 Ld.
1256 2847 1337 2876 lls'rt.
1362 2850 1489 2877 trahunt
1514 2848 1554 2875 ad
1577 2845 1647 2876 itte.

953 2893 1029 2922 394.
1058 2900 1088 2922 ut
1113 2893 1143 2925 8.
1173 2893 1248 2922 523.
1271 2896 1330 2922 (lv.
1354 2897 1395 2922 Μ.
1424 2899 1481 2921 etc.

952 2939 1028 2968 396.
1054 2938 1168 2978 capsis
1202 2942 1283 2975 quod
1317 2941 1381 2968 iam
1412 2941 1550 2968 Schenkl
1579 2948 1693 2975 propo-

908 2991 1034 3021 suerat,
1072 2987 1108 3014 de
1141 2994 1199 3014 suo
1223 2987 1350 3020 protulit
1389 2987 1596 3021 Schulthess,
1637 2988 1692 3021 qui

906 3033 1002 3061 etiam
1026 3034 1220 3072 respectare
1242 3033 1371 3069 recepit,
1394 3037 1561 3068 utrumque
1583 3036 1693 3068 probat

952 2710 1027 2742 317.

951 2757 1026 2787 370.
