2023 3350
265 130 345 168 534

265 241 359 281 Non
392 239 497 279 haec
538 236 739 277 Euandro
782 235 834 276 de
870 238 912 276 te
950 236 1163 289 promissa
1203 237 1372 291 parenti

817 124 852 154 P.
877 122 1072 155 VlRGtLtt
1100 122 1305 155 MARONts

263 295 496 338 Discedens
537 293 760 341 dederam,
794 306 924 346 quum
959 307 1026 334 me
1067 294 1314 347 complexus
1349 298 1518 336 euntem

264 355 457 396 Mitteret
488 352 531 392 in
567 364 768 404 inagnum
806 351 1051 405 imperium,
1087 356 1363 405 metuensque
1402 356 1596 394 moneret

264 414 394 452 Acres
433 423 523 451 esse
556 409 685 457 viros,
725 422 822 449 cum
859 408 968 449 dura
1000 409 1165 462 proelia
1203 414 1337 462 gente.

264 470 319 510 Et
358 481 470 508 nunc
504 467 576 508 ille
611 465 783 520 quidem
824 479 898 519 spe
928 466 1110 507 multum
1145 470 1296 519 captus
1331 468 1448 508 inani

263 527 368 567 Fors
406 528 448 566 et
482 528 584 566 vota
622 524 726 565 sacit
761 523 1034 577 cumulatque
1073 523 1230 565 altaria
1266 524 1408 577 donis3

263 585 350 625 Nos
388 583 582 624 iuvenem
622 581 863 623 exanimum
905 584 946 622 et
984 582 1044 622 nil
1076 582 1162 622 iam
1199 582 1453 624 caelestibus
1489 581 1590 624 ullis

262 640 497 683 Debentem
535 654 643 681 vano
681 639 835 680 maesti
873 639 1128 680 comitamur
1159 639 1331 681 honore.

263 698 439 749 Infelix,
478 698 569 738 nati
600 696 725 738 funus
764 696 935 738 crudele
968 697 1154 738 videbis!

262 757 318 798 Hi
353 756 491 798 nostri
524 754 686 796 reditus
723 755 1048 809 exspectatique
1083 754 1318 808 triumphi?

263 815 380 855 Haec
414 827 509 855 mea
548 826 704 866 magna
741 812 877 853 fides‘?

264 871 519 913 Volneribus
553 870 722 925 pulsum
755 869 985 923 adspicies;
1024 884 1102 911 nec
1133 870 1294 924 sospite
1321 869 1462 911 dirum

265 929 446 984 Optabis
486 932 587 969 nato
625 928 752 969 funus
789 931 923 981 pater.

263 987 527 1029 Praesidium
563 986 768 1036 Ausonia,
803 989 846 1027 et
881 990 1089 1039 quantum
1122 989 1171 1027 tu
1210 985 1374 1039 perdis,
1414 984 1522 1026 Iule!

378 1045 494 1085 Haec
530 1044 603 1085 ubi
643 1043 830 1093 deflevit,
861 1044 960 1085 tolli
997 1043 1242 1085 miserabile
1282 1057 1436 1097 corpus

264 1104 471 1156 Imperat,
508 1105 551 1143 et
582 1105 675 1143 toto
709 1101 842 1142 lectos
879 1115 930 1142 ex
971 1101 1140 1156 agmine
1179 1101 1314 1143 mittit

263 1160 381 1202 Mille
416 1161 551 1210 viros,
590 1160 662 1212 qui
701 1172 947 1212 supremum
984 1160 1240 1201 comitentur
1277 1159 1492 1208 honorem,

264 1219 555 1271 Intersintque
590 1217 726 1270 patris
760 1217 969 1267 lacrimis,
1013 1217 1170 1259 solatia
1203 1217 1347 1258 luctus

264 1276 432 1329 Exigua
472 1275 658 1328 ingentis
698 1274 855 1315 misero
896 1275 970 1317 sed
1011 1274 1156 1316 debita
1188 1274 1317 1329 patri.

264 1333 391 1374 Haud
426 1347 575 1386 segnes
610 1333 685 1374 alii
719 1336 858 1373 crates
894 1337 937 1374 et
973 1333 1100 1374 molle
1133 1332 1339 1374 feretrum

265 1391 465 1432 Arbuteis
503 1393 655 1431 texunt
691 1390 823 1443 virgis
861 1394 903 1431 et
937 1391 1092 1432 vimine
1129 1403 1305 1443 querno,

1839 237 1894 276 45

1844 528 1896 567 50

937 813 995 854 At
1034 825 1141 864 non,
1178 811 1394 863 Euandre,
1433 811 1645 866 pudendis
1845 813 1897 853 55

983 928 1064 969 Hei
1096 927 1219 979 mihi,
1261 931 1470 981 quantum

1846 1101 1899 1140 60

1848 1386 1900 1425 65

265 1449 606 1501 Exstructosque
643 1451 764 1488 toros
802 1446 980 1489 obtentu
1019 1448 1183 1489 frondis
1208 1446 1468 1489 inumbrant.

266 1506 346 1547 Hic
383 1507 575 1547 iuvenem
609 1505 768 1557 agresti
808 1505 1034 1547 sublimem
1069 1505 1275 1547 stramine
1308 1505 1495 1557 ponunt:

312 1657 365 1686 45.
399 1655 572 1686 Promisw
598 1658 680 1686 dedit
707 1658 778 1685 sine
802 1658 898 1685 dubio
917 1658 1061 1691 Aeneas,

266 1705 447 1732 Pallantem
474 1704 612 1732 victoria
644 1708 734 1738 parta
760 1704 956 1731 incolumem
982 1710 1061 1731 esse

265 1750 451 1777 rediturum.
500 1751 535 1777 Et
563 1749 653 1777 fidem
685 1756 779 1777 suam
810 1749 1062 1783 interposuerat,

267 1805 304 1823 se
330 1796 400 1823 eius
418 1796 517 1823 vitam
536 1801 691 1828 quantum
710 1799 823 1828 posset
842 1799 1062 1823 servaturum.

310 1839 364 1868 47.
391 1839 543 1869 mitteret
562 1838 597 1869 ἰη
621 1848 790 1879 magnum
809 1837 1003 1879 imperium,
1031 1844 1061 1867 ut

266 1894 419 1918 magnum
444 1894 578 1919 regnum
601 1887 787 1914 conderem.

313 1930 364 1960 49.
389 1929 464 1967 „Et
479 1941 570 1961 nunc
589 1954 596 1960 .
615 1954 621 1960 .
638 1953 644 1959 .
664 1929 766 1969 facit.
793 1930 931 1959 Horrida
947 1931 1062 1958 oratio.

265 1981 435 2012 Nunquam
467 1980 549 2006 llaec
579 1985 660 2006 esse
690 1984 818 2005 manum
851 1976 1062 2010 Virgilianam

266 2025 406 2060 credidi,
449 2025 525 2052 sed:
579 2021 616 2052 Ε
656 2031 688 2051 n.
723 2021 745 2051 i.
777 2031 805 2060 q.
846 2030 903 2061 spe
939 2020 1064 2051 mulcet

263 2072 386 2110 pectus
409 2066 528 2103 ἰηαηὶς
564 2066 598 2097 F.
619 2067 710 2096 etc.“
745 2065 795 2096 ΡΙ.

311 2115 365 2143 50.
397 2112 480 2143 Fors
513 2115 706 2143 adverbium
749 2119 797 2142 est
831 2120 1062 2147 nonnunquam

267 2168 317 2195 ap.
345 2166 471 2195 poetas.
521 2161 574 2189 Sic
595 2160 625 2189 ὃ.
653 2159 730 2188 232.
757 2160 787 2195 ti,
814 2157 889 2187 5:57.
921 2157 969 2194 12,
989 2156 1063 2186 183.

266 2208 351 2235 Male
379 2209 408 2234 h.
443 2206 468 2234 l.
500 2211 530 2234 et
564 2205 601 2235 2.
634 2203 694 2234 139
722 2207 752 2234 in
787 2205 956 2234 Servianis
984 2202 1066 2241 fors

267 2254 299 2281 et
320 2253 471 2287 iungitur,
495 2257 525 2280 ut
554 2253 594 2280 sit
616 2250 729 2288 sors-et
757 2259 813 2285 nro
835 2248 1001 2287 forsitan.
1028 2252 1064 2278 In

266 2298 388 2332 aliquot
427 2299 517 2326 libris
551 2298 668 2331 legitur
707 2298 803 2325 etiam
832 2294 949 2333 forsit.
999 2296 1063 2324 Sed

267 2346 297 2372 et
324 2352 380 2378 pro
415 2341 518 2372 etiam
544 2343 788 2377 accipiendum:
840 2348 968 2376 praeter
998 2342 1065 2369 alia

266 2390 363 2417 etiam
389 2395 467 2417 vota
488 2390 565 2417 facit
590 2397 646 2423 pro
669 2389 772 2417 reditu
796 2388 849 2416 tilii
871 2388 934 2416 iam
952 2387 1064 2416 occisi.

268 2436 322 2463 Sic
342 2434 420 2472 fors
444 2437 475 2464 et
493 2437 567 2464 Hor.
586 2435 620 2463 C.
644 2433 670 2464 1.
687 2432 743 2471 28,
757 2433 810 2462 31.
829 2449 866 2453 —-
884 2430 1066 2462 cumulare

268 2488 352 2509 oras
377 2478 477 2509 doni-s·
497 2479 528 2514 8,
554 2478 630 2509 284.
672 2481 740 2508 Tib.
766 2478 798 2508 ⁴2.
824 2479 854 2507 ι’).
877 2478 906 2507 6.
958 2478 1007 2508 Cf.
1032 2477 1064 2515 6,

271 2524 349 2554 229.

312 2571 367 2600 51.
387 2568 439 2599 nit
461 2569 533 2600 iarn
550 2567 754 2599 caelestibus
771 2567 959 2598 debentem:
990 2570 1066 2605 Qui-

270 2617 320 2646 vis
346 2619 441 2646 homo
467 2622 570 2645 morte
597 2616 696 2645 solvit
719 2616 837 2651 omnia,
861 2623 944 2649 quae
970 2617 1065 2644 debet

268 2663 418 2697 sumeris;
459 2665 497 2691 ab
525 2672 564 2691 eo
587 2666 733 2695 tempore
753 2661 782 2689 in
808 2661 984 2689 inferorum
1011 2666 1062 2690 est

268 2713 441 2743 potestate.
489 2710 602 2736 Potest
636 2708 733 2736 etiam
766 2709 828 2735 hoc
860 2707 977 2736 dictum
1010 2715 1061 2735 re-

267 2754 343 2783 ferri
370 2755 409 2782 ad
437 2759 530 2791 vota,
574 2760 658 2787 quae
688 2753 760 2787 ipse
787 2760 844 2787 pro
870 2753 974 2781 reditu
1001 2761 1061 2781 suo

269 2799 345 2827 fecit
371 2805 400 2827 et
426 2807 510 2833 quae
536 2801 669 2827 solvere
693 2798 755 2826 iam
783 2806 845 2826 non
872 2800 976 2827 debet.

314 2844 369 2873 52.
396 2854 484 2873 υαηο
510 2841 638 2873 honore
659 2843 698 2871 cf.
729 2843 759 2875 6.,
780 2841 858 2872 886.

314 2889 367 2919 56.
396 2893 463 2919 Hoc
486 2895 535 2918 est
554 2890 718 2925 solatium,
747 2891 830 2922 quod
856 2889 981 2917 fortiter
1000 2897 1061 2924 pu-

270 2937 398 2969 gnando
444 2937 613 2967 occubuit:
649 2935 760 2968 itaque
800 2939 945 2969 praestat
980 2934 1062 2970 patri

271 2986 404 3009 mortem
431 2983 542 3010 dolere
568 2981 637 3015 tilii,
663 2988 758 3016 quani
784 2980 965 3016 ignaviam,
998 2987 1061 3014 qua

270 3026 368 3054 vitam
394 3026 455 3055 sihi
482 3026 661 3061 paraverit:
698 3027 741 3054 ita
766 3027 804 3054 ud
831 3028 871 3054 ad
899 3026 999 3054 diram
1023 3026 1061 3053 il-

1104 1659 1168 1686 lam
1210 1657 1429 1691 precationem
1473 1659 1566 1689 pater
1599 1654 1827 1690 descenderet,
1870 1659 1901 1683 ut

1106 1703 1178 1737 ipse
1212 1702 1405 1737 occidisset,
1440 1708 1480 1728 ne
1526 1700 1578 1728 tilii
1602 1700 1727 1728 videret
1763 1700 1903 1735 ignomi-

1107 1749 1205 1776 niam.
1254 1747 1410 1776 Praefero
1455 1751 1562 1774 tamen
1604 1745 1797 1774 sententiam
1838 1743 1902 1783 Pli,

1108 1801 1172 1828 qua
1197 1793 1295 1822 funus
1312 1793 1512 1826 intelligatur
1534 1790 1610 1819 nati.
1658 1792 1694 1819 Id
1722 1796 1772 1820 est
1799 1792 1903 1821 dirum

1108 1839 1206 1868 funus
1231 1845 1355 1874 optare.
1405 1837 1452 1866 Cf.
1475 1838 1513 1865 de
1542 1844 1624 1864 voce
1639 1833 1738 1865 dirus
1758 1836 1808 1873 12,
1825 1835 1903 1867 845.

1152 1894 1207 1925 57.
1235 1897 1337 1925 Huius
1364 1899 1466 1924 morte
1489 1902 1553 1923 non
1578 1895 1686 1922 solum
1719 1899 1821 1929 pater,
1845 1895 1903 1923 sed

1108 1946 1138 1970 et
1161 1950 1222 1977 ego
1249 1946 1279 1970 et
1305 1943 1408 1977 luluS,
1439 1940 1493 1975 qui
1517 1947 1623 1975 paene
1645 1940 1792 1969 eiusdem
1811 1945 1904 1969 aeta-

1107 1988 1149 2017 tis
1177 1988 1315 2017 amicum
1341 1992 1369 2016 et
1397 1990 1565 2015 auctorem
1596 1985 1628 2013 in
1660 1988 1758 2014 rebus
1787 1993 1904 2022 geren-

1108 2035 1158 2062 dis
1184 2037 1338 2071 haberet,
1383 2037 1415 2061 et.
1447 2037 1513 2061 tota
1546 2030 1644 2060 Italia
1675 2032 1902 2061 detrimentum

1108 2081 1203 2115 capit.

1109 2157 1268 2187 59-4JO.
1318 2154 1484 2186 Pallantis
1535 2152 1643 2185 funus
1681 2151 1818 2185 Aeneas
1860 2153 1904 2186 ad

1320 2211 1519 2244 Evandrum
1544 2209 1699 2242 dimittit.

1155 2270 1208 2300 59.
1235 2269 1320 2301 hacc
1340 2270 1399 2301 nbi
1426 2268 1580 2311 deflevit:
1616 2272 1707 2307 „Hoc
1730 2274 1790 2307 est,
1815 2274 1904 2305 post-

1108 2326 1204 2353 quam
1230 2321 1308 2348 haec
1334 2326 1413 2348 cum*
1425 2318 1571 2347 lacrimis
1587 2317 1686 2352 dixit3
1705 2314 1794 2354 flere
1816 2317 1903 2345 enim

1107 2368 1156 2393 est
1178 2372 1251 2393 cum
1275 2373 1355 2394 voce
1388 2360 1581 2394 lacrimare“
1608 2364 1639 2391 S.
1687 2363 1735 2391 De
1760 2370 1838 2392 voce
1861 2359 1903 2391 dc

1108 2410 1146 2439 cf.
1175 2407 1210 2445 4,
1235 2408 1287 2438 52.

1157 2453 1209 2484 62.
1239 2453 1366 2485 solatia
1392 2455 1431 2484 cf.
1456 2453 1509 2484 76.

1157 2500 1208 2529 53.
1231 2499 1374 2540 exigua.
1400 2502 1482 2536 quod
1507 2504 1607 2530 honor
1627 2501 1683 2529 ille
1708 2502 1817 2529 orbato
1844 2506 1903 2535 pa-

1109 2547 1147 2575 tri
1175 2548 1324 2582 prodesse
1347 2548 1466 2582 nequit.

1157 2602 1207 2632 66.
1235 2605 1494 2642 exstructosque
1520 2605 1628 2632 toros:
1675 2602 1715 2631 m
1738 2602 1815 2631 fiunt
1834 2602 1903 2631 vir·

1109 2650 1160 2685 gis
1185 2650 1329 2678 arbuteis
1353 2654 1382 2678 et
1406 2650 1529 2678 vimine
1546 2656 1676 2684 querno.
1694 2664 1739 2668 —
1763 2645 1902 2676 obtentu

1105 2692 1247 2732 frondis
1269 2695 1289 2724 i.
1318 2704 1345 2724 e.
1371 2696 1508 2724 obtentis
1531 2693 1698 2724 frondibus
1715 2693 1755 2724 cf.
1782 2691 1810 2729 l,
1825 2691 1901 2722 677.

1108 2741 1239 2776 „Veluti
1273 2748 1435 2770 cameram
1472 2740 1532 2776 (cf.
1559 2738 1589 2777 2,
1620 2738 1707 2777 487)
1742 2739 1902 2774 quandam
1937 2734 1945 2735 ’

1108 2788 1223 2821 capulo
1251 2786 1404 2823 (feretro)
1430 2794 1592 2816 ramorum
1608 2785 1797 2815 extensione
1817 2783 1902 2814 fece-

1107 2832 1213 2861 runt.“
1245 2834 1277 2861 S.

1153 2885 1206 2917 67.
1234 2886 1415 2928 imponunt
1445 2884 1611 2916 stramini
1649 2882 1786 2926 agresti
1813 2887 1833 2915 i.
1873 2894 1900 2916 e.

1108 2934 1239 2971 virenti,
1265 2936 1346 2969 quod
1372 2935 1502 2970 praebet
1521 2940 1607 2969 ager.
1632 2931 1674 2961 cf.
1692 2931 1750 2960 Sil.
1768 2929 1819 2967 10,
1834 2930 1897 2960 561

1107 2977 1286 3009 sublimem
1313 2977 1462 3009 eduxere
1491 2985 1614 3016 pyram
1637 2974 1826 3017 mollesque
1849 2974 1901 3006 υἰ-

1104 3023 1195 3055 renti
1221 3023 1388 3055 stramine
1413 3030 1629 3062 composuere
1653 3024 1755 3053 toros.
