2044 3329
719 74 950 108 AENEIDOS
974 76 1060 108 LIB.
1086 77 1112 108 Ι.

100 188 222 231 Unde
249 201 326 242 per
353 201 430 230 ora
454 201 606 229 novem
630 190 752 228 vasto
782 200 877 227 cum
901 202 1118 230 murmure
1147 189 1304 230 mont-is

1646 192 1669 230 N)

98 247 140 288 It
162 259 280 287 mare
307 248 565 299 proruptiun
591 248 634 286 et
658 244 810 298 pelago
842 246 1000 298 premit
1024 260 1128 287 arva
1155 247 1333 288 sonant-i.

97 303 179 345 Hic
204 307 348 344 tamen
376 302 448 344 iHe
478 302 626 344 urbem
655 302 804 343 Patavi
830 302 1036 357 sedesque
1059 304 1218 345 locavit

97 361 376 411 Teucrorum,
401 364 445 401 et
472 360 587 413 genti
614 373 769 401 nomen
797 358 915 401 dedit
938 375 1141 415 armaque
1163 361 1258 403 fixit

97 417 245 469 Troia;
286 431 397 459 nunc
426 417 599 471 placida
629 420 872 472 compostus
905 432 1009 471 pace
1035 419 1231 472 quiescit:

96 474 204 526 Nos,
234 479 310 516 tua
339 474 579 528 progenies,
607 475 718 516 caeli
749 474 902 528 quibus
927 475 1079 517 adnuis
1110 490 1263 527 arcem,

1645 477 1728 516 250

96 532 305 584 Navibus,
331 531 570 583 infandum,
596 532 782 583 amissis,
806 532 931 574 unius
956 532 1010 574 ob
1036 534 1146 575 iram

97 590 324 631 Prodimur
352 593 482 643 atque
507 590 628 632 Italis
651 591 778 643 longe
806 589 1086 643 disiungimur
1118 590 1215 632 oris.

97 647 178 689 Hic
205 647 379 701 pietatis
406 647 568 689 honos?
595 648 655 689 sic
682 662 758 689 nos
785 647 829 688 in
854 652 1025 702 sceptra
1053 646 1254 703 reponis?

212 704 297 746 Olli
324 704 547 747 subridens
571 705 790 746 hominum
819 708 936 747 sator
965 709 1095 759 atque
1125 706 1302 747 deorum

96 819 171 841 cere
199 808 266 842 iter
288 809 324 849 8,
357 809 409 840 95.
459 813 517 840 ov.
547 813 591 840 111.
620 810 684 839 595
718 809 777 840 ubi
809 819 891 840 ven-

96 859 210 887 tosum
234 855 412 896 superaris
436 865 578 896 aequor,
601 863 634 886 ut
654 859 738 893 apud
758 858 891 886 eundem

96 905 139 932 M.
167 900 219 939 14,
243 900 285 930 75
312 899 467 931 evincere
487 900 708 942 Charybdim.
752 900 803 933 15.
825 900 890 929 706

97 945 253 977 evincere
271 946 417 985 fretum.
448 963 485 967 —
513 947 648 986 fontem
681 945 819 977 'limavi
852 947 890 976 cf.

96 996 148 1023 Gr.
175 995 196 1027 ξ
223 991 297 1022 254.

143 1037 218 1068 245.
244 1041 331 1067 Mela
354 1037 392 1074 2,
419 1036 455 1066 4:
496 1035 662 1067 Timavus
687 1045 806 1066 novem
834 1046 892 1066 ca-

95 1081 228 1124 pitibus
266 1091 476 1124 exsurgens,
510 1092 579 1112 uno
615 1081 702 1113 ostio
736 1080 889 1111 emissum

100 1127 186 1159 ΜΚ.
217 1137 279 1158 ora
311 1137 451 1158 novem.-
494 1126 650 1167 offenbar
682 1124 745 1167 (?)
785 1125 889 1157 Miiu-

96 1172 251 1214 dungen.
279 1190 316 1194 —-
343 1182 417 1203 cum
442 1174 480 1203 cf.
508 1174 560 1203 55.

142 1218 217 1249 246.
244 1217 271 1249 ic
318 1227 413 1248 mure
463 1221 671 1259 proruptum
729 1219 886 1256 „effusum

94 1266 217 1296 fluens*
244 1268 276 1294 S.
310 1262 536 1303 prorumpere
563 1269 696 1295 verbum
721 1271 748 1295 et
769 1266 889 1295 transi-

95 1312 199 1341 tivum
231 1316 278 1341 est
314 1315 341 1340 et
379 1311 620 1340 intransitivum
657 1312 695 1341 cf.
735 1310 770 1347 3,
811 1309 887 1340 572.

94 1359 172 1386 Inde
207 1357 410 1393 participium
445 1361 635 1396 proruptus
669 1359 706 1386 de
741 1366 792 1393 e0,
833 1358 889 1392 qui

95 1402 172 1439 [se]
204 1403 356 1438 prorupit.
412 1400 449 1437 7,
486 1399 551 1430 459
593 1404 663 1432 tolo
698 1406 889 1443 proruptus

95 1457 237 1489 corpore
269 1447 383 1478 sudor.
432 1448 497 1478 Cic.
530 1457 576 1483 pr.
610 1449 648 1477 R.
674 1449 717 1477 A.
750 1445 809 1480 24.
847 1446 888 1476 68

92 1496 264 1534 prorupta
287 1491 450 1523 audacio.
503 1495 559 1523 Sil.
582 1492 617 1532 3.
643 1491 685 1522 51
715 1491 889 1533 Praerup-

95 1542 167 1569 tum
206 1537 359 1569 exundat
391 1537 556 1580 pelagus.
617 1541 709 1569 Lucr.
745 1538 782 1576 6.
822 1538 886 1567 435

94 1587 176 1615 dixit
196 1586 293 1614 etiam
307 1583 547 1626 prorumpitur
565 1583 618 1613 vis
642 1582 746 1615 venti.
786 1587 888 1614 Posse

93 1632 190 1661 etiam
211 1639 232 1660 a
256 1641 287 1660 v.
309 1631 515 1660 intransitive
536 1632 739 1666 participium
758 1632 888 1666 perfecti

94 1677 225 1706 formari
258 1679 345 1706 docet
382 1677 418 1710 5,
458 1675 532 1705 332.
588 1679 699 1711 Itaque
729 1678 887 1706 Timavus

93 1728 183 1752 ortus
213 1732 230 1751 e
262 1732 374 1752 novem
403 1732 460 1751 seu
490 1728 610 1758 septeni
636 1723 696 1757 (cf.
722 1725 824 1751 Strab.
857 1723 887 1759 5,

94 1777 124 1804 11.
151 1765 236 1804 214)
268 1769 422 1805 fontibus,
455 1769 511 1804 qui
540 1770 620 1797 inter
653 1771 802 1803 scopulos
834 1777 888 1803 per

94 1814 269 1843 intervalla
310 1823 426 1851 magno
480 1823 552 1844 cum
596 1814 721 1848 fragore
759 1819 886 1847 exeunt.

94 1860 203 1889 statim
232 1862 333 1889 latam
365 1861 525 1897 regionem
554 1861 703 1894 inundat.
742 1865 773 1889 ut
799 1868 887 1889 mare

94 1914 167 1934 esse
210 1907 372 1937 videatur:
418 1907 492 1935 hinc
533 1914 628 1934 mure
672 1906 787 1935 dicitur
828 1914 887 1946 pe-

95 1948 182 1991 lago
209 1959 361 1990 premere
392 1959 489 1980 arva.
539 1952 638 1980 Hodie
670 1960 740 1980 eam
770 1960 887 1986 aquam

99 1993 226 2025 Madre
252 1994 307 2024 del
338 2004 448 2033 mare,
481 1998 581 2025 maris
609 2003 787 2032 parentem,
825 1998 887 2026 dici

95 2047 244 2071 narratur
281 2046 309 2070 et
343 2044 433 2071 Serv.
471 2044 510 2071 ad
545 2045 574 2070 11.
613 2044 633 2071 l.
670 2044 755 2071 addit
789 2045 886 2072 haec:

95 2089 216 2124 „Amat
249 2092 340 2122 poeta
371 2096 436 2116 rem
469 2088 623 2116 historiae
658 2089 793 2117 carmini
829 2097 886 2116 suo

94 2134 302 2169 coniungere:
326 2135 430 2162 Varro
449 2134 534 2162 enini
557 2134 630 2162 dicit
650 2137 734 2162 hunc
755 2133 887 2162 fluvium

94 2182 135 2208 ab
160 2180 275 2208 incolis
304 2177 405 2208 Mare
429 2180 621 2207 nominaris·
669 2180 720 2207 Ad
750 2187 816 2207 rein
847 2179 886 2208 cf.

94 2225 168 2253 Liv.
197 2223 250 2262 41,
279 2223 292 2253 1
327 2222 455 2254 Consul
479 2227 594 2254 castra
620 2222 667 2253 ad
689 2222 801 2253 lacum
831 2222 888 2253 '1¹2'-

95 2268 191 2299 mavi
224 2268 359 2309 posuit:
399 2267 553 2299 imminet
587 2268 677 2299 muri
716 2267 745 2298 is
779 2267 887 2298 lacus.

100 2331 137 2335 —-
170 2318 257 2345 Haec
291 2316 431 2344 fluminis
468 2317 652 2350 descriptio.
694 2323 888 2350 (ntaniquam

97 2363 232 2396 pulchra
253 2366 281 2390 et
304 2363 344 2390 ad
367 2362 436 2390 eius
461 2366 608 2391 naturam
632 2362 772 2391 maxime
795 2370 886 2390 acco-

95 2408 238 2444 modata,
283 2407 316 2435 in
356 2410 418 2437 hac
453 2409 591 2437 Veneris
628 2408 771 2437 oratione
815 2416 889 2445 non,

97 2454 207 2489 credo,
263 2457 328 2481 erat
374 2454 567 2483 necessaria.
648 2454 709 2482 Sed
752 2453 789 2482 cf.
835 2450 888 2489 11,

98 2495 181 2533 543,
224 2499 316 2526 VerS.
349 2496 424 2527 245.
461 2497 501 2527 46
535 2499 621 2528 eiioit
662 2496 711 2527 Pl.
746 2514 783 2518 —
834 2497 888 2527 ss,

103 2540 180 2572 Thl.
242 2541 306 2572 Fd.
367 2541 424 2572 Sb.
480 2547 685 2584 proruptum
738 2545 889 2579 supinum

97 2589 204 2617 dicunt
234 2597 309 2617 esse
339 2590 581 2625 explicantque:
631 2588 718 2618 Fons
748 2587 775 2619 it
806 2598 890 2629 pro-

96 2637 238 2674 ruptum
265 2631 301 2663 in
325 2642 440 2670 mare3
463 2640 493 2664 et
516 2643 579 2664 ora
604 2636 768 2670 explicant
794 2636 890 2673 ostia,

96 2685 131 2710 ut
162 2677 245 2708 ch.
269 2682 310 2709 ad
332 2677 406 2708 245.
436 2696 474 2699 —

143 2723 220 2755 247.
248 2723 314 2754 Hic
343 2727 460 2754 tamen
500 2728 580 2761 ..hoc
615 2729 680 2754 est:
722 2726 818 2755 etiam
853 2727 887 2754 in

96 2773 166 2801 loco
192 2768 335 2800 difficili4‘
359 2773 390 2799 S.
413 2787 450 2790 —
471 2769 586 2799 urbem
607 2768 736 2800 Patavi
752 2772 790 2801 cf.
810 2770 886 2801 244.

144 2814 220 2845 248.
251 2814 378 2846 Nomen
399 2813 493 2845 dedit
512 2814 612 2856 genti
629 2819 709 2846 ..hoc
725 2822 783 2849 est.
806 2819 886 2852 (111011

97 2871 137 2892 ne
173 2863 287 2892 victori
325 2863 450 2897 quidem
486 2864 706 2892 concederetur
727 2864 888 2892 'Aetieae“

98 2910 130 2937 S.
165 2908 202 2937 cf.
238 2905 297 2942 12,
335 2906 400 2936 833
430 2917 477 2942 sq.
512 2924 550 2927 -
585 2909 751 2942 ..Antenor
783 2914 888 2937 autent

97 2955 232 2983 traditur
256 2951 424 2992 Henetus,
449 2954 503 2988 qui
527 2962 567 2982 ex
591 2959 682 2990 gente
706 2956 890 2989 Paphlago-

98 3008 175 3029 num
198 3000 300 3030 secuti
320 3003 428 3039 erant,
452 2999 574 3029 amisso
600 3001 678 3030 duce
700 3001 891 3030 Paelemene

938 805 1192 850 (Πυλαιμένης
1223 813 1261 839 11.
1293 807 1328 844 2.
1367 806 1454 845 851)
1496 809 1642 844 apposito
1679 809 1728 837 di-

937 862 1095 891 gammate
1120 855 1265 885 Venetos
1284 858 1478 890 appellasse.
1522 856 1668 884 Antenor
1689 856 1727 883 de

938 904 1061 930 Helena
1087 903 1243 930 reddenda
1267 909 1364 935 saepe
1389 905 1498 929 auctor
1527 901 1587 929 fuit
1611 900 1668 934 (lt.
1695 898 1726 933 7,

939 945 1024 981 345]
1058 949 1301 981 Menelauinque
1332 951 1360 974 et
1388 947 1505 975 Ulixen
1534 955 1573 974 ne
1599 946 1727 974 Paridis

938 993 1066 1020 insidiis
1097 997 1312 1021 sternerentur
1340 992 1517 1026 admonuit,
1560 995 1589 1019 et
1621 997 1652 1019 111
1686 994 1726 1019 ab

937 1039 1101 1073 aliquibus
1116 1038 1260 1070 traditur,
1285 1038 1354 1071 ipse
1373 1037 1506 1065 defendit
1523 1037 1582 1070 (11.
1601 1034 1631 1071 3,
1650 1034 1726 1065 205.

936 1085 994 1112 Ov.
1025 1086 1065 1111 M.
1102 1080 1158 1115 13,
1196 1080 1256 1111 196
1286 1083 1354 1118 sq.)
1396 1085 1434 1111 011
1469 1083 1550 1116 quod
1579 1082 1727 1111 meritum

935 1134 1029 1164 capta
1055 1132 1131 1157 urbe
1156 1129 1326 1158 incolumis
1357 1128 1485 1156 evasit-⁵
1512 1129 1610 1156 schot.
1636 1128 1726 1156 Maii.

936 1175 983 1204 Cf.
1009 1175 1082 1203 Liv.
1112 1172 1144 1211 1,
1172 1172 1198 1202 1.
1224 1190 1260 1194 -
1285 1171 1412 1214 Figere
1436 1181 1537 1202 arma
1562 1174 1653 1208 pacis
1679 1177 1726 1202 est

934 1221 1063 1255 signum
1088 1221 1126 1249 cf.
1153 1220 1190 1257 5,
1216 1217 1291 1248 484.

981 1264 1056 1295 2⁴9.
1088 1263 1176 1295 Pace
1190 1266 1383 1304 compostus
1402 1261 1547 1304 quiescit
1560 1264 1581 1293 i.
1597 1273 1622 1293 e.
1639 1268 1726 1293 tran-

935 1313 1057 1347 quillus
1082 1316 1111 1340 et
1136 1320 1270 1341 securus
1295 1318 1373 1346 pace
1400 1310 1437 1339 cf.
1462 1312 1521 1339 Ov.
1539 1311 1613 1340 Am.
1639 1307 1670 1347 1,
1695 1307 1726 1348 4,

934 1356 976 1385 53
1006 1355 1047 1386 Si
1075 1355 1158 1386 bene
1187 1354 1398 1397 compositus
1429 1364 1548 1385 somno
1577 1353 1728 1395 vinoque

935 1400 1072 1433 iacebit.
1127 1404 1231 1432 varro
1263 1403 1317 1431 At.
1357 1410 1407 1437 ap.
1440 1404 1550 1431 Senec.
1589 1403 1645 1436 Ep.
1683 1399 1726 1429 56

940 1445 1067 1478 Omnia
1102 1446 1214 1478 noctis
1245 1449 1343 1477 erant
1371 1445 1516 1487 placida
1550 1449 1726 1486 composta

936 1492 1063 1534 quiete,
1094 1495 1133 1523 cf.
1161 1491 1235 1522 135.
1300 1496 1411 1528 Itaque
1435 1494 1578 1522 Antenor
1600 1500 1727 1522 summa

935 1548 1013 1575 pace
1043 1540 1152 1569 fruens
1193 1540 1356 1568 laboribus
1387 1539 1563 1568 exantlatis
1593 1547 1726 1568 securus

934 1591 1070 1615 aetatem
1095 1587 1196 1620 degit:
1233 1587 1364 1614 Aeneas
1396 1589 1507 1614 contra
1536 1585 1623 1613 omni
1655 1593 1726 1620 pre-

932 1633 1029 1661 mitur
1064 1632 1210 1661 fortunae
1249 1631 1442 1660 discrimine.
1507 1633 1593 1659 Male
1630 1638 1657 1659 c.
1693 1638 1724 1670 q.

932 1679 1061 1712 quidam
1084 1678 1265 1711 intelligunt
1291 1679 1327 1705 de
1352 1682 1490 1710 mortuo.
1515 1685 1617 1711 neque
1640 1677 1725 1705 enim

932 1725 1064 1752 Aeneae
1087 1732 1144 1752 suo
1167 1725 1280 1752 Venus
1312 1728 1443 1751 mortem
1467 1726 1563 1757 optat.

979 1768 1054 1798 250.
1081 1766 1171 1797 caeli
1195 1767 1319 1809 quibus
1344 1765 1469 1797 adnuis
1494 1775 1625 1797 arcem.-
1660 1769 1726 1797 Ae·

932 1824 1011 1845 neas
1041 1820 1167 1848 contra.
1205 1815 1254 1843 dis
1279 1815 1405 1849 genitus
1429 1818 1458 1842 et
1483 1815 1560 1843 deus
1585 1814 1726 1851 futurus,

932 1871 971 1891 ue
1002 1869 1041 1890 ea
1071 1861 1197 1895 quidem
1225 1861 1443 1895 consequitur,
1475 1867 1557 1894 quae
1582 1861 1727 1888 Antenor

932 1910 1034 1936 homo.
1062 1922 1099 1926 —-
1129 1904 1290 1935 Adnnere
1314 1910 1360 1934 est
1382 1910 1459 1934 nutu
1483 1906 1673 1940 permittere,
1696 1909 1727 1933 et

933 1954 1062 1985 dicitur,
1089 1952 1118 1981 si
1144 1952 1216 1987 quis
1241 1953 1316 1986 quid
1340 1952 1481 1981 concedit
1506 1952 1652 1986 superior
1676 1951 1726 1979 in-

932 1999 1057 2029 feriori.
1094 1999 1131 2026 de
1162 1999 1241 2026 Iove
1273 1995 1308 2032 9,
1343 1996 1415 2026 106.
1456 1998 1529 2025 Hor.
1560 1998 1593 2026 C.
1625 1994 1662 2030 4.
1693 1994 1725 2034 8,

934 2043 994 2081 22,
1020 2046 1060 2073 ad
1084 2044 1309 2072 Germanicum
1334 2044 1392 2072 Ov.
1419 2044 1504 2071 Fast.
1530 2040 1560 2079 1,
1585 2040 1625 2070 15
1653 2040 1725 2071 An-

933 2098 1002 2118 nue
1025 2087 1166 2118 conanti
1189 2097 1250 2128 per
1274 2086 1400 2117 laudes
1426 2086 1476 2117 ire
1501 2091 1650 2117 tuorum.

980 2132 1055 2163 251.
1082 2135 1250 2163 Prodimur
1274 2142 1295 2162 a
1319 2139 1365 2169 te,
1401 2135 1456 2163 11111
1488 2135 1565 2162 deae
1594 2138 1627 2162 ut
1656 2141 1726 2163 mos

934 2184 1070 2214 geratur.
1121 2182 1161 2207 Se
1186 2180 1292 2213 ipsam
1310 2184 1415 2207 autem
1441 2180 1545 2215 gentis
1565 2187 1644 2208 suae
1669 2188 1726 2207 110-

933 2226 1018 2254 mine
1050 2225 1276 2259 complectitur.
1335 2225 1388 2253 Sic
1414 2233 1476 2252 nos
1504 2222 1585 2261 253,
1625 2225 1664 2254 cf.
1694 2222 1726 2261 2,

934 2270 1009 2299 595.
1031 2286 1067 2290 —
1089 2268 1295 2306 infandum:
1319 2269 1465 2297 Navibus
1482 2269 1566 2298 enim
1581 2270 1725 2307 amissis,

934 2318 1048 2352 quibus
1075 2316 1156 2344 solis
1174 2318 1318 2350 poterant
1343 2316 1383 2342 ad
1402 2315 1530 2344 Italiam
1545 2315 1725 2353 pervenire,

934 2363 993 2391 iter
1019 2370 1111 2390 omne
1133 2362 1298 2390 occlusum
1321 2364 1380 2389 est.

980 2406 1055 2436 253.
1084 2404 1149 2435 Hic
1178 2407 1198 2434 i.
1223 2415 1248 2435 e.
1275 2402 1378 2441 talis,
1400 2410 1433 2434 ut
1460 2413 1537 2434 nos:
1589 2402 1637 2435 lst
1660 2402 1725 2435 das

936 2451 996 2483 der
1022 2448 1144 2482 Lohn?
1179 2468 1216 2471 ——
1251 2449 1402 2490 Reponis
1426 2448 1461 2480 in
1487 2453 1624 2490 sceptra
1648 2451 1669 2479 i.
1695 2460 1723 2480 e.

934 2500 967 2528 in
993 2507 1125 2533 regnum
1154 2507 1197 2527 sc.
1226 2497 1352 2533 insigne
1384 2505 1438 2531 pro
1464 2505 1512 2533 re,
1544 2501 1575 2525 111
1604 2494 1657 2525 78.
1692 2494 1724 2534 7,

934 2544 1010 2574 422.
1036 2544 1073 2579 9,
1098 2542 1137 2572 9;
1180 2546 1227 2572 Ita
1251 2544 1283 2571 in
1306 2550 1437 2576 regnum
1460 2543 1654 2576 promissum
1675 2551 1725 2571 re-

935 2592 1064 2620 stituis?
1095 2590 1133 2619 cf.
1163 2590 1219 2617 Sil.
1253 2588 1289 2623 5,
1321 2585 1384 2616 486
1419 2585 1579 2617 Certabat
1605 2585 1724 2627 pulsos

933 2645 996 2677 per
1022 2644 1132 2675 regna
1156 2642 1319 2672 reponere
1345 2641 1457 2673 reges,
1479 2637 1509 2662 et
1534 2634 1563 2662 si
1588 2638 1724 2663 structu-

935 2691 1004 2712 ram
1030 2687 1156 2717 spectas
1182 2680 1218 2709 cf.
1245 2680 1374 2708 Celsum
1398 2676 1428 2713 8,
1455 2676 1503 2715 10,
1526 2676 1544 2707 1
1571 2680 1625 2714 qui
1645 2680 1722 2709 dixit

933 2735 1097 2765 reponere
1128 2734 1206 2755 ossa
1239 2722 1273 2753 in
1303 2733 1385 2753 suas
1409 2721 1515 2754 sedes.
1563 2727 1644 2755 Rem
1667 2734 1724 2755 ex-

933 2775 1053 2810 plicant
1077 2780 1192 2801 versus
1217 2771 1271 2806 qui
1292 2774 1476 2805 sequuntur.

935 2878 1125 2910 254—94'».
1174 2874 1330 2916 luppiter
1361 2875 1487 2906 Veneri
1519 2874 1723 2908 Aeneadum

1123 2921 1190 2953 suta
1216 2920 1366 2952 breviter
1389 2921 1538 2963 exponit.

983 2996 1057 3028 254.
1090 2994 1160 3027 Olli
1185 2997 1320 3033 antiqua
1350 2996 1452 3026 forma
1482 3005 1537 3033 pro
1562 2997 1612 3026 illi
1636 2998 1674 3028 cf.
1701 2998 1722 3033 S
