2023 3350
664 150 904 184 AENEIDOS

939 151 1021 184 Lm.
1047 152 1107 184 vr.
1633 152 1715 194 303

60 266 292 321 Imposuit;
327 265 422 307 fixit
458 264 575 319 leges
611 265 752 319 pretio
790 268 923 319 atque
959 264 1123 317 refixit3

61 324 143 366 Hic
174 324 412 366 thalamum
450 323 611 365 invasit
647 326 779 365 natae
815 323 1055 378 vetitosque
1092 323 1373 377 hymenaeos:

60 382 167 424 Ausi
206 395 349 424 omnes
387 381 574 423 immane
614 380 757 433 nefas,
795 395 991 435 ausoque
1030 381 1173 435 potiti.

61 440 182 492 Non,
220 439 323 481 mihi
357 439 394 481 si
429 439 604 493 linguae
640 443 811 480 centum
851 440 938 480 sint
971 452 1134 493 oraque
1169 440 1353 490 centum,

1632 440 1714 481 625

60 497 221 540 Ferrea
251 511 352 549 vox,
392 510 538 539 omnes
577 497 789 538 scelerum
825 497 1136 552 comprendere
1177 495 1355 548 formas,

62 554 217 597 Omnia
255 569 493 610 poenarum
531 568 785 608 percurrere
825 556 1000 596 nomina
1038 555 1216 609 possim.

175 613 293 655 Haec
328 612 403 654 ubi
446 612 565 654 dicta
606 613 726 654 dedit
766 612 929 654 Phoebi
968 613 1180 666 longaeva
1217 609 1411 652 scerdos:

61 669 146 711 Sed
183 670 270 712 iam
307 684 406 724 age,
445 684 575 725 carpe
615 671 729 712 viam
768 674 810 711 et
845 675 1090 725 susceptum
1125 669 1285 724 perfice
1321 682 1497 720 munus,

58 728 375 779 Acceleremus,
417 729 493 771 ait.

561 728 794 783 Cyclopum
834 729 992 770 educta
1031 727 1212 770 caminis

1631 728 1714 767 630

59 785 232 828 Moenia
271 786 489 840 conspicio
529 790 662 840 atque
703 786 883 828 adverso
922 786 1087 828 fornice
1127 788 1294 840 portas,

59 843 179 886 Haec
214 844 288 886 ubi
324 858 402 886 nos
442 849 677 899 praecepta
714 844 864 887 iubent

59 978 182 1011 cantur,
208 976 322 1003 habent
348 978 456 1003 tamen
481 975 728 1009 specialitatem.
780 977 862 1004 Nam

60 1020 239 1049 Lasthenes
288 1022 463 1056 Olynthum
508 1022 655 1055 Philippo
708 1022 862 1058 vendidit,

59 1066 157 1095 Curio
187 1066 323 1096 Caesari
349 1088 375 1095 ..
402 1068 548 1095 Romam.
599 1069 645 1095 lle
670 1075 731 1102 quo
756 1068 863 1096 Luca-

59 1120 122 1140 nus
147 1110 183 1149 4,
209 1110 275 1140 820
313 1109 497 1141 Gallorum
527 1115 650 1151 captus
681 1111 804 1152 spoliis
832 1115 864 1142 et

64 1155 229 1187 Caesaris
253 1165 351 1187 auro.
401 1156 467 1187 825
497 1156 622 1187 Emere
647 1167 781 1195 omnes,
808 1155 864 1187 lzz'c

57 1201 219 1234 vendidit
242 1201 394 1232 urbcmf‘
423 1207 454 1232 S.
503 1204 666 1240 Augusto,
690 1208 786 1239 patet,
812 1212 861 1239 ea,

57 1249 87 1277 si
118 1250 165 1278 ita
195 1250 372 1284 intellexit,
416 1258 478 1278 non
512 1251 683 1278 admodum
717 1250 862 1285 potuisse

57 1296 196 1329 placere.
258 1296 329 1324 Alii
368 1299 447 1325 llaec
486 1304 528 1325 ex
564 1297 719 1325 versibus
756 1296 860 1328 Varii,

57 1341 113 1376 qui
143 1343 185 1370 ad
216 1350 249 1371 v.
283 1340 347 1370 622
380 1343 567 1379 afferentur,
606 1344 719 1371 docent
749 1341 861 1370 referri

56 1388 98 1415 ad
122 1388 319 1421 Antonium,
350 1390 432 1422 quod
458 1388 488 1416 si
513 1388 669 1419 facimus.
696 1387 861 1416 dominum

57 1437 215 1468 potentem
238 1442 302 1462 non
335 1442 509 1468 possumus
541 1435 722 1468 intelligere
746 1434 859 1466 alium,

56 1487 155 1514 quam
182 1481 318 1509 eundem
343 1480 437 1509 illum
465 1481 499 1508 C.
525 1481 646 1508 Iulium
673 1480 860 1516 Caesarem,

57 1531 180 1560 patrem
204 1526 358 1561 Augusti.
384 1542 429 1545 —
456 1528 525 1554 Non
547 1527 655 1554 retulit
679 1530 771 1560 poeta
791 1526 861 1553 sin-

56 1573 137 1606 gula
167 1573 294 1601 scelera
325 1573 365 1600 ad
400 1576 505 1601 certos
542 1572 671 1606 aliquos
701 1572 859 1603 homines,

56 1618 108 1646 sui
146 1620 317 1653 aequales;
355 1624 458 1652 neque
490 1618 675 1646 Romanum
716 1618 860 1653 aliquem

55 1664 228 1693 Tartarum
263 1665 320 1692 sed
352 1672 556 1692 communem
592 1664 694 1693 fiuxit.
752 1666 861 1698 Neque

56 1713 163 1738 tamen
190 1709 309 1739 vitavit
333 1710 390 1738 sed
424 1710 545 1738 studuit
572 1718 708 1739 narrare
734 1712 862 1739 scelera

54 1756 293 1792 Romanorum,
334 1763 394 1785 nec
430 1756 533 1791 potuit
567 1761 673 1785 certos
710 1756 859 1784 homines

54 1809 120 1830 non
145 1802 298 1837 cogitare.
347 1802 455 1836 Atque
475 1802 545 1837 ipse
568 1803 742 1836 Augustus
764 1804 859 1830 dehe-

54 1849 109 1876 bat
128 1849 312 1882 concedere,
337 1850 569 1877 sceleratorum
592 1849 735 1877 omnium
755 1849 861 1877 scele-

53 1893 260 1922 ratissimum
277 1902 351 1922 esse
369 1902 453 1928 eum,
480 1894 535 1928 qui
562 1895 719 1929 pecuniae
744 1896 860 1923 ductus

54 1940 230 1974 cupiditate
255 1941 399 1974 perderet
425 1940 576 1974 patriam.
626 1942 734 1975 Neque
761 1940 859 1969 Curio

54 1989 111 2014 aut
136 1986 303 2014 Antonius
332 1986 397 2013 soli
421 1990 529 2021 erant,
564 1986 619 2020 qui
650 1986 681 2014 id
705 1986 859 2023 fecerant,

55 2032 114 2060 sed
129 2032 223 2060 multi
241 2031 311 2067 alii,
335 2040 438 2065 neque
457 2032 543 2060 enim
560 2033 703 2060 vendunt
723 2037 859 2069 tantum,

55 2078 110 2112 qui
133 2082 230 2106 antea
248 2078 427 2106 mercedem
453 2077 663 2112 praeripiunt,
688 2079 744 2106 sed
761 2078 861 2106 etiam

54 2123 124 2161 illi,
156 2124 213 2158 qui
237 2123 271 2152 in
297 2131 388 2158 spem
419 2123 556 2158 praemii
583 2126 694 2152 turbas
719 2127 860 2152 movent.

56 2169 104 2198 Cf.
130 2171 165 2198 G.
195 2168 232 2207 2,
252 2168 329 2197 505.
356 2184 394 2189 -
422 2170 475 2198 Ad
501 2171 601 2198 verba
627 2170 666 2199 cf.
689 2171 769 2198 Sall.
791 2170 861 2198 Cat.

55 2213 96 2244 51
126 2212 402 2244 Lacedaemonii
424 2213 572 2244 devictis
597 2213 866 2245 Atheniensibus

55 2258 212 2300 triginta
237 2259 331 2290 viros
358 2258 562 2300 imposuere.

102 2304 180 2336 622.
213 2304 342 2347 Figere
372 2305 470 2348 leges
500 2312 586 2336 recte
619 2307 752 2341 dicitur3
784 2306 862 2343 fige-

55 2355 173 2382 bantur
197 2353 283 2381 enim
316 2354 385 2382 loco
412 2354 558 2390 publico,
592 2354 627 2382 in
651 2361 713 2388 quo
745 2360 859 2387 quam-

55 2399 111 2428 diu
136 2402 246 2433 erant‚
279 2400 451 2435 valebant,
484 2407 585 2435 quare
611 2400 641 2428 si
668 2399 741 2434 quis
767 2402 862 2428 talntA

55 2447 123 2474 lam
147 2444 262 2481 refixit,
288 2446 393 2481 legem
416 2445 523 2480 ipsam
542 2446 686 2475 sustulit.
737 2446 862 2475 Furtim

56 2492 160 2520 aliam
193 2490 228 2518 in
258 2490 331 2519 eius
360 2493 467 2521 locum
494 2500 649 2527 reponere
686 2493 757 2527 lege
783 2499 862 2521 cau-

57 2541 125 2566 tum
148 2540 227 2565 erat.
262 2536 301 2565 cf.
327 2538 386 2566 Ov.
415 2539 490 2566 Met.
523 2535 555 2575 1,
588 2535 628 2565 91
658 2545 720 2566 nec
756 2535 862 2566 verba

56 2580 215 2612 minacia
256 2580 336 2621 fixo
383 2590 464 2611 aere
511 2580 735 2623 legebantur.
797 2584 864 2613 Cic.

58 2627 100 2657 12
121 2629 207 2657 Phil.
234 2627 265 2665 5,
291 2626 331 2656 12
358 2625 450 2657 Num
469 2626 638 2669 figentur
656 2636 778 2658 rursus
803 2637 867 2658 eae

56 2671 217 2711 tabulae,
241 2682 330 2713 quas
348 2682 408 2703 vos
429 2671 577 2703 decretis
602 2671 727 2703 vest-ris
747 2671 867 2714 refixi-

57 2718 131 2749 stis.
182 2717 223 2748 13
249 2720 334 2748 Phil.
357 2718 393 2757 3,
422 2719 441 2746 5
472 2718 561 2749 Acta
587 2717 735 2749 Antonii
756 2717 865 2749 resci-

59 2763 175 2802 distis,
212 2763 310 2805 leges
344 2762 521 2804 refixistis.
576 2767 657 2794 Sunt
688 2770 866 2804 praetores,

59 2812 116 2847 qui
139 2813 230 2848 leges
256 2813 332 2840 dant
357 2815 386 2840 et
410 2815 535 2840 mutant
555 2811 697 2846 pecunia
722 2813 863 2842 adducti.

59 2858 170 2887 Simili
192 2859 284 2886 modo
310 2859 347 2886 L.
373 2857 497 2886 Varius
525 2864 577 2892 ap.
604 2859 748 2886 Macrob.
775 2856 810 2895 6,
846 2855 859 2886 1

66 2901 233 2933 I‘endidit
258 2901 314 2933 hic
342 2900 485 2932 Latium
507 2899 661 2943 populis,
687 2911 866 2944 agrosque

63 2946 240 2987 Quiritum
267 2946 422 2989 Eripuit,
441 2947 526 2987 fixit
549 2945 646 2989 leges
669 2946 783 2988 pretio
808 2951 866 2979 ai·

60 3003 126 3034 que
153 2992 283 3034 refixit,
309 3003 330 3024 a
357 3003 419 3029 quo
442 2994 569 3031 signari
592 2994 772 3023 Antonium
793 3003 866 3030 per-

59 3048 197 3070 suasum
222 3043 329 3079 habet,
354 3041 410 3076 qui
429 3042 467 3070 de
486 3040 588 3069 Vario
611 3040 745 3075 scripsit
770 3041 866 3070 u'ei-

60 3089 201 3116 cherlus.

905 844 1122 899 deponere
1165 843 1289 885 dona.

959 972 1035 1003 624.
1067 977 1136 1003 Iam
1169 973 1279 1002 onmia
1314 971 1459 1001 omnium
1491 972 1617 1000 scelera
1655 974 1716 1001 hoc

910 1029 1010 1050 versu
1035 1020 1282 1055 comprehendit.
1313 1033 1351 1038 —
1383 1017 1478 1046 Auso
1501 1015 1607 1056 potiti
1632 1018 1716 1046 dixit

910 1068 1007 1095 eliani
1033 1069 1092 1095 ΟΥ.
1116 1068 1159 1094 Μ.
1189 1063 1248 1098 11,
1283 1061 1360 1091 242.
1411 1062 1458 1091 Cf.
1490 1060 1547 1099 12,
1576 1060 1652 1091 351.

957 1110 1033 1140 625.
1069 1113 1157 1139 Haec
1190 1110 1318 1139 dicendi
1355 1108 1509 1142 formula,
1548 1116 1611 1142 qua
1644 1116 1714 1137 ma-

909 1166 1007 1193 gnum
1026 1158 1150 1191 aliquid
1168 1165 1242 1184 esse
1265 1160 1293 1184 et
1314 1155 1455 1183 immane
1478 1155 1592 1182 volunt
1611 1154 1714 1189 signi-

909 1204 1014 1232 ficare.
1045 1204 1112 1232 iam
1134 1206 1181 1231 est
1205 1202 1291 1236 apud
1317 1202 1490 1228 Homerum
1516 1201 1554 1228 Il.
1583 1198 1612 1234 2,
1638 1198 1715 1229 ⁴⁸8.

910 1250 1089 1277 Notandum
1118 1248 1346 1283 progressione
1374 1246 1571 1281 gemuetrica
1605 1248 1717 1281 plures

908 1296 1041 1329 linguas
1061 1302 1079 1323 a
1102 1295 1205 1329 poetis
1225 1293 1389 1327 exoptari;
1417 1293 1575 1321 Homerus
1598 1294 1715 1329 decem,

909 1342 1061 1371 Hostius,
1088 1341 1142 1375 qui
1170 1345 1244 1369 ante
1270 1339 1447 1373 Virgilium
1474 1340 1595 1367 bellum
1622 1339 1716 1367 lstri-

908 1395 981 1416 (tuin
1018 1387 1149 1421 scripsit
1188 1391 1215 1414 et
1253 1386 1328 1420 Ygl.
1363 1387 1422 1413 (lv.
1455 1387 1528 1413 Met.
1561 1386 1597 1418 hl,
1637 1383 1716 1419 532,

909 1434 966 1461 Sil.
993 1430 1030 1466 4,
1069 1432 1128 1469 52,
1161 1437 1309 1462 centum:
1342 1431 1500 1459 Valerius
1532 1432 1578 1459 Fl.
1605 1429 1643 1466 6,
1673 1429 1714 1459 3Ῑ

908 1480 999 1509 mille
1026 1480 1196 1508 desiderat.
1246 1478 1413 1512 Yidesque
1440 1477 1574 1505 Latinos
1605 1482 1716 1512 poetas

909 1526 1051 1560 potiores
1077 1535 1151 1554 esse
1176 1526 1209 1553 in
1234 1524 1416 1559 ‹uianttitate
1437 1523 1617 1557 signanda,
1643 1524 1717 1551 inde

908 1577 1076 1601 recurrunt
1123 1572 1289 1600 adiectiva
1339 1568 1478 1609 ingens,
1529 1568 1718 1604 immanis5

909 1619 1023 1647 Graeci
1048 1619 1081 1646 in
1100 1618 1270 1653 qualitate.
1321 1617 1388 1650 Quo
1409 1624 1450 1644 ex
1471 1624 1588 1649 genere
1613 1616 1716 1644 liben-

909 1664 973 1692 tius
993 1665 1100 1698 eligas
1119 1664 1295 1697 adiectiva,
1315 1663 1386 1697 ipse
1404 1663 1489 1697 apud
1512 1666 1540 1690 te
1557 1663 1713 1696 expende.

956 1708 1032 1739 626.
1064 1708 1321 1749 comprendere.
1378 1709 1425 1737 Cf.
1461 1710 1533 1736 Seu.
1563 1710 1620 1743 Ep.
1655 1706 1715 1735 122

916 1753 1026 1785 laria
1076 1758 1157 1785 sunt
1199 1758 1229 1783 el
1271 1751 1546 1783 innumerabiles
1589 1752 1717 1783 habent

903 1799 1038 1839 facies‚·
1069 1798 1315 1841 comprehendi
1344 1808 1459 1829 corum
1485 1807 1620 1838 genera
1645 1808 1716 1828 uon

905 1849 1066 1887 possunt.

908 1924 1116 1957 ‹ms—636.
1157 1923 1308 1955 Ramum
1335 1921 1442 1954 donat
1467 1920 1607 1954 Aeneas
1632 1923 1715 1954 Pro-

1224 1969 1396 2010 serpinac.

955 2029 1031 2059 629.
1064 2027 1194 2069 Perfice
1211 2037 1358 2058 munus:
1382 2029 1467 2057 dona
1486 2035 1614 2057 ramum
1634 2029 1715 2057 Pro-

908 2078 1070 2112 serpinae.

957 2122 1034 2151 630.
1065 2122 1195 2150 Moenia
1228 2124 1304 2149 sunt
1329 2120 1481 2148 Plutonis
1512 2120 1641 2157 regiae,
1676 2129 1717 2149 ea

909 2173 983 2198 sunt
1026 2169 1143 2197 educta
1182 2167 1362 2202 Cyelopum
1410 2166 1551 2194 caminis
1589 2171 1621 2195 ut
1662 2174 1714 2202 ap.

910 2216 1026 2245 Claud.
1054 2215 1122 2242 BP.
1150 2211 1186 2249 3,
1222 2210 1298 2241 118.
1355 2211 1410 2240 Sic
1436 2212 1511 2239 Hor.
1541 2212 1575 2240 C.
1614 2210 1650 2247 3,
1685 2212 1716 2247 3,

910 2259 951 2289 65
993 2258 1059 2289 'I'er
1091 2257 1121 2287 si
1155 2259 1322 2298 resurgat
1357 2265 1477 2284 murus
1509 2265 1650 2285 aeneus.
1686 2256 1716 2295 3,

910 2305 971 2345 16,
1005 2303 1022 2334 1
1058 2302 1236 2334 Inclusam
1270 2301 1417 2331 Danaen
1450 2300 1560 2330 turris
1592 2311 1714 2332 aenea.

908 2351 1032 2393 iugum
1052 2358 1195 2380 aeneum
1224 2348 1254 2386 3,
1275 2347 1305 2386 9,
1333 2345 1372 2375 18
1395 2348 1450 2377 Sic
1471 2345 1579 2376 turris
1593 2347 1716 2385 ferrea

909 2408 942 2428 v.
959 2395 1025 2426 554
1043 2402 1073 2426 et
1091 2404 1232 2425 somnus
1246 2394 1388 2432 ferreus
1405 2395 1444 2429 X,
1463 2390 1540 2422 745.
1576 2396 1614 2422 Et
1631 2394 1715 2423 ferro

909 2450 937 2475 et
963 2452 1038 2474 aere
1064 2442 1267 2479 significatur
1290 2440 1436 2469 firmitas
1487 2439 1535 2468 Cf.
1563 2437 1641 2468 552.

955 2489 1031 2519 631.
1065 2486 1215 2518 adverso
1243 2484 1382 2524 fornice
1412 2488 1546 2524 portas.
1610 2487 1647 2514 In
1677 2492 1716 2514 eo

912 2538 1052 2573 fornice,
1083 2534 1139 2569 qui
1165 2534 1309 2562 maxime
1334 2540 1420 2561 nunc
1449 2535 1498 2559 est
1529 2531 1624 2559 nobis
1655 2533 1715 2560 ad-

912 2591 1048 2618 versttS,
1074 2580 1260 2616 oppositus,
1293 2578 1332 2608 cf.
1362 2576 1388 2613 l,
1418 2575 1501 2613 420,
1537 2582 1629 2612 porta
1654 2582 1715 2613 est,

910 2630 952 2658 ad
978 2636 1076 2663 quam
1102 2634 1213 2656 ramus
1247 2629 1296 2653 est
1323 2624 1540 2658 deponendus
1591 2624 1716 2653 Fornix

911 2678 960 2704 est
985 2682 1098 2705 arcus:
1130 2673 1206 2701 hinc
1237 2671 1380 2700 maxime
1413 2676 1509 2698 arcus
1535 2669 1716 2704 triumpna-

910 2723 960 2750 les
986 2721 1125 2749 fornices
1151 2718 1309 2747 dicuntur.
1359 2717 1408 2744 lta
1428 2712 1553 2752 fornia:
1581 2713 1715 2744 Fabia-

911 2775 979 2796 nus
1007 2767 1072 2796 Cic.
1103 2762 1117 2793 l
1148 2765 1240 2792 Verr.
1267 2760 1298 2799 7,
1321 2758 1372 2789 19.
1407 2761 1635 2797 „Democritus
1664 2762 1716 2790 in-

912 2813 1049 2842 venisse
1079 2809 1196 2839 dicitur
1221 2808 1374 2837 fornicem
1404 2810 1438 2835 ut
1466 2807 1612 2841 lapidum
1642 2815 1716 2837 cur-

912 2863 1033 2887 vatura
1055 2856 1214 2892 paulatim
1238 2854 1468 2883 inclinatorum
1499 2853 1603 2881 medio
1632 2860 1715 2882 saxo

913 2900 1139 2941 alligaretur.⁴‘
1166 2903 1239 2929 Sen.
1264 2901 1320 2934 Ep.
1349 2896 1403 2927 90.

960 2947 1025 2977 63⁵2
1059 2950 1186 2977 Versus
1217 2953 1237 2975 a
1268 2944 1384 2974 Servio
1420 2951 1485 2973 non
1520 2944 1715 2980 explicatur.

912 2996 1014 3025 Eiecit
1060 2992 1124 3031 Pi,
1161 2992 1231 3021 alii.
1294 2992 1417 3020 Tamen
1456 2998 1493 3019 eo
1531 2998 1614 3025 opus
1655 2994 1712 3020 est.

912 3041 1071 3076 Apertius
1089 3041 1186 3074 enim,
1208 3045 1305 3073 quam
1320 3037 1432 3066 verbis
1443 3033 1571 3076 perfice
1587 3044 1716 3066 munus

912 3088 1034 3117 factum
1066 3090 1132 3123 est,
1174 3084 1369 3113 indicandus
1397 3085 1467 3112 erat-
1498 3083 1608 3120 locuS‚
1650 3090 1714 3119 quo
