2023 3350
267 82 350 120 472

840 78 875 110 Ρ.
903 78 1098 111 VtRGlLll
1124 78 1334 113 MAROMS

266 193 468 236 Coniecto
511 190 665 232 sternit
705 189 866 242 iaculo;
907 190 1026 232 volat
1064 192 1176 234 Itala
1219 207 1375 236 cornus

264 252 378 292 Aera

410 263 487 302 per
524 253 740 299 tenerum,
775 247 1084 301 stomachoque
1126 249 1258 293 infixa
1295 251 1374 293 sub
1414 250 1550 292 altum

264 309 418 348 Pectus
458 305 566 357 abit3
609 305 754 347 reddit
793 319 944 360 specus
982 307 1068 348 atri
1104 308 1289 350 volneris
1328 308 1488 350 undam

1826 310 1909 349 700

265 365 560 418 Spumantem,
597 367 639 404 et
675 363 760 404 fixo
798 363 961 405 ferrum
995 363 1039 405 in
1076 365 1279 418 pulmone
1316 367 1509 421 tepescit.

263 422 370 463 Tum
398 421 619 474 Meropem
648 425 780 475 atque
812 422 1048 475 Erymanta
1075 436 1216 474 manu,
1246 427 1338 465 tum
1368 425 1523 466 sternit
1551 422 1821 477 Aphidnum3

263 479 369 520 Tum
400 479 545 520 Bitian
585 478 808 520 ardentem
846 479 980 521 oculis
1015 480 1256 534 animisque
1294 482 1556 532 frementem,

262 537 359 578 Non
397 537 558 588 iaculo;
594 551 733 590 neque
773 537 885 578 enim
918 537 1061 579 iaculo
1096 538 1229 580 vitam
1264 539 1337 581 ille
1376 540 1582 593 dedisset3

263 594 343 636 Sed
382 608 584 648 magnum
609 594 793 636 stridens
834 599 1035 637 contorta
1077 595 1303 650 phalarica
1336 599 1464 649 venit,

1827 597 1908 637 705

261 652 470 694 Fulminis
504 657 604 694 acta
639 653 786 705 mod03
825 667 955 707 quam
986 667 1065 694 nec
1101 652 1184 696 duo
1222 658 1375 697 taurea
1409 660 1550 710 terga,

260 711 349 752 Nec
388 710 549 765 duplici
590 725 772 765 squama
805 711 944 753 lorica
981 710 1121 753 fidelis
1159 716 1202 754 et
1237 726 1342 754 auro

262 769 495 819 Sustinuit;
535 768 728 823 collapsa
764 773 895 810 ruunt
933 770 1140 811 immania
1173 770 1377 812 membra.

260 827 349 868 Dat
383 826 509 868 tellus
543 827 764 880 gemitum,
791 832 834 869 et
871 827 1054 882 clipeum
1088 842 1218 882 super
1263 829 1434 870 intonat
1466 829 1635 882 ingens:

261 884 376 926 Talis
411 885 455 925 in
490 884 680 926 Euboico
723 885 930 927 Baiarum
965 885 1092 927 litore
1127 885 1345 940 quondam

262 942 401 984 Saxea
439 942 530 997 pila
567 943 701 995 cadit,
734 944 900 998 magnis
940 958 1070 997 quam

260 1061 363 1096 filitts;
389 1070 450 1090 nos
472 1057 725 1101 hochgeboren.
776 1063 830 1091 Sic
858 1064 1008 1092 dicuntur
1031 1060 1062 1099 4,

259 1106 328 1136 230
354 1112 385 1135 et
408 1107 439 1141 6,
454 1107 522 1136 500
547 1109 680 1137 Troiani
699 1117 813 1147 genus
839 1107 912 1138 alto
933 1118 954 1138 a
981 1118 1063 1138 san—

259 1151 372 1194 guine
398 1150 538 1188 'l'eucri;
567 1159 597 1183 et
624 1156 694 1183 Yal.
718 1156 765 1183 Ft.
795 1154 825 1192 3,
850 1155 918 1184 202
933 1164 994 1184 rex
1011 1159 1062 1184 est

261 1197 336 1228 alta
361 1201 468 1239 gente
491 1202 590 1229 satus
615 1206 645 1229 et
672 1202 748 1229 Hor.
776 1204 809 1230 S.
835 1200 867 1238 2,
891 1201 922 1237 5,
947 1200 990 1229 63
1012 1206 1062 1230 est

261 1242 355 1274 altus
389 1243 543 1283 Aeneas,
575 1251 606 1275 et
639 1247 698 1275 Ov.
732 1249 766 1275 F.
807 1246 838 1285 4,
872 1246 938 1276 305
968 1245 1063 1277 altus

266 1288 427 1321 Clausus.

307 1337 384 1366 698.
411 1339 460 1365 Ex
486 1345 586 1366 corno
614 1337 644 1366 fit
671 1340 780 1366 hasta.
809 1338 850 1367 cf.
883 1338 913 1376 3,
937 1337 992 1367 23.

305 1382 382 1411 699.
413 1382 479 1412 Aer
536 1385 631 1412 tener
675 1385 793 1412 dicitur
843 1386 902 1413 Ov.
944 1388 985 1413 Μ.
1030 1384 1061 1422 4,

259 1427 325 1457 615
356 1434 385 1456 et
410 1430 505 1457 Lucr.
532 1428 566 1465 l,
598 1427 666 1456 203
720 1428 818 1458 Aeris
857 1428 891 1459 ιή
922 1433 1062 1460 teneras

257 1471 396 1513 possint
420 1472 613 1513 proferrier
640 1483 758 1503 auras.

308 1519 382 1548 700.
412 1521 539 1549 vulnus
567 1523 629 1549 boc
662 1526 832 1555 comparat
859 1530 931 1550 cum
955 1529 1061 1556 specu

259 1565 361 1594 hianti
377 1571 406 1594 et
431 1573 549 1601 aquam
576 1572 739 1595 vomente.
762 1583 806 1586 —
827 1565 957 1595 undam
986 1564 1062 1596 vul-

259 1608 373 1640 ueris:
396 1612 449 1640 Sic
468 1612 608 1647 sanguis
623 1613 739 1640 dicitur
758 1610 894 1641 undare
913 1612 964 1649 to,
983 1613 1060 1642 908.

306 1657 383 1687 702.
411 1667 517 1687 manu
544 1657 584 1686 cf.
615 1656 646 1691 4,
668 1657 743 1686 344.

307 1703 380 1732 tm.
408 1706 477 1732 Non
520 1704 683 1739 potuisset
729 1704 838 1732 iaculo
884 1704 1060 1742 prosterni,

258 1749 317 1777 set!
349 1757 434 1784 opus
458 1756 527 1778 erat
557 1751 621 1777 telo
647 1750 796 1778 firmiore.

304 1794 382 1823 705.
411 1797 500 1824 Fest.
539 1796 633 1824 Pauli
674 1804 702 1830 p.
743 1795 787 1823 88
815 1798 856 1823 Μ.
884 1796 1059 1832 „Falarica

258 1848 363 1875 genus
390 1841 532 1878 missile,
576 1849 639 1875 ouo
680 1847 812 1869 utun1ur
837 1850 879 1869 ex
904 1841 992 1877 salis,
1031 1843 1061 1870 id

257 1892 307 1915 est
335 1895 378 1915 ex
402 1889 484 1917 locis
508 1888 687 1916 exstructis
715 1888 943 1915 dimicantesf·
979 1891 1060 1916 Non.

259 1941 288 1967 p.
321 1932 399 1961 555.
437 1933 475 1962 14
524 1934 719 1969 „F'alarica,
747 1936 846 1961 telum
873 1935 1060 1962 maximum.

259 1978 381 2014 [Affert-
405 1981 491 2008 hunc
514 1979 657 2014 locum.)
700 1981 737 2007 Et
766 1980 886 2008 dictum
912 1982 975 2008 hoc
1003 1988 1061 2015 ge-

255 2032 320 2053 nus
350 2025 405 2053 teli
443 2034 463 2054 a
496 2025 589 2061 falls,
626 2025 645 2053 i.
681 2034 708 2053 e.
737 2026 882 2054 turribus
906 2024 1060 2060 ligneisf‘

257 2070 297 2098 cf.
323 2072 381 2099 Sil.
411 2070 439 2108 1,
467 2070 527 2099 351
558 2080 609 2105 sq.
629 2071 792 2099 Describit
812 2079 883 2100 eam
903 2077 1058 2101 accurate

256 2116 328 2145 Liv.
361 2116 415 2151 21,
449 2118 481 2153 8,
514 2122 542 2145 et
571 2118 772 2152 Saguntinos
803 2118 844 2145 iis
872 2126 953 2146 usos
979 2126 1057 2147 esse

256 2168 377 2198 narrat,
402 2165 573 2193 Romanos
599 2161 657 2199 34,
687 2162 738 2192 13.
779 2166 866 2192 Grat.
894 2165 964 2192 Fal.
992 2162 1059 2192 342

256 2205 513 2248 terribilemque
553 2217 660 2238 manu
699 2206 841 2239 vibrata
870 2207 1059 2248 phalarica

257 2251 380 2283 (lextra
408 2252 470 2284 dat
495 2252 659 2284 sonitum.

301 2299 377 2329 706.
404 2303 474 2330 Non
509 2301 608 2337 potuit
636 2302 800 2330 sustinere
833 2302 978 2337 clipeus,
1014 2310 1057 2330 ex

255 2347 385 2375 duobus
418 2347 518 2382 tergis
548 2347 687 2376 taurinis
712 2347 839 2382 factuS,
867 2356 929 2376 nec
953 2348 1058 2376 lorica

255 2392 377 2427 duplici
403 2401 617 2428 squamarum
651 2394 765 2421 ordine
790 2399 925 2422 structa.
955 2393 996 2422 cf.
1023 2393 1055 2430 5,

254 2437 334 2466 259.

302 2480 521 2524 707.fidelis
551 2492 636 2519 quae
669 2488 818 2519 praestat
843 2484 935 2512 tidem
962 2484 1056 2512 habi-

255 2535 318 2558 tam
342 2531 361 2559 i.
390 2538 419 2559 e.
445 2530 555 2566 munit,
577 2535 680 2559 tutum
699 2531 812 2559 reddit.
838 2530 879 2558 cf.
906 2529 955 2565 10,
977 2529 1056 2559 503.

254 2589 298 2595 —
324 2573 480 2615 squamis
506 2578 538 2605 et
563 2584 650 2605 auro
676 2576 717 2605 cs·
749 2575 797 2612 tt,
822 2576 898 2604 ΠΟ.

300 2620 375 2651 709.
403 2618 572 2661 clipeum:
617 2630 715 2659 „nam
745 2624 853 2651 lectus
882 2625 933 2650 est
957 2622 1055 2650 etiam

254 2663 316 2696 hoc
342 2664 492 2707 clipeum
531 2667 583 2703 [ut
624 2676 676 2703 ap.
714 2668 787 2697 Liv.
827 2667 866 2696 cf.
902 2668 1055 2696 Kulinast

255 2721 284 2750 p.
313 2710 375 2748 24)
396 2735 402 2742 .
421 2735 428 2743 .
450 2736 457 2743 .
480 2716 558 2743 Nam
600 2716 775 2742 Homerum
810 2714 954 2742 imitatus
985 2719 1053 2742 est:

254 2750 418 2798 ἀράβησε
442 2753 479 2788 δὲ
504 2753 608 2798 τεύχέ
632 2752 684 2788 ἐπ’
712 2752 852 2800 αὐτῷ.“
900 2762 932 2788 S.
958 2761 996 2788 Il.
1023 2757 1054 2795 4,

252 2802 330 2834 503.
379 2805 430 2833 Ita
472 2803 526 2839 10,
567 2805 635 2833 488
674 2803 812 2834 Corruit
843 2802 879 2834 in
916 2802 1057 2841 vulnus,

252 2846 403 2878 sonitum
451 2858 555 2889 super
592 2859 692 2879 arma
728 2848 862 2880 dedere.
903 2866 947 2870 -—
984 2848 1047 2880 dut

252 2892 426 2934 gemitum
448 2895 489 2924 cf.
513 2895 545 2932 2,
567 2896 644 2925 698.

298 2939 375 2968 710.
407 2938 506 2970 Talis
526 2944 596 2971 MR.
622 2950 687 2971 rec.
717 2938 779 2970 Rb.
810 2938 935 2979 Qualis
951 2943 1053 2980 Pybc,

253 2987 339 3020 quod
361 2986 440 3015 alibi
477 2995 535 3023 per
569 2985 686 3028 qualis
711 2987 891 3017 instituitur
918 2996 1055 3024 compa-

1826 885 1909 925 '710

1107 944 1292 986 molibus
1331 946 1430 986 ante

1105 1063 1198 1092 ratio.
1239 1064 1302 1092 Sed
1341 1059 1426 1092 talis
1463 1063 1619 1097 probatur
1658 1062 1820 1094 sequente
1850 1056 1909 1095 sic,

1107 1110 1265 1138 adverbio
1298 1108 1576 1142 demonstrativo,
1615 1107 1700 1141 quod
1732 1105 1762 1134 si
1793 1103 1910 1145 qualis

1107 1156 1243 1192 retines,
1269 1164 1334 1184 non
1361 1160 1466 1190 potest
1483 1154 1589 1188 iungi;
1618 1159 1718 1186 quare
1743 1151 1775 1180 in
1804 1149 1910 1180 simul

1107 1207 1233 1231 mutare
1277 1203 1401 1230 volunt.
1450 1199 1556 1229 Noluit
1596 1203 1705 1227 autem
1738 1199 1810 1233 vgl.
1844 1203 1910 1227 tam

1106 1253 1198 1277 arcte
1243 1248 1443 1283 coniungere
1483 1245 1779 1280 comparationem,
1824 1252 1909 1279 uuae

1108 1296 1147 1323 ab
1187 1294 1262 1329 ipso
1301 1299 1447 1329 tempore
1487 1292 1572 1325 quod
1607 1291 1761 1319 describit
1798 1291 1911 1320 aliena

1106 1344 1168 1368 est.
1218 1342 1334 1375 Itaque
1383 1338 1604 1367 narrationem
1660 1337 1908 1371 comparatione

1107 1385 1218 1414 addita
1266 1386 1422 1421 explicat.
1498 1385 1590 1419 Quod
1635 1383 1788 1412 Baiarum
1831 1391 1909 1412 orae

1105 1432 1275 1460 Euboicae
1303 1432 1454 1460 dicuntur
1478 1429 1519 1459 cf.
1546 1429 1576 1467 6,
1603 1428 1635 1458 2.
1678 1431 1780 1458 Notae
1805 1429 1910 1458 Baiae

1108 1478 1236 1505 balneis
1284 1483 1314 1506 et
1361 1477 1507 1512 regionis
1545 1483 1674 1505 summa
1700 1477 1908 1505 amoenitate.

1107 1524 1222 1556 Itaque
1250 1523 1347 1551 etiam
1374 1525 1567 1551 adamarunt
1594 1521 1743 1557 Romani,
1771 1529 1908 1556 quorum

1108 1569 1198 1596 villis
1223 1574 1290 1597 tota
1310 1569 1397 1603 regio
1426 1568 1521 1602 quasi
1542 1567 1672 1596 consita
1693 1571 1774 1603 erat,
1801 1575 1908 1602 neque

1107 1620 1215 1643 tamen
1246 1614 1390 1642 contenti
1417 1618 1505 1641 terra
1530 1613 1560 1641 in
1588 1613 1670 1642 mari
1695 1613 1790 1641 etiam
1815 1614 1907 1642 aedi-

1106 1660 1180 1689 ficia
1207 1666 1383 1689 exstruere
1408 1662 1628 1694 conabantur,
1663 1667 1756 1692 quem
1790 1661 1906 1688 luxum

1107 1711 1139 1734 et
1158 1705 1300 1734 furorem
1323 1713 1426 1740 saepe
1456 1710 1545 1733 notat
1564 1705 1718 1733 Horatius
1749 1704 1789 1734 cf.
1817 1707 1851 1735 C.
1875 1704 1908 1742 2,

1112 1750 1169 1784 18,
1194 1750 1249 1780 20.
1281 1751 1319 1787 3,
1352 1751 1379 1786 1,
1404 1750 1457 1779 33.
1487 1748 1541 1787 ⁶24,
1568 1750 1599 1778 3.
1650 1751 1742 1785 Opus
1769 1756 1848 1789 erat,
1876 1757 1907 1780 ut

1106 1797 1260 1832 ingentes
1298 1799 1403 1825 moles
1439 1796 1522 1825 inter
1558 1804 1595 1824 se
1630 1796 1761 1825 iunctae
1803 1794 1909 1832 (con-

1108 1840 1285 1881 structae)
1316 1843 1347 1871 in
1382 1850 1471 1871 mare
1503 1842 1752 1877 proiicerentur,
1791 1843 1908 1877 quibus

1107 1890 1216 1917 solum
1263 1894 1469 1917 exstruerent
1518 1888 1720 1922 fundumque
1768 1888 1799 1917 in
1844 1897 1907 1923 quo

1108 1936 1236 1963 domum
1265 1936 1406 1963 educere
1434 1940 1582 1970 possent.
1627 1936 1695 1963 Has
1721 1937 1827 1963 moles
1851 1937 1909 1964 de-

1107 1981 1212 2009 iectas
1254 1988 1432 2014 eorumque
1470 1980 1633 2015 fragorem
1677 1988 1750 2009 cum
1802 1982 1908 2010 Bitiae

1107 2034 1190 2055 casu
1224 2031 1407 2062 comparat.
1464 2027 1586 2055 Eadem
1618 2027 1819 2062 comparatio
1852 2035 1907 2063 ap.

1107 2073 1165 2101 Sil.
1192 2070 1221 2100 4.
1247 2071 1325 2101 299.
1375 2073 1453 2101 Vitr.
1480 2072 1518 2109 2,
1544 2071 1564 2100 6
1596 2074 1677 2108 „Est
1701 2080 1807 2108 genus
1834 2075 1908 2107 pul-

1107 2119 1216 2154 veris,
1249 2120 1334 2153 quod
1365 2118 1462 2147 efficit
1499 2118 1693 2147 naturaliter
1725 2126 1779 2147 res
1802 2119 1908 2148 admi-

1106 2165 1238 2193 randas
1274 2165 1427 2194 Nascitur
1451 2165 1483 2193 in
1505 2164 1694 2199 regionibus
1720 2164 1856 2193 Baianis
1876 2169 1908 2194 et

1105 2211 1136 2239 in
1169 2210 1257 2245 agris
1291 2211 1557 2245 municipiorum,
1596 2217 1681 2244 quae
1709 2215 1786 2238 sunt
1818 2211 1907 2240 circa

1105 2257 1266 2284 Vesvium
1290 2262 1449 2293 montem,
1481 2257 1567 2290 quod
1593 2256 1804 2285 commixtum
1832 2265 1907 2286 cum

1105 2304 1198 2330 calce
1223 2307 1251 2330 et
1281 2307 1451 2330 caemento
1474 2310 1537 2331 non
1559 2303 1654 2330 modo
1675 2302 1794 2331 ceteris
1813 2303 1907 2332 aedi-

1101 2348 1184 2376 ficiis
1209 2353 1355 2382 praestat
1381 2348 1561 2385 firmitates,
1590 2349 1648 2376 sed
1676 2348 1774 2377 etiam
1799 2351 1905 2378 moles

1103 2401 1187 2428 quae
1229 2399 1462 2422 construuntur
1508 2394 1541 2422 in
1581 2394 1679 2430 mari,
1718 2396 1780 2423 sub
1818 2402 1906 2429 aqua

1102 2438 1342 2468 solidescunt.“
1375 2437 1524 2469 Cement.
1554 2440 1608 2469 Sic
1638 2442 1713 2469 Hor.
1742 2439 1774 2477 3,
1806 2439 1835 2476 1,
1861 2439 1905 2469 33

1102 2486 1207 2514 moles
1233 2491 1263 2513 et
1290 2486 1585 2521 caementaiungit.
1641 2482 1690 2514 Pl.
1705 2494 1734 2514 e.
1751 2487 1905 2516 versibus

1102 2529 1276 2560 711—13
1301 2531 1380 2560 facit
1407 2540 1521 2559 unum:
1567 2528 1644 2559 Pila
1673 2529 1781 2570 cadit,
1805 2529 1905 2572 peni-

1103 2579 1181 2616 tusq
1208 2584 1236 2605 υ.
1264 2574 1285 2605 ἰ.
1312 2585 1337 2606 r.
1362 2578 1484 2606 ceteris
1512 2577 1624 2607 verbis
1651 2578 1777 2615 eiectis,
1804 2582 1835 2607 ut
1861 2586 1906 2607 ex

1101 2622 1155 2657 iis,
1184 2630 1267 2656 quae
1293 2624 1380 2652 dicta
1403 2629 1490 2662 sunt,
1514 2629 1661 2661 apparet,
1688 2631 1812 2653 caussa
1837 2631 1903 2652 non

1102 2668 1304 2698 sufficiente.
1590 2661 1594 2665 ¹

1149 2713 1225 2742 71¹.
1254 2715 1324 2743 Pila
1350 2722 1468 2749 saxea,
1491 2710 1634 2743 molibus
1655 2714 1783 2749 magnis
1802 2720 1903 2747 agge-

1103 2760 1164 2788 stis
1190 2765 1220 2788 et
1246 2766 1418 2790 caemento
1446 2760 1681 2795 conglutinatis
1699 2763 1900 2788 constructa.

1101 2807 1208 2845 ponto
1239 2803 1373 2836 iaciunt
1405 2807 1424 2835 i.
1450 2815 1477 2835 e.
1504 2807 1536 2835 in
1560 2811 1702 2841 pontum.
1752 2806 1800 2833 Ita
1824 2806 1900 2833 Hor.

1103 2853 1136 2880 C.
1162 2853 1213 2880 Ill.
1257 2851 1293 2889 l,
1331 2851 1375 2881 34
1413 2849 1518 2881 iactis
1544 2849 1580 2880 in
1606 2848 1715 2879 altum
1745 2847 1901 2879 molibus.

1103 2897 1157 2926 Sic
1180 2897 1311 2927 dativus
1338 2900 1438 2926 verbo
1457 2895 1570 2926 iacere
1588 2895 1730 2929 iungitur
1752 2894 1802 2930 10,
1822 2895 1900 2926 683.

1103 2945 1139 2971 Ε.
1171 2942 1209 2979 8,
1243 2942 1305 2972 101
1341 2941 1417 2972 rivo
1446 2941 1521 2972 iace
1546 2938 1690 2971 cineres.
1715 2957 1760 2961 --
1783 2943 1833 2971 De
1861 2950 1900 2972 eo

1104 2989 1215 3018 dativo
1241 2989 1282 3019 cf.
1305 2988 1338 3028 5,
1363 2987 1439 3018 451.
