2023 3350
738 98 978 134 AENEIDOS
1010 102 1096 135 LIB.
1125 102 1202 135 VII.

146 214 276 258 Multi
313 214 433 257 illam
470 226 629 268 magno
670 227 692 256 e
730 214 857 257 Latio
894 218 1076 270 totaque
1111 215 1320 270 petebant

147 273 362 326 Ausonia3
403 273 513 327 petit
551 275 653 314 ante
690 272 802 315 alios
841 273 1159 327 pulcherrimus
1197 288 1344 317 omnes
1747 278 1800 318 55

146 332 332 383 Turnus,
372 331 462 372 avis
497 331 724 385 atavisque
761 335 938 385 potens:
983 345 1112 385 quem
1148 333 1271 387 regia
1311 332 1497 375 coniunx

145 389 336 443 Adiungi
376 401 582 443 generum
619 389 729 431 miro
769 389 1036 444 properabat
1078 404 1248 443 amore,

147 447 232 490 Sed
272 447 402 489 variis
439 449 645 501 portenta
685 447 812 489 deum
853 447 1096 490 terroribus
1136 448 1326 491 obstant.

146 506 313 548 Laurus
352 508 446 546 erat
485 505 590 546 tecti
627 505 771 547 medio
804 506 849 547 in
889 505 1187 560 penetralibus
1227 507 1341 559 altis,

147 564 282 606 Sacra
319 576 506 614 comam,
549 563 797 618 multosque
837 568 955 606 metu
992 568 1163 606 servata
1202 579 1280 619 per
1315 578 1464 617 annos,

1746 566 1800 605 60

146 622 284 673 Quam
322 624 449 675 pater
486 621 724 674 inventam,
762 622 928 677 primas
962 637 1095 677 quum
1134 623 1342 666 conderet
1374 637 1510 673 arces,

145 679 243 733 Ipse
278 678 500 721 ferebatur
540 679 716 722 Phoebo
755 694 951 723 sacrasse
984 681 1177 732 Latinus,

142 737 471 791 Laurentesque
504 737 559 779 ab
595 751 646 779 ea
683 753 839 780 nomen
878 739 1074 794 posuisse
1113 738 1290 781 colonis.

143 795 282 836 Huius
317 809 420 849 apes
456 810 670 837 summum
711 796 870 838 densae
906 822 963 828 —
999 796 1202 838 mirabile
1245 796 1385 838 dictu!
1417 822 1475 827 —-

144 853 342 895 Stridore
377 854 543 907 ingenti
582 854 797 909 liquidum
835 858 956 897 trans
993 854 1173 897 aethera
1206 858 1368 906 vectae,
1746 860 1799 899 65

143 910 364 953 Obsedere
405 912 596 965 apicem,
638 916 700 964 et,
742 911 925 967 pedibus
968 927 1047 967 per
1085 916 1237 954 mutua
1273 913 1407 963 nexis,

141 969 336 1011 Examen
372 969 563 1011 subitum
602 984 723 1012 ramo
763 969 993 1012 frondente
1032 970 1251 1026 pependit.

144 1027 357 1069 Continuo
395 1031 534 1079 vates,
575 1028 814 1070 Externum
851 1029 1082 1079 cernimus,
1126 1028 1279 1082 inquit,

141 1085 389 1126 Adventare
425 1086 585 1138 virum,
629 1091 672 1129 et
709 1090 857 1141 partes
897 1090 1045 1140 petere
1082 1100 1236 1140 agmen
1276 1083 1448 1127 easdem

141 1143 346 1185 Partibus
387 1157 439 1185 ex
474 1143 631 1195 isdem,
673 1147 716 1186 et
755 1158 923 1186 summa
961 1144 1228 1185 dominarier
1267 1156 1379 1186 arce.

141 1201 391 1253 Praeterea,
424 1202 554 1243 castis
590 1201 738 1243 adolet
773 1202 874 1244 dum
911 1201 1070 1244 altaria
1107 1201 1260 1254 taedis,

144 1260 202 1300 Et
239 1259 362 1301 iuxta
396 1260 636 1313 genitorem
675 1260 824 1302 adstat
864 1260 1045 1302 Lavinia
1076 1260 1213 1313 virgo,

145 1317 266 1370 Visa,
307 1317 444 1370 nefas,
486 1318 626 1372 longis
659 1317 972 1374 comprendere
1010 1317 1202 1360 crinibus
1241 1317 1398 1371 ignem,

189 1456 243 1488 54.
275 1456 378 1488 Latio
397 1460 549 1497 „Latium
573 1467 650 1495 pars
674 1465 723 1489 est
740 1461 946 1490 Ausoniae‘·

142 1506 174 1533 S.
204 1520 241 1524 —
267 1503 453 1545 petebant:
477 1511 581 1541 petere
604 1508 642 1535 de
668 1507 776 1542 procis
803 1509 945 1542 puellam

141 1552 360 1580 ambientibus
389 1553 564 1587 proprium.
616 1553 663 1582 Cf.
696 1550 728 1590 1,
761 1552 838 1582 536.

186 1597 240 1626 56.
274 1594 412 1626 'l'urnns
457 1596 534 1627 avis
581 1596 768 1639 atavisque
810 1601 945 1640 potens.

141 1643 196 1672 Sic
222 1643 280 1671 Sil.
308 1641 347 1678 8,
374 1641 438 1672 385
465 1645 547 1674 (lixit
573 1642 650 1674 avis
679 1643 828 1684 pollens.

187 1687 242 1718 57.
269 1698 397 1727 amore,
424 1691 597 1728 desiderio,
630 1692 736 1719 sumto
764 1692 804 1721 cf.
832 1690 862 1723 2,
893 1689 944 1720 10.

188 1733 241 1764 58.
269 1733 391 1773 variis,
417 1741 448 1765 ιιι
476 1738 587 1766 statim
612 1742 830 1767 memorantur
854 1745 944 1775 apes,

142 1781 327 1810 incendium
352 1786 380 1811 et
405 1785 574 1812 oraculum
600 1784 716 1812 Fauni.

187 1826 241 1855 59.
270 1825 351 1856 lecti
382 1826 497 1857 merito
526 1829 565 1858 cf.
600 1830 640 1857 ad
671 1828 705 1863 l,
731 1826 807 1857 422.
858 1830 947 1863 Quod

143 1873 340 1908 praepositio
374 1874 470 1902 alteri
507 1878 630 1903 tantum
662 1877 763 1904 verbo
797 1876 949 1910 apposita

142 1923 190 1947 est
214 1919 255 1948 cf.
283 1917 318 1955 6,
345 1916 411 1947 692
442 1935 480 1939 ——
509 1918 545 1949 in
570 1918 835 1960 penetralibus;
864 1923 948 1958 „Pe—

143 1967 269 1994 netrale
308 1968 356 1993 est
393 1967 500 1994 omnis
538 1967 671 1995 interior
708 1974 785 2002 pars
822 1968 946 2003 domuS,

141 2011 217 2040 licet
248 2011 293 2040 sit
323 2011 476 2041 intecta.“
510 2014 542 2041 S.
600 2014 650 2041 Ita
682 2010 717 2049 4,
751 2010 817 2040 504
851 2021 946 2047 pene-

143 2057 238 2086 tralis
263 2057 375 2090 sedes,
406 2062 439 2087 ut
465 2060 525 2087 hoc
551 2060 638 2096 loce,
670 2058 865 2093 impluvium
888 2063 947 2097 est,

142 2105 249 2141 „quod
270 2106 421 2138 quattuor
442 2105 573 2133 aedium
594 2105 751 2133 lateribus
772 2105 946 2142 inclusum,

143 2151 244 2178 luxus
291 2150 513 2179 Romanorum
560 2151 738 2186 porticibus
788 2151 947 2189 cingebat,

143 2196 263 2225 statuis
288 2198 426 2225 ornabat
452 2201 482 2225 et
513 2199 703 2226 conserebat
732 2204 866 2226 amoeno
893 2205 947 2227 ar-

143 2244 252 2270 boreto
289 2250 361 2270 cum
401 2243 679 2272 ambulationibus
724 2248 755 2272 et
801 2241 947 2279 xystis.“

143 2288 215 2316 Iani
245 2288 286 2316 ad
316 2289 390 2317 Hor.
421 2289 455 2318 C.
492 2287 529 2326 3,
569 2286 626 2326 10,
671 2289 690 2317 5
730 2286 845 2318 Audis
880 2298 946 2330 quo

139 2331 290 2373 strepitu
335 2342 455 2363 nemus
502 2332 593 2364 inter
635 2332 784 2375 pulchra
830 2338 947 2365 salum

141 2380 233 2408 tecta
257 2378 449 2420 remugiat.
498 2382 568 2410 Tib.
597 2379 635 2419 3,
663 2380 700 2418 3,
730 2380 769 2409 15
801 2389 946 2411 nemora

141 2422 176 2453 in
206 2422 366 2454 domibus
389 2434 508 2455 sacros
534 2425 716 2456 imitantia
739 2425 844 2456 lucos.
886 2428 948 2457 Hic

142 2472 244 2499 luxus
276 2475 364 2499 ortus
397 2476 445 2501 est
476 2481 518 2502 ex
545 2474 720 2511 religione,
757 2481 822 2508 qua
851 2476 946 2503 arbor

142 2520 307 2551 tamquam
339 2517 459 2553 pignus
487 2520 601 2548 domus
627 2523 657 2548 et
685 2519 833 2548 familiae
859 2522 946 2550 cole-

142 2565 248 2601 batur,
272 2564 461 2598 praesertim
481 2565 512 2592 si
530 2570 643 2600 sponte
660 2570 758 2595 enata
775 2570 854 2595 erat.
897 2567 944 2595 Cf.

142 2609 216 2638 Liv.
248 2607 308 2647 43,
350 2606 402 2638 13.
460 2612 545 2639 Suet.
579 2612 666 2648 Aug.
700 2610 742 2639 92
784 2609 944 2641 Enatam

140 2652 232 2684 inter
271 2652 455 2684 iuncturas
495 2653 657 2696 lapidum
689 2659 771 2686 ante
805 2654 946 2687 domum

139 2708 242 2730 suam
272 2698 431 2742 palmam
463 2699 500 2731 in
531 2700 768 2742 compluvium
801 2700 945 2732 deorum

146 2743 332 2776 Penatium
364 2745 565 2786 transtulit,
603 2751 711 2788 utque
739 2746 947 2779 coalesceret

139 2800 357 2833 magnopere
385 2792 536 2823 curavit.
584 2796 635 2824 Ex
667 2803 729 2829 quo
756 2796 826 2825 loco
854 2803 947 2825 aram

140 2838 246 2868 fuisse
269 2840 303 2868 in
324 2841 513 2875 compluvio
532 2841 746 2878 intelligimus
762 2842 945 2880 Penatium,

141 2886 224 2919 quod
247 2885 350 2915 firmat
372 2887 465 2916 locus
488 2885 524 2924 2,
549 2885 626 2916 512.

185 2929 239 2960 60.
266 2940 369 2961 sacra
395 2941 548 2962 comam:
587 2934 701 2968 Itaque
725 2932 858 2963 frondes
878 2942 944 2963 non

141 2979 364 3011 carpebantur.
385 2994 423 2998 —
445 2981 537 3009 metu
556 2986 601 3009 sc.
622 2980 755 3009 deorum
779 2980 818 3009 cf.
840 2977 870 3017 6,
889 2978 942 3008 10.

187 3020 240 3051 61.
263 3021 400 3063 primas
425 3033 531 3064 quum
556 3023 719 3056 conderet
745 3033 842 3055 arces
868 3026 889 3055 i.
915 3035 942 3055 e.

994 1469 1092 1496 quum
1119 1468 1229 1492 arcem
1256 1461 1392 1489 condere
1418 1459 1583 1494 inciperet.
1623 1459 1676 1488 Sic
1701 1458 1731 1490 3.
1757 1457 1798 1488 17

994 1504 1132 1536 moenia
1158 1505 1275 1547 prima
1305 1504 1400 1542 toco‚·
1424 1510 1453 1534 et
1485 1504 1515 1540 b',
1539 1501 1617 1534 811.
1661 1504 1693 1541 8,
1721 1505 1798 1536 561.

994 1553 1042 1583 Cf.
1063 1556 1115 1582 Gr.
1143 1555 1164 1587 ,ξ
1191 1551 1268 1581 368.
1291 1568 1328 1572 —-
1350 1554 1420 1581 Non
1445 1551 1621 1580 dissimilis
1646 1557 1694 1581 est
1718 1561 1800 1582 usus

994 1600 1274 1635 praepositionum
1302 1597 1337 1629 6.
1365 1596 1442 1626 203.

1041 1645 1094 1674 62.
1127 1643 1263 1675 Phoebo
1292 1648 1372 1674 bene
1395 1649 1422 1673 et
1451 1646 1566 1673 laurus·
1596 1650 1747 1674 sacratur
1769 1649 1799 1674 et

993 1694 1163 1721 oraculum
1193 1693 1303 1720 ilatum
1329 1691 1492 1721 convenit.

1042 1736 1096 1766 63.
1127 1735 1323 1766 Laurentes
1357 1752 1402 1756 -—
1432 1744 1555 1765 nomen
1586 1744 1659 1774 pos.
1693 1736 1732 1766 cf.
1768 1735 1798 1774 3,

997 1781 1049 1812 18.
1082 1799 1120 1803 ——
1149 1792 1252 1823 qnam
1280 1798 1325 1802 -—
1352 1780 1395 1811 ab
1420 1790 1461 1811 ea
1491 1782 1530 1811 cf.
1562 1780 1616 1816 12,
1648 1780 1726 1811 944.

1042 1828 1094 1858 65.
1129 1827 1256 1858 lectae
1275 1829 1382 1865 signat
1399 1829 1483 1857 mari
1505 1829 1679 1864 advectos;
1705 1826 1799 1858 obse-

996 1873 1086 1910 dere,
1109 1883 1180 1904 voc.
1197 1875 1351 1911 militare,
1366 1875 1484 1903 bellum
1500 1874 1643 1903 futurum
1660 1874 1798 1911 intlicat;

994 1926 1022 1950 et
1048 1923 1132 1956 quod
1161 1922 1288 1956 apicem
1312 1924 1469 1955 occupant
1501 1920 1628 1949 arboris
1652 1921 1684 1948 in
1706 1922 1798 1950 domo

994 1968 1116 2005 media,
1150 1968 1290 1997 victores
1315 1967 1382 1995 fore
1408 1970 1561 1995 externos
1589 1966 1664 1995 illos
1688 1968 1798 1996 decla-

995 2019 1095 2043 ratur.
1145 2015 1180 2042 1ιί
1211 2014 1392 2050 prodigium
1426 2020 1478 2048 ap.
1504 2014 1670 2041 Romanos
1701 2021 1799 2049 saepe

995 2062 1205 2089 observatum
1231 2064 1281 2088 est
1305 2060 1344 2089 cf.
1372 2059 1446 2088 Liv.
1474 2057 1533 2095 21,
1561 2057 1614 2087 ⁴6.
1657 2057 1716 2096 24,
1744 2057 1796 2089 10.

996 2103 1049 2141 27,
1078 2104 1120 2134 23
1144 2109 1174 2134 et
1200 2103 1253 2140 35,
1281 2103 1299 2133 9
1326 2113 1465 2134 examen
1488 2112 1675 2140 vesparum.
1729 2106 1797 2136 Cic.

995 2152 1072 2180 Div.
1100 2151 1133 2188 1,
1161 2149 1221 2187 33,
1248 2149 1290 2179 73
1317 2156 1375 2180 etc.

1042 2194 1095 2225 66.
1120 2204 1184 2236 per
1206 2198 1332 2225 mutua
1354 2205 1411 2232 pro
1432 2196 1587 2225 adverbio
1605 2197 1646 2225 ad
1667 2197 1697 2233 5,
1720 2194 1797 2226 793.

1000 2240 1063 2272 Ld.
1090 2247 1196 2272 monet
1222 2244 1307 2271 hanc
1333 2242 1506 2271 formulam
1532 2250 1596 2270 non
1621 2243 1703 2279 legi,
1733 2244 1799 2271 nisi

994 2291 1054 2318 hoc
1078 2290 1159 2318 loco.
1189 2304 1227 2308 ——
1255 2290 1303 2317 De
1329 2296 1362 2317 re
1390 2288 1429 2317 cf.
1454 2289 1490 2316 G.
1520 2286 1558 2326 4,
1584 2287 1650 2316 555
1677 2297 1742 2326 sq.,
1769 2289 1798 2318 si

994 2336 1136 2364 nondum
1162 2335 1277 2363 vidisti
1305 2334 1386 2369 ipse.

1041 2379 1093 2409 67.
1122 2378 1274 2410 subitum
1303 2380 1342 2410 cf.
1367 2379 1403 2417 5,
1431 2376 1507 2407 137.

1040 2424 1094 2456 70.
1119 2423 1283 2467 partibus
1310 2434 1350 2455 ex
1374 2423 1504 2462 isdem,
1533 2433 1550 2453 e
1574 2425 1692 2461 quibus
1717 2433 1798 2461 apes

994 2474 1194 2503 advenerint.

1039 2516 1093 2549 71.
1121 2516 1230 2548 castis
1249 2518 1270 2547 i.
1296 2526 1323 2546 e.
1350 2517 1451 2553 puris,
1474 2516 1534 2545 rite
1556 2517 1597 2545 atl
1621 2523 1717 2546 sacra
1739 2525 1798 2553 pa-

993 2566 1084 2595 ratis.
1133 2567 1184 2594 Ita
1216 2572 1267 2594 res
1297 2564 1331 2592 in
1363 2563 1468 2593 sacris
1500 2563 1667 2591 adhibitae
1698 2564 1798 2594 etiam

993 2612 1068 2647 piae
1093 2612 1256 2647 dicuntur,
1282 2614 1315 2639 ut
1341 2609 1391 2638 far
1416 2609 1505 2644 pium
1529 2609 1568 2639 cf.
1595 2607 1626 2646 4,
1653 2607 1730 2639 517.
1756 2626 1795 2631 -

993 2655 1113 2688 adolet
1140 2658 1179 2687 cf.
1209 2654 1243 2692 1,
1270 2653 1347 2684 704.

1039 2701 1094 2733 72.
1122 2706 1152 2733 et
1184 2704 1291 2742 MRyb
1336 2710 1398 2731 rec.
1439 2697 1502 2730 Rb.
1541 2698 1604 2731 Ld.
1644 2706 1683 2731 et.-
1711 2711 1798 2733 nunc

993 2750 1093 2779 etiam
1119 2747 1204 2791 Wg.
1249 2749 1336 2778 Ante
1356 2749 1524 2784 legebatur
1546 2749 1595 2784 ut,
1620 2749 1704 2782 quod
1723 2757 1799 2784 pro-

991 2798 1086 2825 batur
1124 2804 1166 2825 ex
1190 2795 1228 2832 5,
1266 2791 1350 2831 388,
1388 2794 1444 2822 sed
1480 2801 1545 2822 non
1576 2794 1706 2824 videtur
1737 2796 1797 2824 niti

992 2843 1105 2872 MssiS.
1137 2857 1175 2861 —
1207 2838 1335 2870 Adstat
1363 2847 1428 2868 non
1454 2839 1530 2874 ipsa
1560 2841 1797 2878 sacrificatura,

991 2895 1145 2918 coronam
1166 2887 1252 2916 enim
1270 2886 1351 2923 gerit
1369 2886 1506 2922 gemmis
1527 2891 1686 2921 ornatam,
1713 2889 1797 2922 quod

990 2935 1116 2972 regium
1147 2938 1196 2963 est
1230 2933 1376 2970 insigne,
1408 2940 1473 2960 non
1498 2932 1592 2961 vittis
1625 2937 1655 2962 et
1677 2933 1797 2963 infulis

989 2985 1123 3018 tectam,
1151 2980 1261 3015 qualis
1284 2982 1333 3007 est
1360 2978 1624 3008 sacrificantium.

1036 3025 1090 3055 73.
1117 3023 1205 3056 visa.
1261 3026 1331 3055 Hoc
1366 3026 1567 3055 vocabulum
1603 3025 1722 3061 ubique
1759 3025 1794 3054 in
