2023 3350
827 97 1064 133 AENEIDOS
1095 100 1182 133 LIB.
1213 102 1257 133 II.

1790 106 1868 144 115

223 212 400 267 Iamque
436 212 548 266 iugis
584 225 776 255 summae
811 213 1018 267 surgebat
1055 214 1228 256 Lucifer
1258 215 1374 267 Idae,

223 270 506 324 Ducebatque
539 269 672 322 diem3
718 271 944 326 Danaique
983 271 1160 315 obsessa
1194 273 1401 315 tenebant

223 328 393 370 Limina
428 331 672 382 portarum,
715 342 794 371 nec
828 344 925 384 spes
960 331 1054 385 opis
1089 331 1180 373 ulla
1214 331 1419 373 dabatur:

223 386 339 429 Cessi
373 389 416 428 et
449 385 620 429 sublato
660 390 828 430 montes
863 388 1057 442 genitore
1092 389 1236 443 petivi,

269 513 346 545 801.
376 513 537 554 Lucifer,
579 518 675 546 stella
710 518 829 547 Veneri
864 526 960 549 sacra
993 524 1022 548 et

221 564 295 598 ipsa
318 563 430 592 Venus
455 563 556 597 dicta,
582 563 665 592 diem
689 564 776 593 ducit
800 569 835 593 ut
863 566 898 593 E.
922 562 953 600 8,
980 563 1021 593 17

221 606 312 638 diem
348 617 419 649 age
460 606 605 647 Lucifer
648 606 792 639 almum.
846 612 895 640 Ita
932 616 1023 640 astra

220 657 337 685 ducunt
361 660 485 685 noctem
506 657 541 684 G.
569 654 599 690 3,
630 653 702 685 156.

266 768 343 799 804.
370 772 501 801 Recedit
527 772 560 799 in
586 772 663 800 Idae
688 776 827 807 montes,
860 772 904 800 ihi
933 780 1020 801 com-

220 821 421 853 moraturus,
447 819 522 851 dum
542 818 657 846 Graeci
682 820 815 852 abeant;
850 822 963 852 postea
988 819 1020 847 in

218 864 311 893 litore
344 864 482 893 exstruit
514 871 626 893 naves.
682 866 814 893 montes
839 866 881 892 31.
923 872 1020 893 mon-

218 912 286 940 tem
317 910 352 938 P.
416 907 552 939 Montes
582 911 658 938 Idae
694 914 910 939 memorantur
943 908 1018 939 636.

218 954 248 994 3,
275 954 304 984 6.
331 964 394 985 rec.
427 953 512 997 Wg.
545 952 607 985 Ld.
637 952 701 985 Rb.
873 952 877 955 ⁴

264 1027 439 1063 Napoleon,
463 1027 556 1054 homo
580 1025 660 1054 artis
680 1025 833 1054 militaris
855 1025 1019 1060 peritissi-

217 1079 308 1107 mus,
360 1074 445 1101 hunc
488 1072 607 1100 librum
653 1071 812 1100 sermonis
857 1071 1019 1107 elegantia

217 1117 425 1153 praecipuum
452 1117 563 1146 multis
589 1121 713 1146 scatere
735 1117 867 1151 ineptiis
891 1117 1017 1145 dixisse

218 1168 376 1193 narratur.
427 1164 520 1191 Hunc
546 1163 662 1191 librum
689 1163 907 1199 demonstare,
939 1162 1016 1191 Vir-

215 1210 330 1244 gilium
356 1209 438 1238 artis
464 1209 616 1237 militaris
649 1209 760 1237 rudem
793 1208 906 1237 fuisse.
957 1208 1015 1236 Ri-

215 1256 357 1285 diculum
387 1262 460 1284 esse
492 1255 600 1283 dolum
632 1254 788 1283 exstructi
819 1255 911 1289 equi,
952 1262 1014 1288 quo

214 1301 383 1330 fortissimi
407 1303 601 1330 Graecorum
626 1301 673 1329 ita
697 1301 946 1337 includerentur,
981 1305 1015 1329 ut

214 1347 402 1377 defendendi
441 1349 531 1376 locus
571 1355 633 1375 non
675 1346 788 1383 fuerit,
831 1347 885 1381 qui
923 1350 1012 1375 tanta

215 1396 298 1423 mole
328 1394 461 1429 fuisset,
503 1397 537 1422 ut
573 1401 636 1421 uno
668 1394 719 1421 die
753 1401 816 1421 non
855 1394 1014 1428 potuisset

213 1441 285 1469 urbi
310 1440 438 1475 inferri;
464 1440 517 1468 ubi
538 1447 594 1474 per
611 1440 671 1468 duo
696 1439 825 1468 flumina
851 1440 910 1467 iter
933 1444 1012 1468 erat.

213 1487 331 1516 Mirum
356 1494 446 1522 esse,
488 1487 571 1521 quod
592 1486 742 1522 Troiani,
783 1486 837 1521 qui
864 1487 1013 1514 Tenedon

212 1535 253 1562 ab
275 1539 350 1562 arce
373 1532 551 1568 potuissent
577 1532 780 1567 conspicere,
810 1540 873 1560 non
899 1533 1013 1567 explo-

212 1579 358 1608 raverint
378 1581 494 1615 locum,
519 1579 574 1607 ubi
592 1580 787 1607 Graecorum
811 1582 897 1607 esset
919 1587 1013 1607 exer-

213 1626 307 1655 cituS.
356 1625 514 1654 Troianos
537 1625 654 1659 gaudio
678 1626 782 1654 elatos
806 1629 834 1653 et
855 1625 933 1653 vino
959 1626 1012 1653 tle-

212 1672 295 1701 ditos
321 1679 383 1700 11011
411 1675 484 1700 ante
509 1672 647 1700 mediam
681 1675 803 1700 noctem
831 1671 898 1699 isse
921 1671 1012 1699 cubi-

210 1721 286 1747 tum.
323 1719 368 1746 Eo
388 1719 516 1748 tandem
535 1722 674 1754 tempore
693 1718 846 1747 Sinonem
867 1717 1012 1753 potuisse

1069 521 1184 548 laxare
1220 521 1365 549 claustra
1401 524 1429 549 et
1466 525 1574 556 portas
1610 521 1746 556 aperire.
1803 523 1865 550 Sed

1068 565 1135 594 iam
1166 574 1286 595 versus
1318 567 1466 595 Aurorae
1498 571 1624 602 tempus
1655 567 1763 596 omnia
1792 576 1866 596 esse

1069 612 1230 641 confecta:
1271 615 1383 641 urbem
1408 613 1591 650 incensam,
1629 621 1725 648 quam
1751 615 1864 643 Graeci

1068 658 1211 687 exercitu
1237 659 1358 687 centies
1382 659 1472 687 mille
1494 660 1633 688 militum
1653 668 1718 688 non
1740 661 1863 695 potuis-

1067 708 1139 733 sent
1161 704 1328 733 obsidione
1348 705 1527 741 includere3
1554 710 1749 740 prostratum
1772 715 1863 736 exer-

1068 750 1175 784 citum,
1200 751 1254 785 qui
1278 759 1334 786 per
1359 752 1466 780 decem
1490 758 1594 781 annos
1619 751 1654 780 in
1678 759 1790 787 campo
1813 761 1863 782 re-

1067 796 1222 831 stitis-seu
1260 799 1428 826 collectam
1461 799 1629 835 praedam,
1667 800 1750 833 quod
1782 799 1865 828 inter

1067 844 1179 871 turbas
1209 842 1276 871 fieri
1299 851 1362 871 non
1385 843 1551 878 potuisset.
1599 845 1746 873 Aeneam
1771 853 1864 880 prae-

1068 892 1156 917 terea
1180 888 1336 917 interesse
1361 890 1509 918 omnibus
1534 890 1667 925 proeliis
1690 895 1719 919 et
1743 892 1784 920 ad
1807 893 1863 921 do-

1067 941 1154 962 mum
1185 941 1281 963 suam
1314 942 1412 970 saepe
1441 936 1562 966 redire.
1604 944 1646 965 ex
1678 939 1757 966 urbe
1790 946 1863 973 pro-

1066 979 1166 1009 ticisci
1189 984 1217 1008 et
1238 981 1365 1009 reverti.
1416 982 1505 1010 Haec
1528 982 1637 1011 omnia
1659 981 1743 1011 intra
1766 984 1862 1013 trium

1066 1028 1217 1054 horarum
1241 1026 1382 1061 spatium
1407 1026 1493 1055 facta
1527 1035 1617 1063 esse,
1659 1036 1756 1063 quum
1782 1030 1863 1059 Car-

1065 1073 1160 1107 thago
1191 1073 1231 1100 ab
1260 1072 1377 1100 incolis
1412 1079 1520 1101 vacua
1556 1081 1613 1108 per
1647 1076 1863 1109 septendecim

1065 1117 1149 1151 dies,
1194 1118 1380 1154 Moscovia,
1424 1119 1543 1153 ligneis
1578 1120 1765 1155 plerumque
1803 1130 1862 1151 ex-

1063 1167 1185 1192 structa
1222 1163 1393 1201 aedificiiS,
1437 1173 1492 1199 per
1530 1165 1677 1195 undecim
1712 1166 1860 1197 arsisset.

1062 1209 1158 1238 Talia
1179 1210 1352 1238 Homerum
1374 1218 1540 1245 nunquam
1561 1211 1720 1241 facturum
1746 1213 1862 1250 fuisse,

1061 1263 1120 1285 nec
1151 1259 1357 1285 narraturum
1388 1257 1477 1285 urbis
1507 1258 1729 1296 eversionem,
1766 1260 1863 1294 quasi

1061 1306 1189 1336 captum
1213 1304 1384 1331 castellum
1412 1311 1512 1332 unum
1539 1308 1633 1333 esset.
1672 1320 1710 1324 —
1744 1306 1790 1334 At
1812 1310 1861 1335 ta-

1060 1356 1132 1376 men
1156 1353 1332 1377 excusatur
1359 1354 1469 1387 poeta,
1499 1351 1581 1385 quod
1609 1358 1648 1379 ea
1671 1355 1739 1380 erat
1762 1351 1859 1381 fama.

1060 1395 1169 1428 Neque
1196 1395 1310 1429 paucis
1340 1396 1428 1423 horis
1458 1396 1567 1425 omnia
1597 1399 1763 1426 combusta
1788 1407 1862 1427 esse

1059 1441 1172 1476 tradit3
1215 1449 1272 1470 cur
1309 1442 1395 1470 enim
1433 1443 1548 1471 Graeci
1584 1443 1738 1473 incensae
1771 1445 1861 1473 urbis

1060 1491 1169 1521 portas
1196 1488 1401 1516 custodirent.
1451 1490 1551 1517 Macr.
1577 1488 1608 1525 ὁ,
1632 1487 1663 1522 2,
1687 1486 1706 1518 4
1738 1492 1861 1520 ..Ever-

1060 1533 1184 1562 sionem
1210 1534 1326 1563 Troiae
1352 1542 1425 1563 cum
1449 1535 1568 1563 Sinone
1592 1540 1621 1564 et
1644 1544 1724 1571 equo
1754 1537 1860 1573 ligneo

1060 1580 1239 1615 ceterisque
1261 1581 1420 1613 omnibns,
1440 1588 1523 1616 quae
1545 1581 1665 1611 librum
1685 1584 1861 1612 secundum

1059 1625 1199 1661 faciunt,
1247 1634 1268 1655 a
1306 1627 1465 1655 Pisandro
1503 1634 1606 1662 paene
1644 1630 1684 1657 ad
1725 1631 1860 1659 verbum

1061 1673 1318 1708 transscripsit-'-
1365 1674 1438 1702 Tali
1469 1675 1561 1702 modo
1592 1675 1709 1710 ubique
1733 1678 1860 1705 Macro-

1059 1719 1133 1747 bius
1156 1719 1316 1755 loquitur;
1344 1720 1436 1749 nobis
1459 1720 1603 1750 iudicare
1626 1729 1690 1751 non
1709 1722 1793 1751 licet.
