2023 3350
741 85 981 120 AENEIDOS
1013 88 1101 120 LIB.
1130 89 1188 121 vt.
1712 92 1794 130 327

130 211 254 234 eorum
280 210 462 242 numerus,
490 200 693 243 multosque
721 201 781 244 qui
809 200 902 234 bello
926 204 1077 236 Troiano
1098 205 1279 246 perierunt
1296 204 1436 238 Aeneas
1462 204 1555 237 videt
1581 209 1613 236 et
1641 204 1795 237 Graecos

129 252 163 281 et
200 248 382 280 Troianos.
455 246 510 279 llli
546 246 713 280 hostilem
745 248 903 281 animum
941 250 1143 291 prodidere;
1188 250 1222 283 hi
1257 251 1409 283 amicum
1427 250 1561 292 alloqui
1587 255 1621 284 et
1644 251 1793 283 retinere

128 293 331 337 cupiebant.
380 295 476 326 Inter
508 292 596 326 alios
625 294 713 326 vidit
743 295 849 326 etiam
876 295 1101 338 Deiphobum
1131 297 1406 336 amicissimum,
1442 297 1544 330 foede
1579 301 1791 330 truncatum.

127 341 246 380 Hunc,
271 349 383 382 quum
409 342 531 382 postea
558 350 630 372 non
659 341 890 383 conspiceret,
919 343 954 374 iu
983 343 1106 375 Troiae
1135 343 1270 376 excidio
1300 344 1438 376 fortiter
1462 347 1678 386 pugnantem
1702 343 1792 376 ocei-

127 387 222 419 disse
246 386 386 420 Aeneas
417 385 614 418 coniecerat
639 391 674 419 et
701 386 828 419 famam
855 391 1046 430 acceperat,
1075 399 1180 431 quam
1209 389 1332 422 salsam
1359 390 1471 422 fuisse.
1496 390 1574 432 ipso
1598 394 1789 432 conspecto

126 433 245 466 statim
268 431 448 466 intellexit.
500 433 622 474 ltaque
652 443 689 465 ex
725 433 911 476 Deiphobo
948 436 1071 467 mortis
1097 445 1259 468 caussam
1288 437 1436 478 quaerit.
1486 438 1560 468 Iam
1589 445 1669 468 vero
1694 435 1790 477 quod

125 480 314 512 Hectorem
342 482 444 522 poeta
471 487 540 510 non
576 480 781 512 memoravit
817 479 859 512 ab
891 479 1010 514 Aenea
1038 482 1172 521 visum,
1199 481 1319 524 plures
1346 486 1497 525 possunt
1524 491 1600 514 esse
1627 491 1787 514 caussae:

124 535 205 558 nam
234 529 293 557 aut
320 534 390 557 non
419 529 503 563 erat,
531 525 626 567 quod
649 526 837 559 Hectorem
863 526 989 560 faceret
1011 532 1228 566 narrantem;
1257 538 1347 570 quae
1372 529 1519 561 enimin
1547 532 1637 560 terra
1660 537 1788 570 passus

124 575 212 612 erat,
247 580 285 603 ea
313 569 455 604 tenebat
480 571 618 604 Aeneas
643 573 772 613 omnia,
808 583 897 614 quae
931 579 1047 606 autem
1076 574 1118 607 de
1145 579 1238 607 statu
1264 575 1461 607 inferorum
1486 578 1621 617 poterat
1646 574 1787 613 referre,

124 617 330 650 tribuuntur
362 616 558 650 Anchisae:
609 623 669 650 aut
706 619 854 657 Hector,
900 620 960 660 qui
1000 615 1213 661 ἀμύνεσθαι,
1255 619 1338 663 περὶ
1369 618 1512 662 πάτρης
1542 625 1576 652 et
1607 619 1725 653 verbis
1755 624 1788 653 et

123 662 229 696 rebus
262 663 330 696 sibi
366 664 597 706 praecipuum
630 674 706 697 esse
749 665 1053 707 comprobaverat,
1088 665 1208 708 Elysio
1241 666 1372 708 dignus
1403 666 1589 699 videbatur
1619 675 1719 699 esse:
1751 667 1786 699 in

123 709 244 752 Elysio
266 715 383 742 autem
407 708 452 742 ob
476 720 610 750 rerum,
637 721 726 754 quae
751 711 799 744 ibi
825 711 925 751 fiunt,
948 712 1173 755 dignitatem,
1207 712 1393 746 deflectere
1419 712 1463 746 ad
1491 712 1604 745 aliena
1627 712 1786 745 Aeneam

123 766 186 799 par
207 766 278 789 non
306 760 369 789 est.

215 802 376 835 Diximus
403 807 543 845 poetam
568 803 708 835 iniectis
731 802 995 836 narrationibus
1014 803 1198 836 consulere
1219 803 1374 836 voluisse
1400 804 1626 842 iucunditati;
1651 809 1685 836 at
1706 813 1786 836 vero

119 858 214 881 nunc
241 859 351 892 quum
377 848 421 881 ad
445 848 550 881 linem
576 850 789 882 narrationis
817 850 1056 892 pervenimus,
1087 855 1228 893 tempus
1255 854 1307 883 est
1333 850 1504 892 attingere
1531 850 1646 889 aliud,
1688 850 1786 893 quod

122 900 224 938 poeta
251 900 394 927 secutus
426 905 504 928 esse
538 895 705 928 videatur.
756 897 794 927 ln
830 901 941 929 morte
968 897 1061 929 enim
1092 896 1171 929 ticta
1203 901 1236 929 et
1265 896 1433 929 simulata
1459 896 1628 929 decidunt
1654 898 1785 936 onmia,

119 941 315 974 blanditiae
343 946 377 974 et
401 941 594 974 adulationi
628 941 731 975 locus
768 952 838 974 non
865 947 928 975 est.
988 942 1093 983 Quod
1128 943 1244 975 vivum
1273 943 1339 974 vivi
1364 941 1520 975 Aeneam
1552 943 1642 975 miro
1667 952 1786 975 amore

120 991 389 1030 prosequuntur
412 988 567 1028 Troiani,
593 989 689 1030 quod
716 987 953 1021 fortissimum
980 993 1013 1021 et
1037 989 1275 1021 iustissimum
1303 998 1379 1021 esse.
1397 989 1610 1030 praedicant,
1633 990 1682 1030 (1,
1700 989 1785 1029 544)

121 1034 217 1076 quod
251 1035 287 1067 in
321 1043 361 1066 eo
396 1043 537 1066 omnem
572 1044 674 1067 suam
716 1043 817 1076 spem
850 1035 1005 1077 positam
1046 1034 1193 1067 habent:
1233 1039 1283 1067 est
1312 1044 1396 1066 sane
1424 1034 1488 1067 hoc
1524 1034 1679 1076 aliquid;
1720 1034 1783 1067 sed

120 1080 234 1113 multo
269 1080 384 1113 maius
419 1085 489 1121 est,
533 1080 628 1122 quod
655 1091 673 1113 a
706 1081 855 1113 mortuis
888 1080 1061 1113 laudatur.
1125 1076 1284 1113 Aeneam
1319 1086 1436 1112 autem
1471 1080 1633 1113 videmus
1665 1079 1708 1113 ab
1740 1081 1783 1112 iis

119 1127 330 1160 sincerrimo
355 1136 474 1159 amore
500 1127 619 1169 diligi;
651 1126 842 1159 Palinurus
871 1137 940 1159 non
968 1136 1068 1159 suam
1096 1131 1244 1158 mortem
1273 1130 1462 1165 curaverat,
1489 1126 1551 1159 sed
1580 1136 1623 1159 ne
1646 1125 1785 1158 Aeneas

118 1183 157 1205 ex
183 1183 222 1205 ea
251 1172 421 1206 damnum
446 1173 600 1213 faceret,
626 1172 660 1205 id
687 1173 803 1205 solum
832 1173 995 1204 timuerat
1020 1173 1136 1213 (351);
1165 1172 1223 1204 alii
1248 1172 1389 1204 Troiani
1419 1172 1547 1205 nolunt
1575 1171 1619 1205 ab
1648 1182 1687 1205 eo
1712 1172 1784 1204 dis-

117 1220 210 1251 cerni
239 1224 273 1252 et
302 1219 469 1261 gaudent,
496 1219 591 1261 quod
618 1219 892 1251 dilectissimum
917 1218 1100 1261 adspicere
1124 1218 1202 1251 licet
1232 1218 1370 1251 ducem.
1414 1219 1527 1259 (458.)
1562 1218 1783 1261 Deiphobus.

117 1266 178 1308 qui
201 1271 254 1298 est
283 1266 409 1298 Priami
436 1265 542 1305 tilius,
567 1270 621 1298 est
646 1265 897 1304 amicissimus,
925 1275 987 1297 uec
1013 1265 1081 1297 nisi
1108 1270 1251 1298 coactus
1278 1264 1419 1298 recedit.
1446 1269 1479 1297 et
1504 1264 1587 1297 Vale
1614 1265 1784 1297 ultimum

117 1312 239 1344 dicens·
268 1311 374 1344 ‹Ieeus
400 1315 569 1344 nostrum
595 1311 752 1344 Aeneam
780 1315 961 1353 nuncupat
988 1312 1101 1351 (546).
1159 1312 1311 1343 Tantum
1347 1320 1503 1343 amorem
1537 1321 1682 1343 suorum
1711 1321 1782 1343 non

117 1358 232 1400 potuit
254 1357 324 1390 sibi
352 1368 555 1401 comparare
582 1358 650 1391 nisi
678 1358 801 1390 multis
828 1362 859 1390 et
893 1358 1030 1399 magnis
1062 1356 1264 1390 virtutibus
1323 1357 1459 1389 Deinde
1486 1362 1523 1389 ut
1550 1358 1585 1389 in
1615 1357 1783 1390 Palinuro

116 1404 276 1437 videmus
315 1405 467 1437 ministri
502 1409 535 1436 ct
567 1405 652 1437 socii
687 1414 864 1443 amorem,
901 1404 936 1436 in
971 1403 1158 1446 Deiphobo
1195 1405 1312 1445 ipsum
1347 1403 1505 1436 Aeneam
1540 1403 1640 1446 pium
1674 1403 1785 1436 fuisse

116 1451 383 1489 cognoscimus.
458 1451 684 1493 Quantopere
725 1455 843 1483 autem
878 1451 1043 1482 amaverit
1080 1460 1167 1483 suos
1203 1450 1417 1483 documento
1442 1454 1513 1489 est,
1550 1450 1644 1491 quod
1672 1460 1782 1491 quum

117 1502 319 1540 properaret
344 1497 387 1529 ad
416 1501 561 1539 patrem,
584 1498 650 1529 iter
671 1507 689 1529 a
716 1497 784 1529 diis
810 1497 898 1539 ipsis
921 1497 1059 1529 iussum
1077 1502 1109 1528 et
1132 1497 1353 1539 impositum,
1381 1501 1498 1529 tamen
1524 1497 1625 1539 quasi
1650 1495 1783 1529 oblitus

114 1548 210 1576 esset
230 1543 369 1576 consilii
395 1543 462 1582 sui,
488 1553 567 1576 cum
593 1543 715 1576 amicis
741 1543 875 1575 tamdiu
903 1547 1144 1576 commoratus
1164 1547 1229 1582 est,
1256 1548 1294 1575 ut
1319 1553 1337 1575 a
1362 1542 1493 1585 Sibylla
1521 1547 1613 1575 esset
1638 1552 1783 1575 monen-

114 1590 193 1622 dus.
243 1589 479 1622 Fortitudinis
506 1600 586 1622 vero
618 1590 864 1632 incorruptum
897 1590 1143 1622 testimonium
1190 1590 1257 1632 ipsi
1294 1588 1411 1621 serunt
1441 1589 1562 1621 hostes
1594 1590 1705 1628 (491).
1739 1608 1784 1612 —

114 1635 289 1669 Didonem
310 1641 428 1669 autem
456 1636 551 1678 quod
572 1636 778 1678 reliquerat,
814 1636 975 1669 nondum
1010 1637 1107 1668 omni
1142 1636 1244 1678 culpa
1278 1640 1449 1678 purgatus
1484 1645 1560 1668 csse
1594 1636 1690 1668 visus
1718 1640 1783 1667 est.

113 1683 191 1715 Etsi
206 1683 300 1715 enim
315 1683 344 1715 ei
358 1692 395 1715 se
409 1682 560 1715 invitum
580 1682 760 1715 discedere
777 1681 880 1715 tidem
898 1682 1053 1721 dederat,
1070 1683 1133 1715 etsi
1153 1681 1196 1714 ab
1217 1682 1294 1724 ipso
1314 1682 1491 1714 Mercurio
1506 1692 1587 1715 eum
1607 1682 1782 1714 monitum

113 1738 190 1762 esse
220 1728 487 1767 audiveramus,
547 1729 679 1761 infelici
724 1733 840 1761 tamen
873 1734 967 1761 sorte
998 1728 1147 1761 Didonis
1188 1729 1355 1760 commoti
1393 1728 1497 1760 irasci
1531 1727 1672 1760 Aeneae
1705 1728 1782 1759 eius

113 1776 250 1808 auctori
272 1775 347 1807 iure
377 1774 530 1817 quodam
568 1780 690 1808 nostro
726 1774 945 1807 videbamur.
1010 1774 1047 1807 ld
1074 1774 1186 1806 sensit
1218 1778 1318 1816 poeta
1355 1774 1515 1806 futurum
1549 1784 1639 1814 esse,
1675 1783 1782 1815 quare.

114 1825 270 1864 repetere
295 1821 478 1853 eumfacit
509 1821 640 1853 amoris
671 1821 950 1857 consessionem.
990 1825 1028 1852 ut
1058 1821 1236 1852 insontem
1270 1830 1349 1852 eum
1377 1819 1623 1862 comprobaret
1657 1819 1782 1851 mortis

115 1877 194 1900 esse
215 1866 379 1899 Didonis.
439 1868 562 1909 Neque
595 1867 637 1900 ad
674 1871 824 1899 mortem
852 1866 946 1899 trudi
979 1876 1053 1899 eam
1082 1876 1119 1898 se
1157 1871 1304 1909 putasse
1335 1866 1473 1898 Aeneas
1497 1866 1590 1898 iurat
1617 1866 1652 1897 in
1678 1867 1781 1904 Orco,

113 1915 198 1946 citra
223 1913 376 1955 Stygem,
404 1913 507 1946 cuius
533 1913 587 1945 vel
615 1913 662 1945 dii
685 1914 801 1945 iurare
831 1914 954 1945 timent
986 1917 1019 1945 et
1047 1912 1168 1945 fallere
1192 1922 1340 1948 numen:
1375 1917 1416 1945 ut
1444 1913 1557 1944 virum
1585 1921 1665 1944 eum
1700 1921 1779 1944 esse

115 1969 383 2002 cognoscamus,
411 1960 473 2001 qui
501 1958 659 1991 dolorem
683 1969 701 1991 a
724 1959 790 1991 diis
819 1960 1028 2001 impositum
1061 1959 1201 1991 fortiter
1229 1959 1328 1996 serat,
1355 1967 1470 2000 neque
1495 1957 1578 1990 ullis
1598 1963 1781 1990 moveatur

113 2005 290 2049 precibus,
316 2011 355 2039 ut
373 2005 579 2047 quidquam,
605 2005 742 2038 etiamsi
768 2006 842 2047 ipse
870 2010 977 2048 optet,
1005 2009 1125 2037 contra
1145 2005 1292 2038 deorum
1319 2005 1419 2037 t'aciat
1445 2004 1676 2038 voluntatem.
1724 2005 1781 2037 Sic

115 2052 211 2086 omni
237 2062 305 2094 qua
336 2057 473 2095 poterat
500 2051 660 2095 pollutus
685 2051 792 2084 videri
818 2052 921 2094 culpa
944 2051 1034 2084 liber
1062 2052 1189 2083 transit
1217 2052 1252 2083 in
1282 2051 1453 2093 Elysium.

208 2100 248 2130 In
276 2098 341 2131 hoc
366 2099 493 2131 itinere
515 2098 600 2130 dum
625 2103 727 2133 sunt.
761 2097 802 2129 ad
836 2097 971 2130 laevam
1009 2098 1211 2140 conspectis
1237 2098 1373 2129 Tartari
1402 2095 1609 2136 moenibus,
1645 2095 1780 2138 Sibylla

113 2144 266 2182 Aeneae,
291 2155 380 2188 quac
405 2144 453 2177 ibi
479 2145 600 2185 insint,
627 2143 781 2177 breviter
805 2144 958 2187 exponit.
1010 2143 1083 2185 Ipsi
1110 2146 1180 2175 n'on
1207 2143 1285 2175 licet
1310 2144 1418 2182 adire,
1445 2143 1539 2184 quod
1567 2146 1686 2175 castus
1712 2146 1776 2174 est.

114 2193 191 2224 Hoc
223 2191 300 2224 loco
343 2190 611 2224 Radamanthus
641 2190 813 2222 iudicium
852 2194 1006 2229 exercet,
1039 2189 1228 2221 tormentis
1264 2190 1386 2229 utitur,
1413 2188 1565 2231 (subigit
1595 2188 1712 2227 fateri)
1742 2193 1781 2220 ut

115 2237 284 2270 maleficia
310 2247 373 2270 sua
407 2237 567 2270 scelerati
608 2236 859 2271 confiteantur:
898 2236 967 2268 lato
1007 2235 1137 2268 iudicio
1184 2235 1302 2267 statim
1338 2245 1355 2267 a
1397 2233 1591 2276 Tisiphone
1628 2233 1780 2275 flagellis

114 2283 312 2317 caeduntur
337 2289 371 2316 et
395 2284 436 2317 ad
458 2289 577 2327 portas
599 2284 732 2315 Tartari
760 2282 968 2326 adiguntur:
996 2282 1095 2314 adest
1126 2281 1169 2313 ad
1193 2285 1332 2323 portam
1357 2280 1490 2322 Hydra,
1517 2284 1551 2312 et
1583 2278 1780 2311 horrendae

115 2339 248 2373 poenae
299 2335 479 2373 apparent.
530 2330 690 2362 Eveundi
723 2329 805 2361 inde
843 2329 939 2361 nulla
972 2332 1150 2370 potestas,
1197 2337 1240 2360 ne
1281 2327 1351 2359 diis
1394 2326 1538 2368 quidem
1575 2324 1780 2357 volentibus

113 2381 252 2409 aeterna
281 2380 334 2409 est
357 2386 481 2419 poena.
533 2378 605 2409 lam
634 2375 764 2417 singuli
791 2385 829 2407 ex
856 2375 986 2419 mythis
1003 2374 1197 2407 afferuntur
1223 2374 1283 2415 qui
1311 2372 1360 2405 ibi
1388 2372 1598 2414 puniantur:
1624 2371 1779 2411 Titanes,

113 2422 339 2462 Salmoneus,
364 2423 508 2465 Tityus,
535 2422 716 2464 Lapithae,
743 2422 922 2456 Theseus,
949 2421 1131 2463 Phlegyas.
1182 2419 1305 2451 Noluit
1331 2423 1448 2451 autem
1479 2422 1580 2460 poeta
1606 2418 1778 2457 attingere

114 2469 211 2502 hunc
235 2469 364 2507 locum,
392 2473 426 2501 et
454 2479 525 2501 non
550 2478 695 2501 monere
725 2478 823 2507 suos,
849 2473 887 2500 ut
904 2468 998 2500 vitiis
1025 2468 1093 2499 iam
1111 2465 1379 2498 dominantibus
1400 2464 1537 2507 purgati
1563 2463 1777 2506 supplicium

112 2515 307 2557 effugerent
339 2519 534 2547 aeternum.
586 2515 721 2547 Omnes
751 2515 826 2547 eius
853 2515 1023 2557 temporis
1061 2513 1256 2556 scriptores
1290 2521 1430 2544 morum
1474 2514 1673 2552 queruntur
1705 2519 1779 2542 cor-

114 2561 306 2604 ruptelam,
340 2570 444 2603 quam
470 2561 528 2593 alii
555 2570 573 2593 a
600 2560 704 2593 bellis
728 2560 874 2593 Punicis
898 2565 1028 2598 ortam,
1062 2560 1121 2592 alii
1149 2569 1166 2590 a
1192 2558 1310 2591 Sullae
1342 2557 1516 2595 exercitu,
1554 2556 1613 2597 qui
1637 2556 1672 2587 in
1697 2555 1778 2587 Asia

114 2608 337 2645 militaverat,
361 2607 495 2639 illatam
520 2606 701 2650 putabant.
752 2606 820 2639 Sed
846 2605 950 2640 bellis
976 2606 1127 2639 maxime
1153 2603 1318 2638 civilibus
1346 2603 1418 2636 sere
1441 2602 1559 2634 omnis
1587 2611 1624 2633 ex
1649 2602 1779 2634 animis

113 2654 236 2698 religio
262 2657 469 2693 excesserat,
495 2654 721 2686 incesserunt
750 2662 874 2686 omnes
907 2653 1024 2686 omnis
1050 2652 1191 2695 generis
1219 2650 1390 2683 libidines
1422 2658 1461 2681 ac
1487 2648 1628 2690 flagitia.
1680 2649 1779 2688 Quae

112 2701 242 2734 scelera
271 2699 442 2742 Virgilius
471 2699 580 2737 affert,
608 2709 648 2732 eo
672 2703 832 2742 tempore
856 2709 961 2742 saepe
988 2696 1317 2742 conspiciebantur;
1354 2700 1388 2729 et
1412 2696 1441 2727 si
1474 2703 1541 2727 nos
1567 2694 1610 2727 ad
1638 2694 1778 2736 singula

112 2747 277 2790 singulos
316 2747 393 2779 eius
422 2745 595 2788 temporis
633 2745 798 2779 homines
838 2755 1034 2788 possumus
1078 2744 1219 2783 afferre,
1256 2743 1346 2785 ipsis
1380 2740 1590 2783 aequalibus
1623 2741 1780 2783 exempla

112 2793 249 2836 ubique
276 2792 469 2826 exstabant.
520 2791 621 2824 Unde
645 2796 801 2834 apparet,
827 2802 899 2825 non
924 2801 1002 2825 esse
1026 2790 1239 2833 interpretis,
1267 2793 1383 2822 certos
1415 2788 1554 2830 aliquos
1580 2787 1774 2826 nominare,

113 2839 175 2881 qui
204 2840 266 2872 illa
290 2839 425 2872 seelera
450 2838 712 2877 commiserint,
740 2849 850 2880 quum
877 2843 1002 2882 poetae
1026 2838 1144 2871 animo
1169 2841 1283 2868 totum
1310 2844 1441 2876 genus,
1472 2844 1545 2866 non
1571 2837 1689 2867 certus
1716 2833 1779 2865 ali-

114 2886 195 2927 quis
223 2886 432 2919 obversatus
459 2885 517 2918 sit..
584 2885 690 2916 Notat
712 2890 831 2917 autem
867 2895 929 2918 eos
960 2884 1023 2927 qui
1057 2884 1157 2926 impii
1185 2882 1317 2915 suerint
1344 2881 1380 2913 in
1410 2880 1568 2917 clientes,
1596 2884 1779 2921 cognatos,

115 2936 291 2974 parentes,
312 2932 477 2976 patriam;
506 2940 640 2968 avaros,
666 2930 860 2970 adulteros,
887 2931 1055 2970 incestos,
1082 2929 1256 2973 perfidos:
1284 2932 1323 2960 ut
1347 2926 1595 2959 commendare
1622 2925 1781 2958 videatur

115 2977 300 3020 pietatem,
332 2978 596 3014 castimoniam,
629 2976 752 3017 iidem,
775 2977 1044 3019 benignitatem.
1120 2975 1184 3008 Rei
1211 2979 1326 3007 autem
1355 2973 1522 3015 gravitate
1549 2971 1680 3014 Sibylla
1706 2972 1781 3014 ipsa

117 3033 207 3066 quae
218 3025 361 3067 exponit
373 3025 420 3057 ita
430 3028 606 3058 commota
619 3027 683 3065 est,
697 3028 738 3057 ut
752 3033 824 3057 non
836 3028 930 3057 certo
945 3023 1067 3056 ordine
1083 3022 1230 3064 digerat,
1245 3020 1306 3053 sed
1318 3018 1511 3053 sceleribus
1523 3018 1781 3051 allatisiniiciat
