<?xml version="1.0" encoding="UTF-8"?>
<!DOCTYPE html PUBLIC "-//W3C//DTD XHTML 1.0 Transitional//EN"
    "http://www.w3.org/TR/xhtml1/DTD/xhtml1-transitional.dtd">
<html xmlns="http://www.w3.org/1999/xhtml" xml:lang="en" lang="en">
 <head>
  <title>
</title>
<meta http-equiv="Content-Type" content="text/html;charset=utf-8" />
  <meta name='ocr-system' content='tesseract 3.04.00' />
  <meta name='ocr-capabilities' content='ocr_page ocr_carea ocr_par ocr_line ocrx_word'/>
</head>
<body>
  <div class='ocr_page' id='page_1' title='image "aeneisvi00virguoft_0397.png"; bbox 0 0 2023 3350; ppageno 0'>
   <div class='ocr_carea' id='block_1_1' title="bbox 71 199 1318 256">
    <p class='ocr_par' dir='ltr' id='par_1_1' title="bbox 71 199 1318 256">
     <span class='ocr_line' id='line_1_1' title="bbox 71 199 1318 256; baseline 0.003 -15"><span class='ocrx_word' id='word_1_1' title='bbox 71 199 154 241; x_wconf 87' lang='lat' dir='ltr'>Hic</span> <span class='ocrx_word' id='word_1_2' title='bbox 199 200 367 253; x_wconf 85' lang='lat' dir='ltr'>galeam</span> <span class='ocrx_word' id='word_1_3' title='bbox 401 202 527 243; x_wconf 87' lang='lat' dir='ltr'>tectis</span> <span class='ocrx_word' id='word_1_4' title='bbox 565 201 761 255; x_wconf 86' lang='lat' dir='ltr'>trepidus</span> <span class='ocrx_word' id='word_1_5' title='bbox 799 202 937 256; x_wconf 80' lang='lat' dir='ltr'>rapit3</span> <span class='ocrx_word' id='word_1_6' title='bbox 976 203 1050 244; x_wconf 90' lang='lat' dir='ltr'>ille</span> <span class='ocrx_word' id='word_1_7' title='bbox 1089 203 1318 245; x_wconf 83' lang='lat' dir='ltr'>frementes</span> 
     </span>
    </p>
   </div>
   <div class='ocr_carea' id='block_1_2' title="bbox 71 257 620 313">
    <p class='ocr_par' dir='ltr' id='par_1_2' title="bbox 71 257 620 313">
     <span class='ocr_line' id='line_1_2' title="bbox 71 257 620 313; baseline 0.004 -15"><span class='ocrx_word' id='word_1_8' title='bbox 71 257 139 298; x_wconf 83' lang='lat' dir='ltr'>Ad</span> <span class='ocrx_word' id='word_1_9' title='bbox 177 258 280 311; x_wconf 80' lang='lat' dir='ltr'>iuga</span> <span class='ocrx_word' id='word_1_10' title='bbox 316 259 431 312; x_wconf 82' lang='lat' dir='ltr'>cogit</span> <span class='ocrx_word' id='word_1_11' title='bbox 467 272 620 313; x_wconf 66' lang='lat' dir='ltr'>equos,</span> 
     </span>
    </p>
   </div>
   <div class='ocr_carea' id='block_1_3' title="bbox 70 315 1130 371">
    <p class='ocr_par' dir='ltr' id='par_1_3' title="bbox 70 315 1130 371">
     <span class='ocr_line' id='line_1_3' title="bbox 70 315 1130 371; baseline 0.003 -15"><span class='ocrx_word' id='word_1_12' title='bbox 70 315 270 356; x_wconf 86' lang='lat' dir='ltr'>Loricam</span> <span class='ocrx_word' id='word_1_13' title='bbox 304 316 499 357; x_wconf 81' lang='lat' dir='ltr'>induitur</span> <span class='ocrx_word' id='word_1_14' title='bbox 533 316 704 370; x_wconf 83' lang='lat' dir='ltr'>fidoque</span> <span class='ocrx_word' id='word_1_15' title='bbox 743 318 984 371; x_wconf 81' lang='lat' dir='ltr'>accingitur</span> <span class='ocrx_word' id='word_1_16' title='bbox 1021 332 1130 360; x_wconf 89' lang='lat' dir='ltr'>ense.</span> 
     </span>
    </p>
   </div>
   <div class='ocr_carea' id='block_1_4' title="bbox 72 373 786 485">
    <p class='ocr_par' dir='ltr' id='par_1_4' title="bbox 72 373 786 485">
     <span class='ocr_line' id='line_1_4' title="bbox 188 373 786 426; baseline 0.003 -13"><span class='ocrx_word' id='word_1_17' title='bbox 188 373 371 415; x_wconf 80' lang='lat' dir='ltr'>Pandite</span> <span class='ocrx_word' id='word_1_18' title='bbox 408 388 521 415; x_wconf 87' lang='lat' dir='ltr'>nunc</span> <span class='ocrx_word' id='word_1_19' title='bbox 558 374 786 426; x_wconf 83' lang='lat' dir='ltr'>Helicona,</span> 
     </span>
     <span class='ocr_line' id='line_1_5' title="bbox 72 429 654 485; baseline 0.005 -15"><span class='ocrx_word' id='word_1_20' title='bbox 72 429 153 480; x_wconf 77' lang='lat' dir='ltr'>Qui</span> <span class='ocrx_word' id='word_1_21' title='bbox 189 430 303 472; x_wconf 87' lang='lat' dir='ltr'>bello</span> <span class='ocrx_word' id='word_1_22' title='bbox 343 432 471 472; x_wconf 81' lang='lat' dir='ltr'>exciti</span> <span class='ocrx_word' id='word_1_23' title='bbox 510 445 654 485; x_wconf 82' lang='lat' dir='ltr'>reges,</span> 
     </span>
    </p>
   </div>
   <div class='ocr_carea' id='block_1_5' title="bbox 71 488 1327 601">
    <p class='ocr_par' dir='ltr' id='par_1_5' title="bbox 71 488 1316 601">
     <span class='ocr_line' id='line_1_6' title="bbox 73 488 1316 543; baseline 0.002 -14"><span class='ocrx_word' id='word_1_24' title='bbox 73 488 338 541; x_wconf 83' lang='lat' dir='ltr'>Complerint</span> <span class='ocrx_word' id='word_1_25' title='bbox 377 502 552 543; x_wconf 88' lang='lat' dir='ltr'>campos</span> <span class='ocrx_word' id='word_1_26' title='bbox 585 490 716 541; x_wconf 84' lang='lat' dir='ltr'>acies,</span> <span class='ocrx_word' id='word_1_27' title='bbox 757 489 912 543; x_wconf 87' lang='lat' dir='ltr'>quibus</span> <span class='ocrx_word' id='word_1_28' title='bbox 951 491 1066 532; x_wconf 74' lang='lat' dir='ltr'>itala</span> <span class='ocrx_word' id='word_1_29' title='bbox 1099 491 1187 532; x_wconf 88' lang='lat' dir='ltr'>iam</span> <span class='ocrx_word' id='word_1_30' title='bbox 1223 494 1316 531; x_wconf 78' lang='lat' dir='ltr'>tum</span> 
     </span>
     <span class='ocr_line' id='line_1_7' title="bbox 71 545 1327 601; baseline 0.004 -16"><span class='ocrx_word' id='word_1_31' title='bbox 71 545 289 586; x_wconf 86' lang='lat' dir='ltr'>Floruerit</span> <span class='ocrx_word' id='word_1_32' title='bbox 323 549 442 588; x_wconf 80' lang='lat' dir='ltr'>terra</span> <span class='ocrx_word' id='word_1_33' title='bbox 475 547 589 588; x_wconf 86' lang='lat' dir='ltr'>alma</span> <span class='ocrx_word' id='word_1_34' title='bbox 627 547 748 599; x_wconf 79' lang='lat' dir='ltr'>viris,</span> <span class='ocrx_word' id='word_1_35' title='bbox 791 547 947 601; x_wconf 89' lang='lat' dir='ltr'>quibus</span> <span class='ocrx_word' id='word_1_36' title='bbox 982 548 1139 590; x_wconf 78' lang='lat' dir='ltr'>aiseiit</span> <span class='ocrx_word' id='word_1_37' title='bbox 1173 549 1327 599; x_wconf 64' lang='lat' dir='ltr'>almis,</span> 
     </span>
    </p>
   </div>
   <div class='ocr_carea' id='block_1_6' title="bbox 70 602 770 657">
    <p class='ocr_par' dir='ltr' id='par_1_6' title="bbox 70 602 770 657">
     <span class='ocr_line' id='line_1_8' title="bbox 70 602 770 657; baseline 0.006 -15"><span class='ocrx_word' id='word_1_38' title='bbox 70 602 128 643; x_wconf 90' lang='lat' dir='ltr'>Et</span> <span class='ocrx_word' id='word_1_39' title='bbox 164 603 420 645; x_wconf 80' lang='lat' dir='ltr'>meministis</span> <span class='ocrx_word' id='word_1_40' title='bbox 455 605 584 655; x_wconf 89' lang='grc'><strong>6111111,</strong></span> <span class='ocrx_word' id='word_1_41' title='bbox 628 604 770 657; x_wconf 77' lang='grc'><strong>(111·,36</strong></span> 
     </span>
    </p>
   </div>
   <div class='ocr_carea' id='block_1_7' title="bbox 71 659 1306 832">
    <p class='ocr_par' dir='ltr' id='par_1_7' title="bbox 71 659 1306 831">
     <span class='ocr_line' id='line_1_9' title="bbox 71 659 1145 716; baseline 0.005 -16"><span class='ocrx_word' id='word_1_42' title='bbox 71 659 139 700; x_wconf 89' lang='lat' dir='ltr'>Ad</span> <span class='ocrx_word' id='word_1_43' title='bbox 177 673 254 701; x_wconf 87' lang='lat' dir='ltr'>nos</span> <span class='ocrx_word' id='word_1_44' title='bbox 286 660 357 701; x_wconf 85' lang='lat' dir='ltr'>vix</span> <span class='ocrx_word' id='word_1_45' title='bbox 392 662 533 703; x_wconf 88' lang='lat' dir='ltr'>tenuis</span> <span class='ocrx_word' id='word_1_46' title='bbox 572 662 712 703; x_wconf 74' lang='lat' dir='ltr'>simae</span> <span class='ocrx_word' id='word_1_47' title='bbox 748 662 989 716; x_wconf 74' lang='grc'><strong>1161··131111111</strong></span> <span class='ocrx_word' id='word_1_48' title='bbox 1025 677 1145 705; x_wconf 85' lang='lat' dir='ltr'>aura.</span> 
     </span>
     <span class='ocr_line' id='line_1_10' title="bbox 185 717 1306 774; baseline 0.004 -17"><span class='ocrx_word' id='word_1_49' title='bbox 185 717 353 760; x_wconf 83' lang='lat' dir='ltr'>Primus</span> <span class='ocrx_word' id='word_1_50' title='bbox 386 719 466 760; x_wconf 89' lang='lat' dir='ltr'>init</span> <span class='ocrx_word' id='word_1_51' title='bbox 501 719 931 773; x_wconf 27' lang='grc' dir='ltr'><strong>1161111111ἫΓ11111161115</strong></span> <span class='ocrx_word' id='word_1_52' title='bbox 969 734 1096 774; x_wconf 69' lang='lat' dir='ltr'>asper</span> <span class='ocrx_word' id='word_1_53' title='bbox 1131 720 1187 762; x_wconf 88' lang='lat' dir='ltr'>ab</span> <span class='ocrx_word' id='word_1_54' title='bbox 1219 720 1306 761; x_wconf 84' lang='lat' dir='ltr'>oris</span> 
     </span>
     <span class='ocr_line' id='line_1_11' title="bbox 71 773 1288 832; baseline 0.003 -18"><span class='ocrx_word' id='word_1_55' title='bbox 71 773 354 828; x_wconf 83' lang='lat' dir='ltr'>Contemptoi</span> <span class='ocrx_word' id='word_1_56' title='bbox 393 776 534 818; x_wconf 87' lang='grc'><strong>(1110111</strong></span> <span class='ocrx_word' id='word_1_57' title='bbox 565 777 800 819; x_wconf 80' lang='lat' dir='ltr'>Mezentius</span> <span class='ocrx_word' id='word_1_58' title='bbox 839 778 1099 832; x_wconf 78' lang='lat' dir='ltr'>agminaque</span> <span class='ocrx_word' id='word_1_59' title='bbox 1136 781 1288 820; x_wconf 78' lang='lat' dir='ltr'>armat.</span> 
     </span>
    </p>
   </div>
   <div class='ocr_carea' id='block_1_8' title="bbox 68 831 719 887">
    <p class='ocr_par' dir='ltr' id='par_1_8' title="bbox 68 831 719 887">
     <span class='ocr_line' id='line_1_12' title="bbox 68 831 719 887; baseline 0.008 -16"><span class='ocrx_word' id='word_1_60' title='bbox 68 831 204 873; x_wconf 86' lang='lat' dir='ltr'>Filius</span> <span class='ocrx_word' id='word_1_61' title='bbox 239 833 338 875; x_wconf 88' lang='lat' dir='ltr'>huic</span> <span class='ocrx_word' id='word_1_62' title='bbox 374 834 497 875; x_wconf 77' lang='lat' dir='ltr'>iuxta</span> <span class='ocrx_word' id='word_1_63' title='bbox 532 835 719 887; x_wconf 79' lang='lat' dir='ltr'>Lausus,</span> 
     </span>
    </p>
   </div>
   <div class='ocr_carea' id='block_1_9' title="bbox 662 88 1724 932">
    <p class='ocr_par' dir='ltr' id='par_1_9' title="bbox 662 88 1724 932">
     <span class='ocr_line' id='line_1_13' title="bbox 673 88 1719 133; baseline 0.006 -13"><span class='ocrx_word' id='word_1_64' title='bbox 673 88 911 122; x_wconf 77' lang='lat' dir='ltr'><strong>AENEIDOS</strong></span> <span class='ocrx_word' id='word_1_65' title='bbox 948 90 1030 122; x_wconf 89' lang='lat' dir='ltr'>LlB.</span> <span class='ocrx_word' id='word_1_66' title='bbox 1057 90 1133 123; x_wconf 85' lang='lat' dir='ltr'>Vll.</span> <span class='ocrx_word' id='word_1_67' title='bbox 1641 93 1719 133; x_wconf 79' lang='lat'>371</span> 
     </span>
     <span class='ocr_line' id='line_1_14' title="bbox 662 258 1724 359; baseline 0.006 -60"><span class='ocrx_word' id='word_1_68' title='bbox 662 258 952 314; x_wconf 79' lang='lat' dir='ltr'>clipeumque,</span> <span class='ocrx_word' id='word_1_69' title='bbox 993 274 1187 314; x_wconf 87' lang='lat' dir='ltr'>auroque</span> <span class='ocrx_word' id='word_1_70' title='bbox 1222 261 1408 303; x_wconf 78' lang='lat' dir='ltr'>trilicem</span> <span class='ocrx_word' id='word_1_71' title='bbox 1641 320 1724 359; x_wconf 66' lang='lat'>640</span> 
     </span>
     <span class='ocr_line' id='line_1_15' title="bbox 831 374 1450 429; baseline 0.005 -14"><span class='ocrx_word' id='word_1_72' title='bbox 831 374 955 427; x_wconf 87' lang='lat' dir='ltr'>deae,</span> <span class='ocrx_word' id='word_1_73' title='bbox 995 380 1233 429; x_wconf 86' lang='lat' dir='ltr'>cantusque</span> <span class='ocrx_word' id='word_1_74' title='bbox 1271 379 1450 427; x_wconf 80' lang='lat' dir='ltr'>movete,</span> 
     </span>
     <span class='ocr_line' id='line_1_16' title="bbox 696 437 1264 487; baseline 0.004 -14"><span class='ocrx_word' id='word_1_75' title='bbox 696 445 807 485; x_wconf 88' lang='lat' dir='ltr'>quae</span> <span class='ocrx_word' id='word_1_76' title='bbox 840 447 1050 487; x_wconf 84' lang='lat' dir='ltr'>quemque</span> <span class='ocrx_word' id='word_1_77' title='bbox 1090 437 1264 475; x_wconf 83' lang='lat' dir='ltr'>secutae</span> 
     </span>
     <span class='ocr_line' id='line_1_17' title="bbox 811 606 1722 660; baseline 0.001 -14"><span class='ocrx_word' id='word_1_78' title='bbox 811 608 854 646; x_wconf 90' lang='lat' dir='ltr'>et</span> <span class='ocrx_word' id='word_1_79' title='bbox 888 619 1127 647; x_wconf 55' lang='lat' dir='ltr'>memoraie</span> <span class='ocrx_word' id='word_1_80' title='bbox 1162 606 1366 660; x_wconf 84' lang='lat' dir='ltr'>potestis:</span> <span class='ocrx_word' id='word_1_81' title='bbox 1640 609 1722 647; x_wconf 75' lang='grc'>645</span> 
     </span>
     <span class='ocr_line' id='line_1_18' title="bbox 763 836 1720 932; baseline 0.003 -56"><span class='ocrx_word' id='word_1_82' title='bbox 763 849 846 889; x_wconf 90' lang='lat' dir='ltr'>quo</span> <span class='ocrx_word' id='word_1_83' title='bbox 885 836 1110 889; x_wconf 71' lang='grc'><strong>111116111101</strong></span> <span class='ocrx_word' id='word_1_84' title='bbox 1146 836 1257 877; x_wconf 81' lang='lat' dir='ltr'>alter</span> <span class='ocrx_word' id='word_1_85' title='bbox 1694 893 1720 932; x_wconf 78' lang='lat' dir='ltr'>O</span> 
     </span>
     <span class='ocr_line' id='line_1_19' title="bbox 1637 894 1689 931; baseline 0.038 -2"><span class='ocrx_word' id='word_1_86' title='bbox 1637 894 1689 931; x_wconf 64' lang='lat'>(323</span> 
     </span>
    </p>
   </div>
   <div class='ocr_carea' id='block_1_10' title="bbox 68 888 1310 1005">
    <p class='ocr_par' dir='ltr' id='par_1_10' title="bbox 68 888 1310 1005">
     <span class='ocr_line' id='line_1_20' title="bbox 68 888 1151 946; baseline 0.005 -17"><span class='ocrx_word' id='word_1_87' title='bbox 68 888 163 930; x_wconf 91' lang='lat' dir='ltr'>Non</span> <span class='ocrx_word' id='word_1_88' title='bbox 198 889 279 932; x_wconf 86' lang='lat' dir='ltr'>fuit</span> <span class='ocrx_word' id='word_1_89' title='bbox 319 896 496 945; x_wconf 86' lang='lat' dir='ltr'>excepto</span> <span class='ocrx_word' id='word_1_90' title='bbox 530 892 757 934; x_wconf 73' lang='lat' dir='ltr'>Lamentis</span> <span class='ocrx_word' id='word_1_91' title='bbox 796 906 976 946; x_wconf 81' lang='lat' dir='ltr'>colpore</span> <span class='ocrx_word' id='word_1_92' title='bbox 1009 893 1151 935; x_wconf 88' lang='lat' dir='ltr'>Turni.</span> 
     </span>
     <span class='ocr_line' id='line_1_21' title="bbox 743 950 1310 1005; baseline -0.004 -14"><span class='ocrx_word' id='word_1_93' title='bbox 743 950 985 992; x_wconf 77' lang='lat' dir='ltr'>debellator</span> <span class='ocrx_word' id='word_1_94' title='bbox 988 965 1070 1005; x_wconf 90' lang='lat' dir='ltr'>que</span> <span class='ocrx_word' id='word_1_95' title='bbox 1109 950 1129 992; x_wconf 85' lang='lat' dir='ltr'>f</span> <span class='ocrx_word' id='word_1_96' title='bbox 1129 965 1173 992; x_wconf 88' lang='grc'>61</span> <span class='ocrx_word' id='word_1_97' title='bbox 1176 963 1310 999; x_wconf 86' lang='lat' dir='ltr'>arum,</span> 
     </span>
    </p>
   </div>
   <div class='ocr_carea' id='block_1_11' title="bbox 67 946 700 1002">
    <p class='ocr_par' dir='ltr' id='par_1_11' title="bbox 67 946 700 1002">
     <span class='ocr_line' id='line_1_22' title="bbox 67 946 700 1002; baseline 0.007 -15"><span class='ocrx_word' id='word_1_98' title='bbox 67 946 255 1000; x_wconf 80' lang='lat' dir='ltr'>Lausus,</span> <span class='ocrx_word' id='word_1_99' title='bbox 299 962 458 1002; x_wconf 90' lang='lat' dir='ltr'>equum</span> <span class='ocrx_word' id='word_1_100' title='bbox 494 949 700 1000; x_wconf 71' lang='lat' dir='ltr'>domitor,</span> 
     </span>
    </p>
   </div>
   <div class='ocr_carea' id='block_1_12' title="bbox 65 1113 867 1542">
    <p class='ocr_par' dir='ltr' id='par_1_12' title="bbox 65 1113 867 1288">
     <span class='ocr_line' id='line_1_23' title="bbox 67 1113 866 1150; baseline 0.004 -11"><span class='ocrx_word' id='word_1_101' title='bbox 67 1113 127 1139; x_wconf 83' lang='lat' dir='ltr'>hus</span> <span class='ocrx_word' id='word_1_102' title='bbox 149 1113 251 1142; x_wconf 82' lang='lat' dir='ltr'>datur.</span> <span class='ocrx_word' id='word_1_103' title='bbox 278 1113 403 1142; x_wconf 80' lang='lat' dir='ltr'>scilicet</span> <span class='ocrx_word' id='word_1_104' title='bbox 425 1120 551 1150; x_wconf 80' lang='lat' dir='ltr'>propter</span> <span class='ocrx_word' id='word_1_105' title='bbox 573 1115 809 1149; x_wconf 74' lang='lat' dir='ltr'>confusionem,</span> <span class='ocrx_word' id='word_1_106' title='bbox 834 1119 866 1142; x_wconf 88' lang='lat' dir='ltr'>ut</span> 
     </span>
     <span class='ocr_line' id='line_1_24' title="bbox 65 1156 867 1195; baseline 0.004 -10"><span class='ocrx_word' id='word_1_107' title='bbox 65 1156 128 1185; x_wconf 80' lang='lat' dir='ltr'>fuit</span> <span class='ocrx_word' id='word_1_108' title='bbox 161 1158 194 1185; x_wconf 87' lang='lat' dir='ltr'>in</span> <span class='ocrx_word' id='word_1_109' title='bbox 226 1160 309 1187; x_wconf 86' lang='lat' dir='ltr'>bello</span> <span class='ocrx_word' id='word_1_110' title='bbox 334 1159 432 1187; x_wconf 85' lang='lat' dir='ltr'>Marii</span> <span class='ocrx_word' id='word_1_111' title='bbox 463 1158 532 1188; x_wconf 83' lang='lat' dir='ltr'>Lar</span> <span class='ocrx_word' id='word_1_112' title='bbox 558 1158 660 1195; x_wconf 80' lang='lat' dir='ltr'>dens,</span> <span class='ocrx_word' id='word_1_113' title='bbox 693 1160 726 1188; x_wconf 88' lang='lat' dir='ltr'>in</span> <span class='ocrx_word' id='word_1_114' title='bbox 754 1161 867 1188; x_wconf 81' lang='lat' dir='ltr'>Sullae</span> 
     </span>
     <span class='ocr_line' id='line_1_25' title="bbox 68 1200 867 1243; baseline 0.006 -13"><span class='ocrx_word' id='word_1_115' title='bbox 68 1200 194 1242; x_wconf 80' lang='lat' dir='ltr'>Apollo</span> <span class='ocrx_word' id='word_1_116' title='bbox 234 1201 439 1243; x_wconf 68' lang='lat' dir='ltr'>Delphicus,</span> <span class='ocrx_word' id='word_1_117' title='bbox 480 1206 513 1234; x_wconf 89' lang='lat' dir='ltr'>in</span> <span class='ocrx_word' id='word_1_118' title='bbox 553 1205 708 1235; x_wconf 73' lang='lat' dir='ltr'>Caesaris</span> <span class='ocrx_word' id='word_1_119' title='bbox 750 1203 867 1234; x_wconf 66' lang='lat' dir='ltr'>l&#39;enus</span> 
     </span>
     <span class='ocr_line' id='line_1_26' title="bbox 65 1246 322 1288; baseline 0.012 -13"><span class='ocrx_word' id='word_1_120' title='bbox 65 1246 263 1288; x_wconf 54' lang='lat' dir='ltr'>gerwtrixf‘</span> <span class='ocrx_word' id='word_1_121' title='bbox 290 1252 322 1278; x_wconf 86' lang='lat' dir='ltr'><strong>S.</strong></span> 
     </span>
    </p>

    <p class='ocr_par' dir='ltr' id='par_1_13' title="bbox 69 1292 866 1379">
     <span class='ocr_line' id='line_1_27' title="bbox 113 1292 866 1334; baseline 0.004 -13"><span class='ocrx_word' id='word_1_122' title='bbox 113 1292 188 1323; x_wconf 84' lang='lat'><strong>639.</strong></span> <span class='ocrx_word' id='word_1_123' title='bbox 216 1303 304 1324; x_wconf 83' lang='lat' dir='ltr'>auro</span> <span class='ocrx_word' id='word_1_124' title='bbox 328 1292 474 1325; x_wconf 77' lang='lat' dir='ltr'>trilicem</span> <span class='ocrx_word' id='word_1_125' title='bbox 500 1293 644 1325; x_wconf 77' lang='lat' dir='ltr'>loricam</span> <span class='ocrx_word' id='word_1_126' title='bbox 669 1297 708 1327; x_wconf 83' lang='lat' dir='ltr'>cs.</span> <span class='ocrx_word' id='word_1_127' title='bbox 734 1296 766 1334; x_wconf 85' lang='grc'>5,</span> <span class='ocrx_word' id='word_1_128' title='bbox 789 1293 866 1325; x_wconf 91' lang='grc'><strong>259.</strong></span> 
     </span>
     <span class='ocr_line' id='line_1_28' title="bbox 69 1338 433 1379; baseline 0.003 -11"><span class='ocrx_word' id='word_1_129' title='bbox 69 1354 106 1358; x_wconf 89' lang='grc'>-</span> <span class='ocrx_word' id='word_1_130' title='bbox 135 1348 199 1379; x_wconf 82' lang='lat' dir='ltr'>qne</span> <span class='ocrx_word' id='word_1_131' title='bbox 224 1341 263 1370; x_wconf 86' lang='lat' dir='ltr'>cf.</span> <span class='ocrx_word' id='word_1_132' title='bbox 295 1338 329 1378; x_wconf 88' lang='lat'>1,</span> <span class='ocrx_word' id='word_1_133' title='bbox 356 1339 433 1369; x_wconf 85' lang='grc'><strong>701.</strong></span> 
     </span>
    </p>

    <p class='ocr_par' dir='ltr' id='par_1_14' title="bbox 65 1379 864 1496">
     <span class='ocr_line' id='line_1_29' title="bbox 92 1379 783 1426; baseline 0.003 -13"><span class='ocrx_word' id='word_1_134' title='bbox 92 1379 188 1415; x_wconf 76' lang='lat'><strong>&#39;640.</strong></span> <span class='ocrx_word' id='word_1_135' title='bbox 205 1384 309 1426; x_wconf 82' lang='lat' dir='ltr'>fidus</span> <span class='ocrx_word' id='word_1_136' title='bbox 333 1384 435 1416; x_wconf 80' lang='lat' dir='ltr'>ensis.</span> <span class='ocrx_word' id='word_1_137' title='bbox 484 1386 531 1416; x_wconf 85' lang='lat' dir='ltr'><strong>Cf.</strong></span> <span class='ocrx_word' id='word_1_138' title='bbox 557 1388 597 1416; x_wconf 82' lang='lat' dir='ltr'>ad</span> <span class='ocrx_word' id='word_1_139' title='bbox 626 1384 680 1424; x_wconf 84' lang='lat'>10,</span> <span class='ocrx_word' id='word_1_140' title='bbox 707 1386 783 1416; x_wconf 86' lang='grc'><strong>593.</strong></span> 
     </span>
     <span class='ocr_line' id='line_1_30' title="bbox 65 1463 864 1496; baseline 0.003 -2"><span class='ocrx_word' id='word_1_141' title='bbox 65 1463 128 1495; x_wconf 74' lang='grc'>641</span> <span class='ocrx_word' id='word_1_142' title='bbox 154 1481 199 1485; x_wconf 86' lang='grc'>-</span> <span class='ocrx_word' id='word_1_143' title='bbox 222 1464 298 1495; x_wconf 74' lang='grc'><strong>646.</strong></span> <span class='ocrx_word' id='word_1_144' title='bbox 366 1463 571 1496; x_wconf 85' lang='lat' dir='ltr'>Latinorum</span> <span class='ocrx_word' id='word_1_145' title='bbox 616 1464 702 1496; x_wconf 88' lang='lat' dir='ltr'>socii</span> <span class='ocrx_word' id='word_1_146' title='bbox 747 1472 864 1496; x_wconf 79' lang='lat' dir='ltr'>recen-</span> 
     </span>
    </p>

    <p class='ocr_par' dir='ltr' id='par_1_15' title="bbox 400 1514 533 1542">
     <span class='ocr_line' id='line_1_31' title="bbox 400 1514 533 1542; baseline 0.008 -1"><span class='ocrx_word' id='word_1_147' title='bbox 400 1514 533 1542; x_wconf 83' lang='lat' dir='ltr'>sentur.</span> 
     </span>
    </p>
   </div>
   <div class='ocr_carea' id='block_1_13' title="bbox 59 1565 866 3026">
    <p class='ocr_par' dir='ltr' id='par_1_16' title="bbox 60 1565 866 2702">
     <span class='ocr_line' id='line_1_32' title="bbox 111 1565 864 1606; baseline 0.003 -11"><span class='ocrx_word' id='word_1_148' title='bbox 111 1565 186 1597; x_wconf 83' lang='grc'><strong>641.</strong></span> <span class='ocrx_word' id='word_1_149' title='bbox 219 1565 380 1598; x_wconf 77' lang='lat' dir='ltr'>Pandite.</span> <span class='ocrx_word' id='word_1_150' title='bbox 430 1571 518 1598; x_wconf 81' lang='lat' dir='ltr'>Idem</span> <span class='ocrx_word' id='word_1_151' title='bbox 544 1579 662 1599; x_wconf 83' lang='lat' dir='ltr'>versus</span> <span class='ocrx_word' id='word_1_152' title='bbox 694 1566 754 1606; x_wconf 79' lang='lat'>10,</span> <span class='ocrx_word' id='word_1_153' title='bbox 788 1566 864 1598; x_wconf 87' lang='lat'><strong>163.</strong></span> 
     </span>
     <span class='ocr_line' id='line_1_33' title="bbox 63 1614 865 1652; baseline 0.002 -10"><span class='ocrx_word' id='word_1_154' title='bbox 63 1614 197 1648; x_wconf 83' lang='lat' dir='ltr'>Aperite</span> <span class='ocrx_word' id='word_1_155' title='bbox 213 1615 382 1652; x_wconf 79' lang='lat' dir='ltr'>Helicona,</span> <span class='ocrx_word' id='word_1_156' title='bbox 408 1617 536 1645; x_wconf 83' lang='lat' dir='ltr'>domum</span> <span class='ocrx_word' id='word_1_157' title='bbox 559 1621 716 1652; x_wconf 76' lang='lat' dir='ltr'>vestram,</span> <span class='ocrx_word' id='word_1_158' title='bbox 740 1624 782 1645; x_wconf 86' lang='lat' dir='ltr'>ex</span> <span class='ocrx_word' id='word_1_159' title='bbox 801 1623 865 1650; x_wconf 86' lang='lat' dir='ltr'>qua</span> 
     </span>
     <span class='ocr_line' id='line_1_34' title="bbox 65 1661 864 1698; baseline 0.004 -10"><span class='ocrx_word' id='word_1_160' title='bbox 65 1661 228 1693; x_wconf 80' lang='lat' dir='ltr'>prodeatis</span> <span class='ocrx_word' id='word_1_161' title='bbox 267 1665 430 1690; x_wconf 81' lang='lat' dir='ltr'>canentes.</span> <span class='ocrx_word' id='word_1_162' title='bbox 486 1663 662 1691; x_wconf 76' lang='lat' dir='ltr'>Translata</span> <span class='ocrx_word' id='word_1_163' title='bbox 701 1662 864 1698; x_wconf 84' lang='lat' dir='ltr'>signifiea-</span> 
     </span>
     <span class='ocr_line' id='line_1_35' title="bbox 63 1703 864 1746; baseline 0.004 -14"><span class='ocrx_word' id='word_1_164' title='bbox 63 1705 148 1733; x_wconf 80' lang='lat' dir='ltr'>tione</span> <span class='ocrx_word' id='word_1_165' title='bbox 170 1703 329 1745; x_wconf 83' lang='lat' dir='ltr'>pandere</span> <span class='ocrx_word' id='word_1_166' title='bbox 351 1715 420 1736; x_wconf 81' lang='lat' dir='ltr'>rem</span> <span class='ocrx_word' id='word_1_167' title='bbox 446 1712 498 1736; x_wconf 90' lang='lat' dir='ltr'>est</span> <span class='ocrx_word' id='word_1_168' title='bbox 519 1715 654 1737; x_wconf 86' lang='lat' dir='ltr'>narrare</span> <span class='ocrx_word' id='word_1_169' title='bbox 674 1709 752 1737; x_wconf 86' lang='lat' dir='ltr'>aliis</span> <span class='ocrx_word' id='word_1_170' title='bbox 777 1712 810 1736; x_wconf 89' lang='lat' dir='ltr'>ut</span> <span class='ocrx_word' id='word_1_171' title='bbox 833 1706 864 1746; x_wconf 85' lang='lat'>3,</span> 
     </span>
     <span class='ocr_line' id='line_1_36' title="bbox 66 1748 865 1792; baseline 0.005 -14"><span class='ocrx_word' id='word_1_172' title='bbox 66 1748 140 1779; x_wconf 84' lang='lat'><strong>179.</strong></span> <span class='ocrx_word' id='word_1_173' title='bbox 168 1751 199 1788; x_wconf 83' lang='lat'>6,</span> <span class='ocrx_word' id='word_1_174' title='bbox 220 1749 304 1787; x_wconf 88' lang='grc'><strong>267;</strong></span> <span class='ocrx_word' id='word_1_175' title='bbox 329 1750 487 1792; x_wconf 80' lang='lat' dir='ltr'>pandere</span> <span class='ocrx_word' id='word_1_176' title='bbox 511 1752 667 1791; x_wconf 81' lang='lat' dir='ltr'>oracula,</span> <span class='ocrx_word' id='word_1_177' title='bbox 692 1755 768 1783; x_wconf 82' lang='lat' dir='ltr'>dare</span> <span class='ocrx_word' id='word_1_178' title='bbox 791 1761 865 1782; x_wconf 89' lang='lat' dir='ltr'>ora-</span> 
     </span>
     <span class='ocr_line' id='line_1_37' title="bbox 63 1794 863 1838; baseline 0.004 -13"><span class='ocrx_word' id='word_1_179' title='bbox 63 1797 140 1825; x_wconf 87' lang='lat' dir='ltr'>cula</span> <span class='ocrx_word' id='word_1_180' title='bbox 164 1794 200 1833; x_wconf 84' lang='lat'>3,</span> <span class='ocrx_word' id='word_1_181' title='bbox 228 1795 303 1826; x_wconf 88' lang='grc'><strong>252.</strong></span> <span class='ocrx_word' id='word_1_182' title='bbox 334 1796 417 1834; x_wconf 82' lang='grc'><strong>479;</strong></span> <span class='ocrx_word' id='word_1_183' title='bbox 442 1797 601 1838; x_wconf 84' lang='lat' dir='ltr'>pandere</span> <span class='ocrx_word' id='word_1_184' title='bbox 625 1798 718 1829; x_wconf 85' lang='lat' dir='ltr'>viam</span> <span class='ocrx_word' id='word_1_185' title='bbox 747 1798 783 1835; x_wconf 87' lang='grc'><strong>6,</strong></span> <span class='ocrx_word' id='word_1_186' title='bbox 810 1797 863 1828; x_wconf 82' lang='grc'>97.</span> 
     </span>
     <span class='ocr_line' id='line_1_38' title="bbox 63 1839 866 1883; baseline 0.006 -14"><span class='ocrx_word' id='word_1_187' title='bbox 63 1841 139 1870; x_wconf 80' lang='lat' dir='ltr'>Liv.</span> <span class='ocrx_word' id='word_1_188' title='bbox 171 1839 205 1876; x_wconf 75' lang='lat'>4,</span> <span class='ocrx_word' id='word_1_189' title='bbox 240 1839 280 1870; x_wconf 83' lang='lat'>15</span> <span class='ocrx_word' id='word_1_190' title='bbox 325 1848 355 1872; x_wconf 87' lang='lat' dir='ltr'>et</span> <span class='ocrx_word' id='word_1_191' title='bbox 382 1841 540 1883; x_wconf 80' lang='lat' dir='ltr'>pandere</span> <span class='ocrx_word' id='word_1_192' title='bbox 582 1843 744 1874; x_wconf 83' lang='lat' dir='ltr'>carmina</span> <span class='ocrx_word' id='word_1_193' title='bbox 783 1846 866 1874; x_wconf 86' lang='lat' dir='ltr'>dixit</span> 
     </span>
     <span class='ocr_line' id='line_1_39' title="bbox 62 1885 864 1928; baseline 0.006 -13"><span class='ocrx_word' id='word_1_194' title='bbox 62 1888 158 1916; x_wconf 87' lang='lat' dir='ltr'>Lucr.</span> <span class='ocrx_word' id='word_1_195' title='bbox 179 1885 209 1924; x_wconf 82' lang='grc'>4,</span> <span class='ocrx_word' id='word_1_196' title='bbox 233 1885 264 1916; x_wconf 89' lang='grc'><strong>8.</strong></span> <span class='ocrx_word' id='word_1_197' title='bbox 290 1903 328 1907; x_wconf 88' lang='lat'>——</span> <span class='ocrx_word' id='word_1_198' title='bbox 359 1887 492 1918; x_wconf 74' lang='lat' dir='ltr'>Cautus</span> <span class='ocrx_word' id='word_1_199' title='bbox 515 1898 650 1919; x_wconf 75' lang='lat' dir='ltr'>movere</span> <span class='ocrx_word' id='word_1_200' title='bbox 671 1891 710 1920; x_wconf 86' lang='lat' dir='ltr'>cf.</span> <span class='ocrx_word' id='word_1_201' title='bbox 736 1888 766 1928; x_wconf 88' lang='lat'>1,</span> <span class='ocrx_word' id='word_1_202' title='bbox 787 1889 864 1920; x_wconf 82' lang='lat'><strong>262.</strong></span> 
     </span>
     <span class='ocr_line' id='line_1_40' title="bbox 63 1933 865 1974; baseline 0.007 -14"><span class='ocrx_word' id='word_1_203' title='bbox 63 1933 247 1968; x_wconf 84' lang='lat' dir='ltr'>Aptissime</span> <span class='ocrx_word' id='word_1_204' title='bbox 277 1934 422 1970; x_wconf 85' lang='lat' dir='ltr'>iungitur</span> <span class='ocrx_word' id='word_1_205' title='bbox 455 1943 527 1964; x_wconf 88' lang='lat' dir='ltr'>cum</span> <span class='ocrx_word' id='word_1_206' title='bbox 552 1933 720 1974; x_wconf 81' lang='lat' dir='ltr'>pandere.</span> <span class='ocrx_word' id='word_1_207' title='bbox 768 1938 865 1972; x_wconf 82' lang='lat' dir='ltr'>Ipsae</span> 
     </span>
     <span class='ocr_line' id='line_1_41' title="bbox 64 1979 863 2017; baseline 0.006 -11"><span class='ocrx_word' id='word_1_208' title='bbox 64 1979 151 2007; x_wconf 89' lang='lat' dir='ltr'>enim</span> <span class='ocrx_word' id='word_1_209' title='bbox 173 1981 289 2008; x_wconf 85' lang='lat' dir='ltr'>Musae</span> <span class='ocrx_word' id='word_1_210' title='bbox 314 1981 484 2014; x_wconf 74' lang='lat' dir='ltr'>sequentia</span> <span class='ocrx_word' id='word_1_211' title='bbox 511 1985 647 2017; x_wconf 84' lang='lat' dir='ltr'>canunt,</span> <span class='ocrx_word' id='word_1_212' title='bbox 673 1990 736 2010; x_wconf 88' lang='lat' dir='ltr'>non</span> <span class='ocrx_word' id='word_1_213' title='bbox 760 1987 863 2017; x_wconf 85' lang='lat' dir='ltr'>poeta.</span> 
     </span>
     <span class='ocr_line' id='line_1_42' title="bbox 64 2024 865 2061; baseline 0.005 -9"><span class='ocrx_word' id='word_1_214' title='bbox 64 2024 170 2058; x_wconf 82' lang='lat' dir='ltr'>Quare</span> <span class='ocrx_word' id='word_1_215' title='bbox 206 2025 272 2053; x_wconf 82' lang='lat' dir='ltr'>iam</span> <span class='ocrx_word' id='word_1_216' title='bbox 304 2028 388 2055; x_wconf 90' lang='lat' dir='ltr'>hanc</span> <span class='ocrx_word' id='word_1_217' title='bbox 420 2030 549 2060; x_wconf 85' lang='lat' dir='ltr'>propter</span> <span class='ocrx_word' id='word_1_218' title='bbox 584 2034 738 2056; x_wconf 84' lang='lat' dir='ltr'>caussam</span> <span class='ocrx_word' id='word_1_219' title='bbox 770 2035 865 2061; x_wconf 84' lang='lat' dir='ltr'>prae-</span> 
     </span>
     <span class='ocr_line' id='line_1_43' title="bbox 63 2070 865 2109; baseline 0.004 -11"><span class='ocrx_word' id='word_1_220' title='bbox 63 2070 229 2099; x_wconf 84' lang='lat' dir='ltr'>ferendum</span> <span class='ocrx_word' id='word_1_221' title='bbox 254 2075 301 2099; x_wconf 86' lang='lat' dir='ltr'>est</span> <span class='ocrx_word' id='word_1_222' title='bbox 327 2074 460 2100; x_wconf 80' lang='lat' dir='ltr'>movete</span> <span class='ocrx_word' id='word_1_223' title='bbox 485 2073 580 2100; x_wconf 83' lang='lat' dir='ltr'>alteri</span> <span class='ocrx_word' id='word_1_224' title='bbox 609 2075 754 2109; x_wconf 77' lang='lat' dir='ltr'>monete,</span> <span class='ocrx_word' id='word_1_225' title='bbox 782 2074 865 2106; x_wconf 86' lang='lat' dir='ltr'>quod</span> 
     </span>
     <span class='ocr_line' id='line_1_44' title="bbox 62 2116 865 2151; baseline 0.001 -7"><span class='ocrx_word' id='word_1_226' title='bbox 62 2116 128 2145; x_wconf 85' lang='lat' dir='ltr'>iam</span> <span class='ocrx_word' id='word_1_227' title='bbox 153 2118 238 2151; x_wconf 82' lang='lat' dir='ltr'>apud</span> <span class='ocrx_word' id='word_1_228' title='bbox 264 2118 415 2146; x_wconf 79' lang='lat' dir='ltr'>Servium</span> <span class='ocrx_word' id='word_1_229' title='bbox 446 2122 591 2146; x_wconf 88' lang='lat' dir='ltr'>notatum</span> <span class='ocrx_word' id='word_1_230' title='bbox 620 2122 669 2146; x_wconf 80' lang='lat' dir='ltr'>est</span> <span class='ocrx_word' id='word_1_231' title='bbox 699 2122 729 2147; x_wconf 90' lang='lat' dir='ltr'>et</span> <span class='ocrx_word' id='word_1_232' title='bbox 760 2127 865 2147; x_wconf 81' lang='lat' dir='ltr'>errore</span> 
     </span>
     <span class='ocr_line' id='line_1_45' title="bbox 61 2162 866 2193; baseline 0.002 -2"><span class='ocrx_word' id='word_1_233' title='bbox 61 2162 182 2191; x_wconf 80' lang='lat' dir='ltr'>calami</span> <span class='ocrx_word' id='word_1_234' title='bbox 219 2167 324 2191; x_wconf 88' lang='lat' dir='ltr'>ortum</span> <span class='ocrx_word' id='word_1_235' title='bbox 367 2163 504 2192; x_wconf 71' lang='grc'><strong>11116161.</strong></span> <span class='ocrx_word' id='word_1_236' title='bbox 555 2179 593 2183; x_wconf 90' lang='grc'>-</span> <span class='ocrx_word' id='word_1_237' title='bbox 635 2165 672 2192; x_wconf 94' lang='lat' dir='ltr'>In</span> <span class='ocrx_word' id='word_1_238' title='bbox 711 2164 866 2193; x_wconf 81' lang='lat' dir='ltr'>Helieone</span> 
     </span>
     <span class='ocr_line' id='line_1_46' title="bbox 64 2199 866 2260; baseline 0.002 -24"><span class='ocrx_word' id='word_1_239' title='bbox 64 2203 233 2236; x_wconf 83' lang='grc' dir='ltr'>Μουσῶν</span> <span class='ocrx_word' id='word_1_240' title='bbox 261 2199 363 2246; x_wconf 77' lang='grc' dir='ltr'><strong><em>ἱερὸν</em></strong></span> <span class='ocrx_word' id='word_1_241' title='bbox 385 2216 447 2236; x_wconf 82' lang='grc' dir='ltr'>και</span> <span class='ocrx_word' id='word_1_242' title='bbox 471 2201 494 2247; x_wconf 76' lang='grc' dir='ltr'><em>ἡ</em></span> <span class='ocrx_word' id='word_1_243' title='bbox 512 2200 645 2238; x_wconf 77' lang='grc' dir='ltr'><strong>Ἵππου</strong></span> <span class='ocrx_word' id='word_1_244' title='bbox 666 2202 779 2260; x_wconf 78' lang='grc' dir='ltr'><strong><em>κρήνη</em></strong></span> <span class='ocrx_word' id='word_1_245' title='bbox 805 2217 866 2238; x_wconf 77' lang='grc' dir='ltr'>και</span> 
     </span>
     <span class='ocr_line' id='line_1_47' title="bbox 61 2246 864 2294; baseline 0.003 -13"><span class='ocrx_word' id='word_1_246' title='bbox 61 2246 103 2281; x_wconf 84' lang='grc' dir='ltr'>τὸ</span> <span class='ocrx_word' id='word_1_247' title='bbox 132 2249 206 2281; x_wconf 82' lang='grc' dir='ltr'>τῶν</span> <span class='ocrx_word' id='word_1_248' title='bbox 230 2249 489 2294; x_wconf 77' lang='grc' dir='ltr'><em>Λειβηθρίδων</em></span> <span class='ocrx_word' id='word_1_249' title='bbox 520 2251 676 2294; x_wconf 79' lang='grc' dir='ltr'><em>νυμφῶν</em></span> <span class='ocrx_word' id='word_1_250' title='bbox 707 2248 864 2293; x_wconf 71' lang='grc' dir='ltr'><strong>ἄντρον,-</strong></span> 
     </span>
     <span class='ocr_line' id='line_1_48' title="bbox 61 2296 865 2335; baseline 0.004 -9"><span class='ocrx_word' id='word_1_251' title='bbox 61 2298 101 2327; x_wconf 87' lang='lat' dir='ltr'>cf.</span> <span class='ocrx_word' id='word_1_252' title='bbox 128 2300 234 2327; x_wconf 82' lang='lat' dir='ltr'>Strab.</span> <span class='ocrx_word' id='word_1_253' title='bbox 261 2296 292 2334; x_wconf 84' lang='lat'>9,</span> <span class='ocrx_word' id='word_1_254' title='bbox 379 2298 420 2327; x_wconf 90' lang='grc'>25</span> <span class='ocrx_word' id='word_1_255' title='bbox 447 2308 476 2335; x_wconf 87' lang='lat' dir='ltr'>p.</span> <span class='ocrx_word' id='word_1_256' title='bbox 505 2299 581 2328; x_wconf 79' lang='lat'><strong>410.</strong></span> <span class='ocrx_word' id='word_1_257' title='bbox 631 2303 747 2329; x_wconf 84' lang='lat' dir='ltr'>Musae</span> <span class='ocrx_word' id='word_1_258' title='bbox 769 2301 865 2329; x_wconf 76' lang='lat' dir='ltr'>imo-</span> 
     </span>
     <span class='ocr_line' id='line_1_49' title="bbox 62 2297 865 2384; baseline 0.004 -12"><span class='ocrx_word' id='word_1_259' title='bbox 62 2348 194 2380; x_wconf 88' lang='lat' dir='ltr'>cantur,</span> <span class='ocrx_word' id='word_1_260' title='bbox 220 2349 254 2372; x_wconf 84' lang='lat' dir='ltr'>ut</span> <span class='ocrx_word' id='word_1_261' title='bbox 278 2353 309 2373; x_wconf 91' lang='lat' dir='ltr'><strong>v.</strong></span> <span class='ocrx_word' id='word_1_262' title='bbox 320 2297 381 2373; x_wconf 65' lang='lat'>237</span> <span class='ocrx_word' id='word_1_263' title='bbox 411 2349 440 2373; x_wconf 88' lang='lat' dir='ltr'>et</span> <span class='ocrx_word' id='word_1_264' title='bbox 467 2343 504 2383; x_wconf 92' lang='lat'>1,</span> <span class='ocrx_word' id='word_1_265' title='bbox 529 2344 567 2384; x_wconf 76' lang='lat'>8,</span> <span class='ocrx_word' id='word_1_266' title='bbox 599 2354 692 2383; x_wconf 90' lang='lat' dir='ltr'>quae,</span> <span class='ocrx_word' id='word_1_267' title='bbox 719 2349 865 2375; x_wconf 88' lang='lat' dir='ltr'>Mnemo-</span> 
     </span>
     <span class='ocr_line' id='line_1_50' title="bbox 62 2390 865 2428; baseline 0.002 -9"><span class='ocrx_word' id='word_1_268' title='bbox 62 2398 163 2426; x_wconf 76' lang='lat' dir='ltr'>syncs</span> <span class='ocrx_word' id='word_1_269' title='bbox 196 2390 299 2427; x_wconf 86' lang='lat' dir='ltr'>filiae,</span> <span class='ocrx_word' id='word_1_270' title='bbox 332 2395 464 2419; x_wconf 88' lang='lat' dir='ltr'>narrent</span> <span class='ocrx_word' id='word_1_271' title='bbox 496 2399 553 2428; x_wconf 83' lang='lat' dir='ltr'>ea,</span> <span class='ocrx_word' id='word_1_272' title='bbox 587 2400 669 2426; x_wconf 89' lang='lat' dir='ltr'>quae</span> <span class='ocrx_word' id='word_1_273' title='bbox 702 2396 865 2421; x_wconf 79' lang='lat' dir='ltr'>vetustate</span> 
     </span>
     <span class='ocr_line' id='line_1_51' title="bbox 62 2439 864 2475; baseline 0.002 -11"><span class='ocrx_word' id='word_1_274' title='bbox 62 2439 185 2464; x_wconf 87' lang='lat' dir='ltr'>remota</span> <span class='ocrx_word' id='word_1_275' title='bbox 219 2439 310 2472; x_wconf 83' lang='lat' dir='ltr'>sunt,</span> <span class='ocrx_word' id='word_1_276' title='bbox 354 2441 383 2465; x_wconf 86' lang='lat' dir='ltr'>et</span> <span class='ocrx_word' id='word_1_277' title='bbox 417 2444 500 2471; x_wconf 85' lang='lat' dir='ltr'>quae</span> <span class='ocrx_word' id='word_1_278' title='bbox 537 2439 702 2475; x_wconf 85' lang='lat' dir='ltr'>mortalis,</span> <span class='ocrx_word' id='word_1_279' title='bbox 743 2439 864 2467; x_wconf 87' lang='lat' dir='ltr'>tantilli</span> 
     </span>
     <span class='ocr_line' id='line_1_52' title="bbox 61 2481 860 2520; baseline 0.004 -10"><span class='ocrx_word' id='word_1_280' title='bbox 61 2482 215 2515; x_wconf 74' lang='lat' dir='ltr'>temporis</span> <span class='ocrx_word' id='word_1_281' title='bbox 242 2484 353 2518; x_wconf 81' lang='lat' dir='ltr'>honm,</span> <span class='ocrx_word' id='word_1_282' title='bbox 384 2483 496 2512; x_wconf 86' lang='lat' dir='ltr'>nescit.</span> <span class='ocrx_word' id='word_1_283' title='bbox 547 2483 601 2512; x_wconf 88' lang='lat' dir='ltr'>Sic</span> <span class='ocrx_word' id='word_1_284' title='bbox 627 2481 687 2520; x_wconf 74' lang='lat'>1⁰,</span> <span class='ocrx_word' id='word_1_285' title='bbox 718 2481 791 2513; x_wconf 84' lang='grc'><strong>163.</strong></span> <span class='ocrx_word' id='word_1_286' title='bbox 822 2499 860 2504; x_wconf 91' lang='lat'>—</span> 
     </span>
     <span class='ocr_line' id='line_1_53' title="bbox 62 2527 861 2566; baseline 0.003 -11"><span class='ocrx_word' id='word_1_287' title='bbox 62 2528 147 2556; x_wconf 87' lang='lat' dir='ltr'>Huic</span> <span class='ocrx_word' id='word_1_288' title='bbox 171 2529 242 2556; x_wconf 87' lang='lat' dir='ltr'>loco</span> <span class='ocrx_word' id='word_1_289' title='bbox 269 2527 460 2556; x_wconf 87' lang='lat' dir='ltr'>simillimus</span> <span class='ocrx_word' id='word_1_290' title='bbox 483 2533 532 2557; x_wconf 89' lang='lat' dir='ltr'>est</span> <span class='ocrx_word' id='word_1_291' title='bbox 554 2530 614 2557; x_wconf 88' lang='lat' dir='ltr'><strong>Ov.</strong></span> <span class='ocrx_word' id='word_1_292' title='bbox 640 2532 683 2557; x_wconf 92' lang='lat' dir='ltr'><strong>M.</strong></span> <span class='ocrx_word' id='word_1_293' title='bbox 714 2527 766 2566; x_wconf 88' lang='grc'>15,</span> <span class='ocrx_word' id='word_1_294' title='bbox 796 2528 861 2557; x_wconf 87' lang='grc'>622</span> 
     </span>
     <span class='ocr_line' id='line_1_54' title="bbox 61 2574 863 2611; baseline 0.004 -10"><span class='ocrx_word' id='word_1_295' title='bbox 61 2581 109 2608; x_wconf 84' lang='lat' dir='ltr'>sq.</span> <span class='ocrx_word' id='word_1_296' title='bbox 134 2588 172 2592; x_wconf 94' lang='lat'>—</span> <span class='ocrx_word' id='word_1_297' title='bbox 200 2574 320 2602; x_wconf 82' lang='lat' dir='ltr'>Eodem</span> <span class='ocrx_word' id='word_1_298' title='bbox 338 2575 429 2602; x_wconf 82' lang='lat' dir='ltr'>modo</span> <span class='ocrx_word' id='word_1_299' title='bbox 448 2575 618 2611; x_wconf 85' lang='lat' dir='ltr'>Homerus,</span> <span class='ocrx_word' id='word_1_300' title='bbox 647 2584 745 2610; x_wconf 89' lang='lat' dir='ltr'>quum</span> <span class='ocrx_word' id='word_1_301' title='bbox 763 2578 863 2604; x_wconf 88' lang='lat' dir='ltr'>Grae-</span> 
     </span>
     <span class='ocr_line' id='line_1_55' title="bbox 62 2619 863 2658; baseline 0.002 -10"><span class='ocrx_word' id='word_1_302' title='bbox 62 2627 172 2648; x_wconf 87' lang='lat' dir='ltr'>corum</span> <span class='ocrx_word' id='word_1_303' title='bbox 206 2619 319 2653; x_wconf 81' lang='lat' dir='ltr'>copias</span> <span class='ocrx_word' id='word_1_304' title='bbox 348 2624 532 2658; x_wconf 82' lang='lat' dir='ltr'>enumerat,</span> <span class='ocrx_word' id='word_1_305' title='bbox 568 2622 697 2649; x_wconf 88' lang='lat' dir='ltr'>Musam</span> <span class='ocrx_word' id='word_1_306' title='bbox 732 2621 863 2650; x_wconf 87' lang='lat' dir='ltr'>invocat</span> 
     </span>
     <span class='ocr_line' id='line_1_56' title="bbox 60 2662 273 2702; baseline 0 -9"><span class='ocrx_word' id='word_1_307' title='bbox 60 2666 99 2693; x_wconf 93' lang='lat' dir='ltr'>Il.</span> <span class='ocrx_word' id='word_1_308' title='bbox 128 2662 168 2702; x_wconf 91' lang='grc'>2,</span> <span class='ocrx_word' id='word_1_309' title='bbox 196 2662 273 2693; x_wconf 80' lang='grc'><strong>484.</strong></span> 
     </span>
    </p>

    <p class='ocr_par' dir='ltr' id='par_1_17' title="bbox 59 2707 598 2786">
     <span class='ocr_line' id='line_1_57' title="bbox 106 2707 598 2752; baseline 0.008 -14"><span class='ocrx_word' id='word_1_310' title='bbox 106 2707 183 2739; x_wconf 89' lang='grc'><strong>642.</strong></span> <span class='ocrx_word' id='word_1_311' title='bbox 210 2707 316 2740; x_wconf 81' lang='lat' dir='ltr'>acciti</span> <span class='ocrx_word' id='word_1_312' title='bbox 340 2712 383 2739; x_wconf 84' lang='lat' dir='ltr'><strong>M.</strong></span> <span class='ocrx_word' id='word_1_313' title='bbox 415 2719 478 2740; x_wconf 88' lang='lat' dir='ltr'>rec.</span> <span class='ocrx_word' id='word_1_314' title='bbox 512 2708 598 2752; x_wconf 83' lang='lat' dir='ltr'><strong>Wg.</strong></span> 
     </span>
     <span class='ocr_line' id='line_1_58' title="bbox 59 2753 545 2786; baseline 0.002 -2"><span class='ocrx_word' id='word_1_315' title='bbox 59 2755 93 2784; x_wconf 89' lang='lat' dir='ltr'>in</span> <span class='ocrx_word' id='word_1_316' title='bbox 116 2758 196 2786; x_wconf 88' lang='lat' dir='ltr'>Mss.</span> <span class='ocrx_word' id='word_1_317' title='bbox 223 2757 364 2786; x_wconf 71' lang='lat' dir='ltr'>ceteris?</span> <span class='ocrx_word' id='word_1_318' title='bbox 390 2765 451 2786; x_wconf 86' lang='lat' dir='ltr'>rec.</span> <span class='ocrx_word' id='word_1_319' title='bbox 482 2753 545 2785; x_wconf 79' lang='lat' dir='ltr'>Rb.</span> 
     </span>
    </p>

    <p class='ocr_par' dir='ltr' id='par_1_18' title="bbox 106 2799 857 2839">
     <span class='ocr_line' id='line_1_59' title="bbox 106 2799 857 2839; baseline 0.004 -10"><span class='ocrx_word' id='word_1_320' title='bbox 106 2799 182 2831; x_wconf 90' lang='grc'><strong>643.</strong></span> <span class='ocrx_word' id='word_1_321' title='bbox 209 2800 279 2832; x_wconf 84' lang='lat' dir='ltr'>iam</span> <span class='ocrx_word' id='word_1_322' title='bbox 296 2804 380 2839; x_wconf 80' lang='lat' dir='ltr'>tum,</span> <span class='ocrx_word' id='word_1_323' title='bbox 402 2803 436 2831; x_wconf 85' lang='lat' dir='ltr'>in</span> <span class='ocrx_word' id='word_1_324' title='bbox 451 2803 581 2832; x_wconf 85' lang='lat' dir='ltr'>laudem</span> <span class='ocrx_word' id='word_1_325' title='bbox 599 2803 718 2832; x_wconf 87' lang='lat' dir='ltr'>dictum</span> <span class='ocrx_word' id='word_1_326' title='bbox 730 2804 857 2833; x_wconf 86' lang='lat' dir='ltr'>Italiae.</span> 
     </span>
    </p>

    <p class='ocr_par' dir='ltr' id='par_1_19' title="bbox 61 2845 858 2932">
     <span class='ocr_line' id='line_1_60' title="bbox 107 2845 858 2884; baseline 0.004 -8"><span class='ocrx_word' id='word_1_327' title='bbox 107 2845 183 2877; x_wconf 81' lang='grc'><strong>644.</strong></span> <span class='ocrx_word' id='word_1_328' title='bbox 209 2850 248 2877; x_wconf 81' lang='lat' dir='ltr'>Et</span> <span class='ocrx_word' id='word_1_329' title='bbox 273 2849 365 2877; x_wconf 86' lang='lat' dir='ltr'>viros</span> <span class='ocrx_word' id='word_1_330' title='bbox 389 2854 418 2878; x_wconf 86' lang='lat' dir='ltr'>et</span> <span class='ocrx_word' id='word_1_331' title='bbox 441 2856 533 2878; x_wconf 83' lang='lat' dir='ltr'>arma</span> <span class='ocrx_word' id='word_1_332' title='bbox 554 2849 776 2884; x_wconf 78' lang='lat' dir='ltr'>descripturus</span> <span class='ocrx_word' id='word_1_333' title='bbox 799 2854 858 2879; x_wconf 89' lang='lat' dir='ltr'>est.</span> 
     </span>
     <span class='ocr_line' id='line_1_61' title="bbox 61 2891 460 2932; baseline 0.008 -12"><span class='ocrx_word' id='word_1_334' title='bbox 61 2893 116 2922; x_wconf 86' lang='lat' dir='ltr'>Sic</span> <span class='ocrx_word' id='word_1_335' title='bbox 138 2893 245 2923; x_wconf 85' lang='lat' dir='ltr'>iunxit</span> <span class='ocrx_word' id='word_1_336' title='bbox 270 2895 337 2924; x_wconf 85' lang='lat' dir='ltr'>iam</span> <span class='ocrx_word' id='word_1_337' title='bbox 366 2891 402 2932; x_wconf 85' lang='lat'>1,</span> <span class='ocrx_word' id='word_1_338' title='bbox 431 2892 460 2923; x_wconf 89' lang='lat'><strong>1.</strong></span> 
     </span>
    </p>

    <p class='ocr_par' dir='ltr' id='par_1_20' title="bbox 60 2936 859 3026">
     <span class='ocr_line' id='line_1_62' title="bbox 106 2936 859 2979; baseline 0.005 -13"><span class='ocrx_word' id='word_1_339' title='bbox 106 2936 181 2968; x_wconf 82' lang='grc'><strong>645.</strong></span> <span class='ocrx_word' id='word_1_340' title='bbox 208 2939 256 2969; x_wconf 81' lang='lat' dir='ltr'><strong>Cf.</strong></span> <span class='ocrx_word' id='word_1_341' title='bbox 282 2942 341 2970; x_wconf 89' lang='lat' dir='ltr'><strong>Ov.</strong></span> <span class='ocrx_word' id='word_1_342' title='bbox 370 2937 421 2979; x_wconf 89' lang='grc'>15,</span> <span class='ocrx_word' id='word_1_343' title='bbox 449 2939 514 2969; x_wconf 85' lang='grc'>623</span> <span class='ocrx_word' id='word_1_344' title='bbox 542 2937 639 2970; x_wconf 76' lang='lat' dir='ltr'>scitis</span> <span class='ocrx_word' id='word_1_345' title='bbox 665 2938 767 2978; x_wconf 83' lang='lat' dir='ltr'>enim,</span> <span class='ocrx_word' id='word_1_346' title='bbox 798 2949 859 2971; x_wconf 84' lang='lat' dir='ltr'>nec</span> 
     </span>
     <span class='ocr_line' id='line_1_63' title="bbox 60 2982 623 3026; baseline 0.005 -14"><span class='ocrx_word' id='word_1_347' title='bbox 60 2991 120 3013; x_wconf 85' lang='lat' dir='ltr'>vos</span> <span class='ocrx_word' id='word_1_348' title='bbox 139 2982 244 3023; x_wconf 76' lang='lat' dir='ltr'>fallit</span> <span class='ocrx_word' id='word_1_349' title='bbox 268 2984 428 3026; x_wconf 82' lang='lat' dir='ltr'>spatiosa</span> <span class='ocrx_word' id='word_1_350' title='bbox 454 2988 623 3017; x_wconf 81' lang='lat' dir='ltr'>vetustas.</span> 
     </span>
    </p>
   </div>
   <div class='ocr_carea' id='block_1_14' title="bbox 635 2709 862 2750">
    <p class='ocr_par' dir='ltr' id='par_1_21' title="bbox 635 2709 862 2750">
     <span class='ocr_line' id='line_1_64' title="bbox 635 2709 862 2750; baseline 0.004 -9"><span class='ocrx_word' id='word_1_351' title='bbox 635 2709 716 2750; x_wconf 64' lang='lat' dir='ltr'>Lat,</span> <span class='ocrx_word' id='word_1_352' title='bbox 756 2710 862 2742; x_wconf 76' lang='lat' dir='ltr'>exciti</span> 
     </span>
    </p>
   </div>
   <div class='ocr_carea' id='block_1_15' title="bbox 914 1107 1719 1325">
    <p class='ocr_par' dir='ltr' id='par_1_22' title="bbox 914 1107 1719 1325">
     <span class='ocr_line' id='line_1_65' title="bbox 961 1107 1719 1147; baseline -0.003 -6"><span class='ocrx_word' id='word_1_353' title='bbox 961 1111 1038 1141; x_wconf 79' lang='grc'><strong>646.</strong></span> <span class='ocrx_word' id='word_1_354' title='bbox 1067 1113 1114 1141; x_wconf 85' lang='lat' dir='ltr'><strong>Cf.</strong></span> <span class='ocrx_word' id='word_1_355' title='bbox 1145 1115 1225 1140; x_wconf 80' lang='lat' dir='ltr'>Stat.</span> <span class='ocrx_word' id='word_1_356' title='bbox 1259 1112 1357 1139; x_wconf 80' lang='lat' dir='ltr'>Theb.</span> <span class='ocrx_word' id='word_1_357' title='bbox 1401 1107 1437 1147; x_wconf 78' lang='lat'>4,</span> <span class='ocrx_word' id='word_1_358' title='bbox 1476 1107 1537 1137; x_wconf 86' lang='grc'>651</span> <span class='ocrx_word' id='word_1_359' title='bbox 1586 1107 1719 1139; x_wconf 78' lang='lat' dir='ltr'>Phoebe</span> 
     </span>
     <span class='ocr_line' id='line_1_66' title="bbox 915 1153 1717 1195; baseline -0.005 -8"><span class='ocrx_word' id='word_1_360' title='bbox 915 1155 1017 1195; x_wconf 84' lang='lat' dir='ltr'>doce,</span> <span class='ocrx_word' id='word_1_361' title='bbox 1046 1166 1108 1187; x_wconf 82' lang='lat' dir='ltr'>nos</span> <span class='ocrx_word' id='word_1_362' title='bbox 1135 1165 1219 1185; x_wconf 85' lang='lat' dir='ltr'>rara</span> <span class='ocrx_word' id='word_1_363' title='bbox 1244 1157 1389 1185; x_wconf 81' lang='lat' dir='ltr'>manent</span> <span class='ocrx_word' id='word_1_364' title='bbox 1413 1153 1559 1185; x_wconf 64' lang='lat' dir='ltr'>eoeordia</span> <span class='ocrx_word' id='word_1_365' title='bbox 1579 1154 1717 1193; x_wconf 76' lang='lat' dir='ltr'>sumne.</span> 
     </span>
     <span class='ocr_line' id='line_1_67' title="bbox 918 1202 1719 1235; baseline -0.005 -2"><span class='ocrx_word' id='word_1_366' title='bbox 918 1219 956 1223; x_wconf 86' lang='lat'>-</span> <span class='ocrx_word' id='word_1_367' title='bbox 998 1205 1096 1233; x_wconf 86' lang='lat' dir='ltr'>Docet</span> <span class='ocrx_word' id='word_1_368' title='bbox 1135 1203 1187 1232; x_wconf 89' lang='lat' dir='ltr'>hic</span> <span class='ocrx_word' id='word_1_369' title='bbox 1221 1210 1340 1231; x_wconf 79' lang='lat' dir='ltr'>versus</span> <span class='ocrx_word' id='word_1_370' title='bbox 1376 1205 1481 1231; x_wconf 83' lang='lat' dir='ltr'>certas</span> <span class='ocrx_word' id='word_1_371' title='bbox 1510 1202 1643 1235; x_wconf 83' lang='lat' dir='ltr'>aliquas</span> <span class='ocrx_word' id='word_1_372' title='bbox 1677 1210 1719 1230; x_wconf 86' lang='lat' dir='ltr'>ex</span> 
     </span>
     <span class='ocr_line' id='line_1_68' title="bbox 914 1247 1717 1284; baseline -0.004 -6"><span class='ocrx_word' id='word_1_373' title='bbox 914 1250 974 1278; x_wconf 88' lang='lat' dir='ltr'>illa</span> <span class='ocrx_word' id='word_1_374' title='bbox 998 1249 1193 1284; x_wconf 80' lang='lat' dir='ltr'>antiquitate</span> <span class='ocrx_word' id='word_1_375' title='bbox 1213 1248 1419 1277; x_wconf 81' lang='lat' dir='ltr'>narrationes</span> <span class='ocrx_word' id='word_1_376' title='bbox 1442 1247 1612 1276; x_wconf 78' lang='lat' dir='ltr'>exstitisse</span> <span class='ocrx_word' id='word_1_377' title='bbox 1636 1254 1717 1283; x_wconf 83' lang='lat' dir='ltr'>pau-</span> 
     </span>
     <span class='ocr_line' id='line_1_69' title="bbox 914 1303 1079 1325; baseline -0.006 -1"><span class='ocrx_word' id='word_1_378' title='bbox 914 1303 1079 1325; x_wconf 84' lang='lat' dir='ltr'>c1ssnuas.</span> 
     </span>
    </p>
   </div>
   <div class='ocr_carea' id='block_1_16' title="bbox 906 1403 1717 3023">
    <p class='ocr_par' dir='ltr' id='par_1_23' title="bbox 1080 1403 1554 1439">
     <span class='ocr_line' id='line_1_70' title="bbox 1080 1403 1554 1439; baseline -0.004 -3"><span class='ocrx_word' id='word_1_379' title='bbox 1080 1406 1293 1439; x_wconf 72' lang='grc'><strong>647-654,</strong></span> <span class='ocrx_word' id='word_1_380' title='bbox 1342 1403 1554 1438; x_wconf 81' lang='lat' dir='ltr'>Mezentius.</span> 
     </span>
    </p>

    <p class='ocr_par' dir='ltr' id='par_1_24' title="bbox 908 1475 1717 2841">
     <span class='ocr_line' id='line_1_71' title="bbox 960 1475 1717 1506; baseline -0.007 0"><span class='ocrx_word' id='word_1_381' title='bbox 960 1475 1036 1506; x_wconf 87' lang='grc'><strong>647.</strong></span> <span class='ocrx_word' id='word_1_382' title='bbox 1063 1477 1248 1506; x_wconf 79' lang='lat' dir='ltr'>Mezentius</span> <span class='ocrx_word' id='word_1_383' title='bbox 1291 1484 1364 1505; x_wconf 87' lang='lat' dir='ltr'>cum</span> <span class='ocrx_word' id='word_1_384' title='bbox 1411 1475 1475 1504; x_wconf 86' lang='lat' dir='ltr'>filio</span> <span class='ocrx_word' id='word_1_385' title='bbox 1516 1476 1628 1503; x_wconf 83' lang='lat' dir='ltr'>Lauso</span> <span class='ocrx_word' id='word_1_386' title='bbox 1675 1482 1717 1502; x_wconf 84' lang='lat' dir='ltr'>ex</span> 
     </span>
     <span class='ocr_line' id='line_1_72' title="bbox 912 1521 1716 1559; baseline -0.006 -7"><span class='ocrx_word' id='word_1_387' title='bbox 912 1524 1062 1552; x_wconf 84' lang='lat' dir='ltr'>Etruriae</span> <span class='ocrx_word' id='word_1_388' title='bbox 1087 1526 1166 1552; x_wconf 80' lang='lat' dir='ltr'>urbe</span> <span class='ocrx_word' id='word_1_389' title='bbox 1188 1524 1316 1559; x_wconf 80' lang='lat' dir='ltr'>Agylla</span> <span class='ocrx_word' id='word_1_390' title='bbox 1342 1522 1414 1551; x_wconf 86' lang='lat' dir='ltr'>sive</span> <span class='ocrx_word' id='word_1_391' title='bbox 1428 1522 1562 1550; x_wconf 86' lang='lat' dir='ltr'>Caerete</span> <span class='ocrx_word' id='word_1_392' title='bbox 1587 1521 1716 1556; x_wconf 81' lang='lat' dir='ltr'>pulsus,</span> 
     </span>
     <span class='ocr_line' id='line_1_73' title="bbox 911 1568 1717 1605; baseline -0.007 -6"><span class='ocrx_word' id='word_1_393' title='bbox 911 1571 1041 1599; x_wconf 83' lang='lat' dir='ltr'>Ardeae</span> <span class='ocrx_word' id='word_1_394' title='bbox 1065 1573 1298 1605; x_wconf 55' lang='lat' dir='ltr'>commoratum</span> <span class='ocrx_word' id='word_1_395' title='bbox 1340 1568 1449 1602; x_wconf 85' lang='lat' dir='ltr'>ibique</span> <span class='ocrx_word' id='word_1_396' title='bbox 1472 1574 1529 1595; x_wconf 88' lang='lat' dir='ltr'>eos</span> <span class='ocrx_word' id='word_1_397' title='bbox 1559 1574 1639 1601; x_wconf 85' lang='lat' dir='ltr'>quos</span> <span class='ocrx_word' id='word_1_398' title='bbox 1665 1573 1717 1594; x_wconf 84' lang='grc'>56-</span> 
     </span>
     <span class='ocr_line' id='line_1_74' title="bbox 912 1611 1716 1647; baseline -0.007 -2"><span class='ocrx_word' id='word_1_399' title='bbox 912 1624 986 1645; x_wconf 83' lang='grc'><strong>611111</strong></span> <span class='ocrx_word' id='word_1_400' title='bbox 1016 1616 1052 1644; x_wconf 89' lang='lat' dir='ltr'>in</span> <span class='ocrx_word' id='word_1_401' title='bbox 1076 1616 1214 1644; x_wconf 77' lang='lat' dir='ltr'>exilitum</span> <span class='ocrx_word' id='word_1_402' title='bbox 1239 1616 1377 1643; x_wconf 84' lang='lat' dir='ltr'>(luxerat</span> <span class='ocrx_word' id='word_1_403' title='bbox 1402 1620 1551 1642; x_wconf 83' lang='lat' dir='ltr'>armasse</span> <span class='ocrx_word' id='word_1_404' title='bbox 1576 1611 1716 1647; x_wconf 80' lang='lat' dir='ltr'>fingitur.</span> 
     </span>
     <span class='ocr_line' id='line_1_75' title="bbox 912 1658 1716 1696; baseline -0.006 -6"><span class='ocrx_word' id='word_1_405' title='bbox 912 1663 1015 1690; x_wconf 88' lang='lat' dir='ltr'>Plura</span> <span class='ocrx_word' id='word_1_406' title='bbox 1046 1663 1084 1690; x_wconf 84' lang='lat' dir='ltr'>de</span> <span class='ocrx_word' id='word_1_407' title='bbox 1117 1670 1153 1690; x_wconf 91' lang='lat' dir='ltr'>eo</span> <span class='ocrx_word' id='word_1_408' title='bbox 1185 1660 1222 1696; x_wconf 82' lang='grc'>8,</span> <span class='ocrx_word' id='word_1_409' title='bbox 1249 1658 1314 1688; x_wconf 86' lang='grc'><strong>479</strong></span> <span class='ocrx_word' id='word_1_410' title='bbox 1345 1667 1393 1694; x_wconf 90' lang='lat' dir='ltr'>sq.</span> <span class='ocrx_word' id='word_1_411' title='bbox 1443 1660 1553 1687; x_wconf 82' lang='lat' dir='ltr'>Habes</span> <span class='ocrx_word' id='word_1_412' title='bbox 1578 1659 1716 1686; x_wconf 86' lang='lat' dir='ltr'>alterum</span> 
     </span>
     <span class='ocr_line' id='line_1_76' title="bbox 912 1703 1716 1742; baseline -0.006 -6"><span class='ocrx_word' id='word_1_413' title='bbox 912 1708 1129 1742; x_wconf 85' lang='lat' dir='ltr'>Tarquinium</span> <span class='ocrx_word' id='word_1_414' title='bbox 1151 1708 1342 1742; x_wconf 84' lang='lat' dir='ltr'>superbum.</span> <span class='ocrx_word' id='word_1_415' title='bbox 1369 1720 1407 1725; x_wconf 88' lang='lat'>—</span> <span class='ocrx_word' id='word_1_416' title='bbox 1432 1707 1525 1741; x_wconf 76' lang='lat' dir='ltr'>„Non</span> <span class='ocrx_word' id='word_1_417' title='bbox 1546 1704 1664 1733; x_wconf 90' lang='lat' dir='ltr'>mirum</span> <span class='ocrx_word' id='word_1_418' title='bbox 1687 1703 1716 1731; x_wconf 91' lang='lat' dir='ltr'>si</span> 
     </span>
     <span class='ocr_line' id='line_1_77' title="bbox 912 1751 1716 1788; baseline -0.007 -6"><span class='ocrx_word' id='word_1_419' title='bbox 912 1758 941 1782; x_wconf 86' lang='lat' dir='ltr'>et</span> <span class='ocrx_word' id='word_1_420' title='bbox 966 1757 1163 1788; x_wconf 83' lang='lat' dir='ltr'>contemptor</span> <span class='ocrx_word' id='word_1_421' title='bbox 1188 1753 1302 1781; x_wconf 82' lang='lat' dir='ltr'>divum</span> <span class='ocrx_word' id='word_1_422' title='bbox 1326 1755 1355 1780; x_wconf 89' lang='lat' dir='ltr'>et</span> <span class='ocrx_word' id='word_1_423' title='bbox 1379 1751 1563 1786; x_wconf 83' lang='lat' dir='ltr'>sacrilegus</span> <span class='ocrx_word' id='word_1_424' title='bbox 1583 1751 1716 1777; x_wconf 86' lang='lat' dir='ltr'>Mezen-</span> 
     </span>
     <span class='ocr_line' id='line_1_78' title="bbox 912 1796 1716 1834; baseline -0.007 -6"><span class='ocrx_word' id='word_1_425' title='bbox 912 1800 977 1828; x_wconf 88' lang='lat' dir='ltr'>tius</span> <span class='ocrx_word' id='word_1_426' title='bbox 1002 1804 1114 1828; x_wconf 86' lang='lat' dir='ltr'>contra</span> <span class='ocrx_word' id='word_1_427' title='bbox 1144 1799 1232 1834; x_wconf 80' lang='lat' dir='ltr'>piam</span> <span class='ocrx_word' id='word_1_428' title='bbox 1258 1801 1385 1834; x_wconf 77' lang='lat' dir='ltr'>gentem</span> <span class='ocrx_word' id='word_1_429' title='bbox 1416 1796 1503 1831; x_wconf 81' lang='lat' dir='ltr'>prior</span> <span class='ocrx_word' id='word_1_430' title='bbox 1529 1802 1622 1823; x_wconf 86' lang='lat' dir='ltr'>arma</span> <span class='ocrx_word' id='word_1_431' title='bbox 1645 1802 1716 1823; x_wconf 88' lang='lat' dir='ltr'>cor-</span> 
     </span>
     <span class='ocr_line' id='line_1_79' title="bbox 912 1841 1713 1880; baseline -0.007 -6"><span class='ocrx_word' id='word_1_432' title='bbox 912 1843 1043 1880; x_wconf 59' lang='grc' dir='ltr'>11111ιίῐέι</span> <span class='ocrx_word' id='word_1_433' title='bbox 1067 1848 1100 1873; x_wconf 88' lang='lat' dir='ltr'><strong>S.</strong></span> <span class='ocrx_word' id='word_1_434' title='bbox 1149 1845 1354 1878; x_wconf 81' lang='lat' dir='ltr'>Contemptor</span> <span class='ocrx_word' id='word_1_435' title='bbox 1375 1842 1485 1871; x_wconf 76' lang='lat' dir='ltr'>divom</span> <span class='ocrx_word' id='word_1_436' title='bbox 1507 1841 1624 1870; x_wconf 86' lang='lat' dir='ltr'>dicitur</span> <span class='ocrx_word' id='word_1_437' title='bbox 1649 1848 1713 1869; x_wconf 85' lang='lat' dir='ltr'>sec.</span> 
     </span>
     <span class='ocr_line' id='line_1_80' title="bbox 911 1886 1715 1929; baseline -0.006 -10"><span class='ocrx_word' id='word_1_438' title='bbox 911 1894 1012 1920; x_wconf 81' lang='lat' dir='ltr'>Macr.</span> <span class='ocrx_word' id='word_1_439' title='bbox 1049 1889 1083 1929; x_wconf 89' lang='lat'>3,</span> <span class='ocrx_word' id='word_1_440' title='bbox 1122 1890 1141 1918; x_wconf 85' lang='lat'>5</span> <span class='ocrx_word' id='word_1_441' title='bbox 1179 1891 1284 1924; x_wconf 83' lang='lat' dir='ltr'>„quod</span> <span class='ocrx_word' id='word_1_442' title='bbox 1317 1888 1450 1917; x_wconf 81' lang='lat' dir='ltr'>divinos</span> <span class='ocrx_word' id='word_1_443' title='bbox 1480 1890 1618 1916; x_wconf 83' lang='lat' dir='ltr'>honores</span> <span class='ocrx_word' id='word_1_444' title='bbox 1651 1886 1715 1915; x_wconf 85' lang='lat' dir='ltr'>sihi</span> 
     </span>
     <span class='ocr_line' id='line_1_81' title="bbox 911 1932 1714 1973; baseline -0.009 -7"><span class='ocrx_word' id='word_1_445' title='bbox 911 1935 1096 1973; x_wconf 65' lang='lat' dir='ltr'>exegerav‘.</span> <span class='ocrx_word' id='word_1_446' title='bbox 1146 1937 1268 1964; x_wconf 83' lang='lat' dir='ltr'>Deinde</span> <span class='ocrx_word' id='word_1_447' title='bbox 1291 1934 1379 1963; x_wconf 83' lang='lat' dir='ltr'>addit</span> <span class='ocrx_word' id='word_1_448' title='bbox 1399 1936 1498 1962; x_wconf 83' lang='lat' dir='ltr'>haec:</span> <span class='ocrx_word' id='word_1_449' title='bbox 1548 1932 1632 1969; x_wconf 84' lang='lat' dir='ltr'>„Hic</span> <span class='ocrx_word' id='word_1_450' title='bbox 1651 1932 1714 1961; x_wconf 85' lang='lat' dir='ltr'>ali-</span> 
     </span>
     <span class='ocr_line' id='line_1_82' title="bbox 911 1978 1715 2019; baseline -0.009 -7"><span class='ocrx_word' id='word_1_451' title='bbox 911 1991 992 2017; x_wconf 86' lang='lat' dir='ltr'>quos</span> <span class='ocrx_word' id='word_1_452' title='bbox 1017 1985 1263 2019; x_wconf 82' lang='lat' dir='ltr'>commemorat,</span> <span class='ocrx_word' id='word_1_453' title='bbox 1295 1988 1376 2015; x_wconf 90' lang='lat' dir='ltr'>quos</span> <span class='ocrx_word' id='word_1_454' title='bbox 1406 1980 1440 2008; x_wconf 90' lang='lat' dir='ltr'>in</span> <span class='ocrx_word' id='word_1_455' title='bbox 1464 1980 1548 2007; x_wconf 79' lang='lat' dir='ltr'>bello</span> <span class='ocrx_word' id='word_1_456' title='bbox 1574 1986 1639 2006; x_wconf 92' lang='lat' dir='ltr'>non</span> <span class='ocrx_word' id='word_1_457' title='bbox 1662 1978 1715 2006; x_wconf 90' lang='lat' dir='ltr'>in-</span> 
     </span>
     <span class='ocr_line' id='line_1_83' title="bbox 911 2024 1715 2061; baseline -0.007 -4"><span class='ocrx_word' id='word_1_458' title='bbox 911 2029 1018 2057; x_wconf 78' lang='lat' dir='ltr'>venis.</span> <span class='ocrx_word' id='word_1_459' title='bbox 1073 2030 1153 2057; x_wconf 86' lang='lat' dir='ltr'>Item</span> <span class='ocrx_word' id='word_1_460' title='bbox 1186 2028 1220 2055; x_wconf 90' lang='lat' dir='ltr'>in</span> <span class='ocrx_word' id='word_1_461' title='bbox 1253 2026 1465 2061; x_wconf 85' lang='lat' dir='ltr'>sequentibus</span> <span class='ocrx_word' id='word_1_462' title='bbox 1498 2025 1627 2059; x_wconf 84' lang='lat' dir='ltr'>aliquos</span> <span class='ocrx_word' id='word_1_463' title='bbox 1664 2024 1715 2052; x_wconf 89' lang='lat' dir='ltr'>in-</span> 
     </span>
     <span class='ocr_line' id='line_1_84' title="bbox 913 2068 1713 2109; baseline -0.005 -8"><span class='ocrx_word' id='word_1_464' title='bbox 913 2074 1082 2109; x_wconf 79' lang='lat' dir='ltr'>venimus,</span> <span class='ocrx_word' id='word_1_465' title='bbox 1115 2081 1196 2107; x_wconf 87' lang='lat' dir='ltr'>quos</span> <span class='ocrx_word' id='word_1_466' title='bbox 1229 2073 1282 2102; x_wconf 86' lang='lat' dir='ltr'>hic</span> <span class='ocrx_word' id='word_1_467' title='bbox 1311 2072 1442 2100; x_wconf 88' lang='lat' dir='ltr'>omnino</span> <span class='ocrx_word' id='word_1_468' title='bbox 1477 2079 1542 2099; x_wconf 87' lang='lat' dir='ltr'>non</span> <span class='ocrx_word' id='word_1_469' title='bbox 1572 2068 1713 2104; x_wconf 61' lang='grc' dir='ltr'>11051111.ιι</span> 
     </span>
     <span class='ocr_line' id='line_1_85' title="bbox 915 2114 1713 2157; baseline -0.004 -11"><span class='ocrx_word' id='word_1_470' title='bbox 915 2133 953 2138; x_wconf 88' lang='lat'>—</span> <span class='ocrx_word' id='word_1_471' title='bbox 986 2115 1174 2157; x_wconf 75' lang='lat' dir='ltr'>Tyrrhenis</span> <span class='ocrx_word' id='word_1_472' title='bbox 1203 2115 1245 2146; x_wconf 83' lang='lat' dir='ltr'>ab</span> <span class='ocrx_word' id='word_1_473' title='bbox 1276 2114 1346 2145; x_wconf 82' lang='lat' dir='ltr'>oris</span> <span class='ocrx_word' id='word_1_474' title='bbox 1374 2117 1547 2154; x_wconf 60' lang='lat' dir='ltr'>„orianum</span> <span class='ocrx_word' id='word_1_475' title='bbox 1574 2116 1713 2150; x_wconf 81' lang='lat' dir='ltr'>Tuscus,</span> 
     </span>
     <span class='ocr_line' id='line_1_86' title="bbox 912 2161 1714 2197; baseline -0.004 -6"><span class='ocrx_word' id='word_1_476' title='bbox 912 2172 974 2192; x_wconf 94' lang='lat' dir='ltr'>non</span> <span class='ocrx_word' id='word_1_477' title='bbox 1001 2164 1055 2197; x_wconf 91' lang='lat' dir='ltr'>qui</span> <span class='ocrx_word' id='word_1_478' title='bbox 1081 2171 1166 2191; x_wconf 87' lang='lat' dir='ltr'>nunc</span> <span class='ocrx_word' id='word_1_479' title='bbox 1191 2164 1228 2190; x_wconf 84' lang='lat' dir='ltr'>de</span> <span class='ocrx_word' id='word_1_480' title='bbox 1252 2162 1375 2190; x_wconf 84' lang='lat' dir='ltr'>Tuscia</span> <span class='ocrx_word' id='word_1_481' title='bbox 1398 2161 1505 2197; x_wconf 76' lang='lat' dir='ltr'>venit,</span> <span class='ocrx_word' id='word_1_482' title='bbox 1539 2168 1632 2194; x_wconf 86' lang='lat' dir='ltr'>quem</span> <span class='ocrx_word' id='word_1_483' title='bbox 1655 2167 1714 2189; x_wconf 87' lang='lat' dir='ltr'>an-</span> 
     </span>
     <span class='ocr_line' id='line_1_87' title="bbox 912 2202 1714 2243; baseline -0.006 -6"><span class='ocrx_word' id='word_1_484' title='bbox 912 2214 964 2238; x_wconf 85' lang='lat' dir='ltr'>tea</span> <span class='ocrx_word' id='word_1_485' title='bbox 988 2211 1118 2243; x_wconf 82' lang='lat' dir='ltr'>pulsum</span> <span class='ocrx_word' id='word_1_486' title='bbox 1142 2216 1162 2237; x_wconf 89' lang='lat' dir='ltr'>a</span> <span class='ocrx_word' id='word_1_487' title='bbox 1186 2208 1316 2236; x_wconf 80' lang='lat' dir='ltr'>civibus</span> <span class='ocrx_word' id='word_1_488' title='bbox 1336 2205 1494 2236; x_wconf 84' lang='lat' dir='ltr'>constat.“</span> <span class='ocrx_word' id='word_1_489' title='bbox 1521 2207 1552 2233; x_wconf 90' lang='lat' dir='ltr'><strong>S.</strong></span> <span class='ocrx_word' id='word_1_490' title='bbox 1602 2207 1652 2233; x_wconf 87' lang='lat' dir='ltr'>Ita</span> <span class='ocrx_word' id='word_1_491' title='bbox 1671 2202 1714 2233; x_wconf 84' lang='lat' dir='ltr'>ab</span> 
     </span>
     <span class='ocr_line' id='line_1_88' title="bbox 913 2251 1713 2289; baseline -0.006 -6"><span class='ocrx_word' id='word_1_492' title='bbox 913 2255 1111 2289; x_wconf 76' lang='lat' dir='ltr'>praepositio</span> <span class='ocrx_word' id='word_1_493' title='bbox 1144 2254 1265 2282; x_wconf 88' lang='lat' dir='ltr'>omisso</span> <span class='ocrx_word' id='word_1_494' title='bbox 1302 2252 1472 2287; x_wconf 78' lang='lat' dir='ltr'>participio</span> <span class='ocrx_word' id='word_1_495' title='bbox 1505 2251 1613 2287; x_wconf 83' lang='lat' dir='ltr'>signat</span> <span class='ocrx_word' id='word_1_496' title='bbox 1649 2251 1713 2279; x_wconf 87' lang='lat' dir='ltr'>ori-</span> 
     </span>
     <span class='ocr_line' id='line_1_89' title="bbox 913 2294 1712 2335; baseline -0.008 -6"><span class='ocrx_word' id='word_1_497' title='bbox 913 2301 1035 2335; x_wconf 71' lang='lat' dir='ltr'>ginem,</span> <span class='ocrx_word' id='word_1_498' title='bbox 1076 2301 1160 2329; x_wconf 86' lang='lat' dir='ltr'>unde</span> <span class='ocrx_word' id='word_1_499' title='bbox 1193 2299 1316 2333; x_wconf 86' lang='lat' dir='ltr'>aliquis</span> <span class='ocrx_word' id='word_1_500' title='bbox 1350 2302 1399 2327; x_wconf 87' lang='lat' dir='ltr'>est</span> <span class='ocrx_word' id='word_1_501' title='bbox 1428 2304 1582 2333; x_wconf 78' lang='lat' dir='ltr'>egressus</span> <span class='ocrx_word' id='word_1_502' title='bbox 1613 2295 1652 2324; x_wconf 83' lang='lat' dir='ltr'>cf.</span> <span class='ocrx_word' id='word_1_503' title='bbox 1683 2294 1712 2331; x_wconf 92' lang='grc'>1,</span> 
     </span>
     <span class='ocr_line' id='line_1_90' title="bbox 912 2339 1712 2387; baseline -0.006 -13"><span class='ocrx_word' id='word_1_504' title='bbox 912 2345 978 2374; x_wconf 75' lang='lat' dir='ltr'>3s0</span> <span class='ocrx_word' id='word_1_505' title='bbox 1013 2354 1129 2387; x_wconf 77' lang='lat' dir='ltr'>genus</span> <span class='ocrx_word' id='word_1_506' title='bbox 1162 2343 1204 2374; x_wconf 82' lang='lat' dir='ltr'>ab</span> <span class='ocrx_word' id='word_1_507' title='bbox 1243 2342 1322 2373; x_wconf 81' lang='lat' dir='ltr'>love</span> <span class='ocrx_word' id='word_1_508' title='bbox 1353 2350 1497 2372; x_wconf 83' lang='lat' dir='ltr'>summo.</span> <span class='ocrx_word' id='word_1_509' title='bbox 1551 2343 1586 2370; x_wconf 88' lang='grc' dir='ltr'>Ε.</span> <span class='ocrx_word' id='word_1_510' title='bbox 1622 2339 1655 2377; x_wconf 87' lang='grc'>1,</span> <span class='ocrx_word' id='word_1_511' title='bbox 1691 2339 1712 2369; x_wconf 87' lang='grc'>8</span> 
     </span>
     <span class='ocr_line' id='line_1_91' title="bbox 913 2384 1711 2431; baseline -0.008 -11"><span class='ocrx_word' id='word_1_512' title='bbox 913 2400 1032 2431; x_wconf 67' lang='lat' dir='ltr'>agnus</span> <span class='ocrx_word' id='word_1_513' title='bbox 1073 2389 1115 2420; x_wconf 80' lang='lat' dir='ltr'>ab</span> <span class='ocrx_word' id='word_1_514' title='bbox 1153 2387 1303 2419; x_wconf 84' lang='lat' dir='ltr'>ovilibus</span> <span class='ocrx_word' id='word_1_515' title='bbox 1340 2385 1479 2418; x_wconf 76' lang='lat' dir='ltr'>nostris.</span> <span class='ocrx_word' id='word_1_516' title='bbox 1540 2390 1575 2416; x_wconf 95' lang='lat' dir='ltr'><strong>G.</strong></span> <span class='ocrx_word' id='word_1_517' title='bbox 1615 2386 1650 2421; x_wconf 87' lang='grc'>3,</span> <span class='ocrx_word' id='word_1_518' title='bbox 1692 2384 1711 2414; x_wconf 90' lang='grc'><strong>2</strong></span> 
     </span>
     <span class='ocr_line' id='line_1_92' title="bbox 910 2430 1713 2477; baseline -0.009 -10"><span class='ocrx_word' id='word_1_519' title='bbox 910 2440 1033 2477; x_wconf 64' lang='lat' dir='ltr'>paetor</span> <span class='ocrx_word' id='word_1_520' title='bbox 1055 2434 1097 2466; x_wconf 80' lang='lat' dir='ltr'>ab</span> <span class='ocrx_word' id='word_1_521' title='bbox 1116 2433 1321 2476; x_wconf 81' lang='lat' dir='ltr'>Amphryso.</span> <span class='ocrx_word' id='word_1_522' title='bbox 1371 2431 1436 2462; x_wconf 83' lang='grc'>243</span> <span class='ocrx_word' id='word_1_523' title='bbox 1457 2430 1576 2462; x_wconf 84' lang='lat' dir='ltr'>dulces</span> <span class='ocrx_word' id='word_1_524' title='bbox 1596 2431 1713 2470; x_wconf 81' lang='lat' dir='ltr'>afon-</span> 
     </span>
     <span class='ocr_line' id='line_1_93' title="bbox 912 2475 1711 2516; baseline -0.008 -3.877"><span class='ocrx_word' id='word_1_525' title='bbox 912 2481 1004 2513; x_wconf 73' lang='lat' dir='ltr'>tibus</span> <span class='ocrx_word' id='word_1_526' title='bbox 1027 2480 1156 2512; x_wconf 80' lang='lat' dir='ltr'>undae.</span> <span class='ocrx_word' id='word_1_527' title='bbox 1206 2484 1265 2511; x_wconf 83' lang='lat' dir='ltr'><strong>Ov.</strong></span> <span class='ocrx_word' id='word_1_528' title='bbox 1290 2478 1401 2516; x_wconf 86' lang='lat' dir='ltr'>M.9,</span> <span class='ocrx_word' id='word_1_529' title='bbox 1434 2477 1497 2507; x_wconf 87' lang='grc'>136</span> <span class='ocrx_word' id='word_1_530' title='bbox 1532 2476 1642 2507; x_wconf 65' lang='lat' dir='ltr'>victor</span> <span class='ocrx_word' id='word_1_531' title='bbox 1668 2475 1711 2506; x_wconf 83' lang='lat' dir='ltr'>ab</span> 
     </span>
     <span class='ocr_line' id='line_1_94' title="bbox 917 2502 1712 2563; baseline -0.006 -6"><span class='ocrx_word' id='word_1_532' title='bbox 917 2526 1085 2558; x_wconf 81' lang='lat' dir='ltr'>Oechalia</span> <span class='ocrx_word' id='word_1_533' title='bbox 1106 2528 1316 2563; x_wconf 81' lang='lat' dir='ltr'>(Hercules).</span> <span class='ocrx_word' id='word_1_534' title='bbox 1362 2502 1436 2554; x_wconf 64' lang='lat' dir='ltr'>L&#39;ix.</span> <span class='ocrx_word' id='word_1_535' title='bbox 1458 2522 1549 2557; x_wconf 80' lang='grc'><strong>1,5(1</strong></span> <span class='ocrx_word' id='word_1_536' title='bbox 1573 2522 1712 2553; x_wconf 41' lang='lat' dir='ltr'>&#39;fumus</span> 
     </span>
     <span class='ocr_line' id='line_1_95' title="bbox 912 2567 1712 2605; baseline -0.008 -2"><span class='ocrx_word' id='word_1_537' title='bbox 912 2571 1114 2603; x_wconf 77' lang='lat' dir='ltr'>Herdonius</span> <span class='ocrx_word' id='word_1_538' title='bbox 1144 2571 1186 2602; x_wconf 82' lang='lat' dir='ltr'>ab</span> <span class='ocrx_word' id='word_1_539' title='bbox 1214 2569 1346 2602; x_wconf 61' lang='lat' dir='ltr'>Aricia.</span> <span class='ocrx_word' id='word_1_540' title='bbox 1396 2571 1511 2599; x_wconf 91' lang='lat' dir='ltr'>Iustin.</span> <span class='ocrx_word' id='word_1_541' title='bbox 1539 2567 1574 2605; x_wconf 84' lang='grc'>4,</span> <span class='ocrx_word' id='word_1_542' title='bbox 1609 2568 1628 2596; x_wconf 88' lang='grc'><strong>2</strong></span> <span class='ocrx_word' id='word_1_543' title='bbox 1654 2577 1712 2598; x_wconf 84' lang='lat' dir='ltr'>ve—</span> 
     </span>
     <span class='ocr_line' id='line_1_96' title="bbox 911 2612 1711 2650; baseline -0.008 -1"><span class='ocrx_word' id='word_1_544' title='bbox 911 2618 1028 2650; x_wconf 78' lang='lat' dir='ltr'>teram·</span> <span class='ocrx_word' id='word_1_545' title='bbox 1053 2617 1095 2648; x_wconf 81' lang='lat' dir='ltr'>ab</span> <span class='ocrx_word' id='word_1_546' title='bbox 1124 2616 1278 2648; x_wconf 81' lang='lat' dir='ltr'>Himera.</span> <span class='ocrx_word' id='word_1_547' title='bbox 1329 2619 1380 2646; x_wconf 88' lang='lat' dir='ltr'>Gr.</span> <span class='ocrx_word' id='word_1_548' title='bbox 1407 2616 1429 2650; x_wconf 59' lang='grc' dir='ltr'>ἕ</span> <span class='ocrx_word' id='word_1_549' title='bbox 1455 2612 1518 2644; x_wconf 84' lang='grc'>317</span> <span class='ocrx_word' id='word_1_550' title='bbox 1541 2616 1606 2644; x_wconf 90' lang='lat' dir='ltr'>An.</span> <span class='ocrx_word' id='word_1_551' title='bbox 1648 2617 1711 2644; x_wconf 77' lang='lat' dir='ltr'>Ne-</span> 
     </span>
     <span class='ocr_line' id='line_1_97' title="bbox 910 2659 1711 2701; baseline -0.007 -6"><span class='ocrx_word' id='word_1_552' title='bbox 910 2674 972 2701; x_wconf 85' lang='lat' dir='ltr'>que</span> <span class='ocrx_word' id='word_1_553' title='bbox 996 2671 1103 2694; x_wconf 87' lang='lat' dir='ltr'>tamen</span> <span class='ocrx_word' id='word_1_554' title='bbox 1124 2668 1173 2693; x_wconf 87' lang='lat' dir='ltr'>est</span> <span class='ocrx_word' id='word_1_555' title='bbox 1193 2672 1248 2699; x_wconf 80' lang='lat' dir='ltr'>pro</span> <span class='ocrx_word' id='word_1_556' title='bbox 1265 2663 1515 2699; x_wconf 39' lang='lat' dir='ltr'>genitivorum</span> <span class='ocrx_word' id='word_1_557' title='bbox 1529 2666 1578 2690; x_wconf 80' lang='lat' dir='ltr'>est</span> <span class='ocrx_word' id='word_1_558' title='bbox 1600 2659 1711 2689; x_wconf 80' lang='lat' dir='ltr'>victor</span> 
     </span>
     <span class='ocr_line' id='line_1_98' title="bbox 910 2707 1712 2743; baseline -0.006 -3"><span class='ocrx_word' id='word_1_559' title='bbox 910 2710 952 2740; x_wconf 82' lang='lat' dir='ltr'>al&gt;</span> <span class='ocrx_word' id='word_1_560' title='bbox 990 2708 1159 2740; x_wconf 77' lang='lat' dir='ltr'>Oechalia</span> <span class='ocrx_word' id='word_1_561' title='bbox 1191 2710 1296 2738; x_wconf 73' lang='lat' dir='ltr'>victor</span> <span class='ocrx_word' id='word_1_562' title='bbox 1331 2707 1522 2743; x_wconf 82' lang='lat' dir='ltr'>Oechaliae,</span> <span class='ocrx_word' id='word_1_563' title='bbox 1565 2708 1621 2736; x_wconf 84' lang='lat' dir='ltr'>sed</span> <span class='ocrx_word' id='word_1_564' title='bbox 1655 2707 1712 2741; x_wconf 86' lang='lat' dir='ltr'>qui</span> 
     </span>
     <span class='ocr_line' id='line_1_99' title="bbox 911 2753 1710 2786; baseline -0.006 0"><span class='ocrx_word' id='word_1_565' title='bbox 911 2758 998 2786; x_wconf 83' lang='lat' dir='ltr'>venit</span> <span class='ocrx_word' id='word_1_566' title='bbox 1023 2760 1063 2786; x_wconf 87' lang='lat' dir='ltr'>ab</span> <span class='ocrx_word' id='word_1_567' title='bbox 1085 2756 1241 2785; x_wconf 85' lang='lat' dir='ltr'>Oechalia</span> <span class='ocrx_word' id='word_1_568' title='bbox 1262 2756 1317 2783; x_wconf 75' lang='lat' dir='ltr'>vel</span> <span class='ocrx_word' id='word_1_569' title='bbox 1337 2755 1411 2782; x_wconf 88' lang='lat' dir='ltr'>inde</span> <span class='ocrx_word' id='word_1_570' title='bbox 1435 2761 1550 2783; x_wconf 89' lang='lat' dir='ltr'>nomeu</span> <span class='ocrx_word' id='word_1_571' title='bbox 1573 2753 1710 2782; x_wconf 78' lang='lat' dir='ltr'>victoris</span> 
     </span>
     <span class='ocr_line' id='line_1_100' title="bbox 908 2797 1410 2841; baseline -0.01 -9"><span class='ocrx_word' id='word_1_572' title='bbox 908 2803 1042 2838; x_wconf 81' lang='lat' dir='ltr'>accepit.</span> <span class='ocrx_word' id='word_1_573' title='bbox 1071 2817 1108 2822; x_wconf 84' lang='lat'>——</span> <span class='ocrx_word' id='word_1_574' title='bbox 1137 2809 1241 2841; x_wconf 82' lang='lat' dir='ltr'>asper</span> <span class='ocrx_word' id='word_1_575' title='bbox 1265 2800 1306 2830; x_wconf 84' lang='lat' dir='ltr'>cf.</span> <span class='ocrx_word' id='word_1_576' title='bbox 1333 2797 1410 2828; x_wconf 83' lang='grc'><strong>729.</strong></span> 
     </span>
    </p>

    <p class='ocr_par' dir='ltr' id='par_1_25' title="bbox 953 2842 1491 2882">
     <span class='ocr_line' id='line_1_101' title="bbox 953 2842 1491 2882; baseline -0.009 -5"><span class='ocrx_word' id='word_1_577' title='bbox 953 2846 1030 2877; x_wconf 81' lang='grc'><strong>649.</strong></span> <span class='ocrx_word' id='word_1_578' title='bbox 1056 2850 1103 2877; x_wconf 82' lang='grc' dir='ltr'>Β6</span> <span class='ocrx_word' id='word_1_579' title='bbox 1130 2849 1239 2876; x_wconf 88' lang='lat' dir='ltr'>Lauso</span> <span class='ocrx_word' id='word_1_580' title='bbox 1264 2846 1303 2875; x_wconf 85' lang='lat' dir='ltr'>cf.</span> <span class='ocrx_word' id='word_1_581' title='bbox 1333 2843 1389 2882; x_wconf 71' lang='lat'>10,</span> <span class='ocrx_word' id='word_1_582' title='bbox 1413 2842 1491 2873; x_wconf 76' lang='lat'><strong>789.</strong></span> 
     </span>
    </p>

    <p class='ocr_par' dir='ltr' id='par_1_26' title="bbox 906 2887 1711 3023">
     <span class='ocr_line' id='line_1_102' title="bbox 952 2887 1711 2932; baseline -0.007 -9"><span class='ocrx_word' id='word_1_583' title='bbox 952 2893 1029 2923; x_wconf 83' lang='lat'><strong>650.</strong></span> <span class='ocrx_word' id='word_1_584' title='bbox 1057 2890 1198 2932; x_wconf 70' lang='lat' dir='ltr'>excepto</span> <span class='ocrx_word' id='word_1_585' title='bbox 1224 2900 1366 2931; x_wconf 82' lang='lat' dir='ltr'>corpore</span> <span class='ocrx_word' id='word_1_586' title='bbox 1394 2887 1526 2920; x_wconf 80' lang='lat' dir='ltr'>Turni:</span> <span class='ocrx_word' id='word_1_587' title='bbox 1562 2898 1603 2919; x_wconf 85' lang='lat' dir='ltr'>ex</span> <span class='ocrx_word' id='word_1_588' title='bbox 1625 2897 1711 2919; x_wconf 84' lang='lat' dir='ltr'>more</span> 
     </span>
     <span class='ocr_line' id='line_1_103' title="bbox 906 2936 1711 2973; baseline -0.006 -3"><span class='ocrx_word' id='word_1_589' title='bbox 906 2941 1053 2969; x_wconf 84' lang='lat' dir='ltr'>Romano</span> <span class='ocrx_word' id='word_1_590' title='bbox 1078 2940 1160 2968; x_wconf 79' lang='lat' dir='ltr'>inter</span> <span class='ocrx_word' id='word_1_591' title='bbox 1184 2946 1301 2973; x_wconf 83' lang='lat' dir='ltr'>corpus</span> <span class='ocrx_word' id='word_1_592' title='bbox 1317 2942 1347 2966; x_wconf 84' lang='lat' dir='ltr'>et</span> <span class='ocrx_word' id='word_1_593' title='bbox 1365 2938 1512 2966; x_wconf 88' lang='lat' dir='ltr'>animum</span> <span class='ocrx_word' id='word_1_594' title='bbox 1538 2936 1711 2972; x_wconf 76' lang='lat' dir='ltr'>diligenter</span> 
     </span>
     <span class='ocr_line' id='line_1_104' title="bbox 907 2981 1438 3023; baseline -0.009 -7"><span class='ocrx_word' id='word_1_595' title='bbox 907 2986 1081 3023; x_wconf 75' lang='lat' dir='ltr'>distinguit.</span> <span class='ocrx_word' id='word_1_596' title='bbox 1104 2985 1144 3015; x_wconf 86' lang='lat' dir='ltr'>cs.</span> <span class='ocrx_word' id='word_1_597' title='bbox 1172 2987 1224 3013; x_wconf 83' lang='lat' dir='ltr'>Gr.</span> <span class='ocrx_word' id='word_1_598' title='bbox 1252 2984 1274 3017; x_wconf 65' lang='lat' dir='ltr'>S</span> <span class='ocrx_word' id='word_1_599' title='bbox 1299 2981 1383 3018; x_wconf 86' lang='grc'><strong>359,</strong></span> <span class='ocrx_word' id='word_1_600' title='bbox 1410 2981 1438 3011; x_wconf 85' lang='grc'>2.</span> 
     </span>
    </p>
   </div>
  </div>
 </body>
</html>
