2023 3350
671 102 908 135 AENEIDOS
941 104 1029 136 LIB.
1057 104 1152 137 VIII.

81 215 267 258 Litoreis
302 216 451 269 ingens
486 214 660 257 inventa
698 214 778 257 sub
812 215 984 257 ilicibus
1020 230 1103 268 sus,

79 274 279 327 Triginta
315 273 506 328 capitum
540 273 655 315 fetus
688 274 833 325 enixa,
869 273 1041 325 iacebit,

81 331 212 383 Alba,
249 332 341 373 solo
377 330 605 382 recubans,
642 331 731 373 albi
766 331 928 373 circum
961 330 1097 373 ubera
1133 332 1236 373 nati.

1677 334 1732 375 45

79 389 161 431 Hic
201 389 322 431 locus
356 387 476 430 urbis
517 389 615 440 erit,
656 389 827 443 requies
869 403 919 431 ea
954 393 1074 431 certa
1105 389 1323 432 laborum:

78 447 145 489 Ex
183 461 267 502 quo
309 450 376 489 ter
411 445 531 488 denis
568 446 719 489 urbem
755 446 1034 489 redeuntibus
1076 447 1200 489 annis

77 578 185 611 „Illud
218 577 483 611 antiquissimum
516 577 739 614 [portentum]
775 578 880 607 fuisse

76 623 243 658 scribitur,
279 624 361 657 (mod
387 632 444 652 sus
467 625 602 653 Aeneae
628 625 763 653 Lavinii
789 625 879 653 XXX

76 677 191 703 porcos
215 669 371 703 pepererit
396 671 499 698 albos.
550 672 662 705 Itaque
693 671 775 705 quod
807 679 879 705 por-

77 714 210 743 tenderit
235 714 355 743 factum
382 717 474 743 XXX
499 716 611 751 annis,
640 720 674 744 ut
698 716 880 745 Lavinien-

74 768 129 788 ses
165 760 362 789 condiderint
399 761 550 796 oppidum
586 762 716 791 Albam.
773 762 879 790 Huius

74 806 145 834 suis
168 814 207 835 ae
229 814 395 840 porcorum
420 807 517 836 etiam
543 816 629 837 :tunc
652 808 793 844 vestigia
821 815 881 842 ap-

75 856 185 886 parent
208 852 358 890 Lavinii,
396 855 478 888 quod
508 857 538 881 et
563 854 743 883 simulacra
768 862 878 882 eorum

73 901 199 926 ahenea
233 898 331 927 etiam
363 907 447 928 nunc
483 899 515 927 in
552 900 679 934 publico
710 900 815 935 posita
849 903 878 928 et

74 952 191 978 corpus
227 945 341 973 matris
375 947 415 973 ab
449 946 689 981 sacerdotibus,
726 947 809 980 (prod
845 946 878 974 in

74 991 208 1018 salsura
228 990 335 1026 fuerit,
355 990 626 1020 demonstratur-st
668 993 755 1020 Idem
773 992 877 1020 Varro

74 1037 138 1063 121..
169 1035 204 1071 5,
232 1033 296 1063 144
328 1039 407 1065 llaec
434 1039 546 1065 babet:
590 1038 770 1072 ..Oppidum
795 1038 876 1071 quod

75 1082 214 1116 primum
240 1083 403 1111 conditum
438 1083 472 1110 in
495 1083 589 1111 Latio
616 1083 728 1117 stirpis
756 1084 876 1111 Roma-

74 1135 152 1160 nae,
198 1125 398 1156 Lavinium.
459 1130 541 1157 Nam
579 1129 623 1157 ibi
661 1129 706 1156 dii
743 1133 876 1163 penates

72 1173 186 1201 nostri.
237 1175 304 1202 Hoc
327 1181 347 1202 a
364 1174 474 1202 Latini
500 1175 576 1209 fitia,
600 1181 683 1209 quae
705 1175 876 1203 coniuncta

71 1220 222 1252 Aeneae,
247 1220 409 1255 Lavinia,
436 1222 646 1254 appellatum.
696 1220 780 1249 Hinc
806 1224 876 1254 post

73 1265 207 1299 triginta
233 1272 338 1293 anuos
367 1266 518 1300 oppidum
546 1267 682 1294 alterum
713 1266 874 1294 conditum

76 1308 186 1345 Alba‚·
217 1311 248 1339 id
278 1313 318 1339 ab
342 1319 401 1340 sue
425 1313 502 1340 alba
528 1312 737 1340 nominatum.
788 1312 875 1341 Haec

71 1364 93 1384 a
124 1357 204 1385 navi
226 1358 360 1385 Aeneae
390 1365 487 1392 quum
520 1357 658 1393 fugisset
688 1357 875 1394 Lavinium,

72 1402 204 1436 triginta
227 1403 310 1437 parit
333 1411 463 1439 porcos,
491 1411 531 1431 ex
556 1405 614 1432 hoc
640 1403 783 1439 prodigio
804 1407 873 1437 post

72 1448 249 1477 Lavinium
289 1449 453 1477 conditum
493 1448 591 1477 alniis
631 1449 763 1484 triginta
796 1451 875 1477 haec

72 1496 151 1522 urbs
186 1494 289 1527 facta,
323 1499 449 1529 propter
479 1496 617 1524 colorem
652 1495 723 1523 suis
757 1498 784 1523 et
811 1495 874 1523 loci

71 1544 221 1568 naturam
246 1541 335 1568 Alba
360 1541 471 1576 Longa
507 1541 601 1569 dicta.
653 1541 737 1569 Hinc
772 1545 875 1569 mater

71 1585 203 1613 Romuli
240 1587 350 1619 Rhea,
397 1595 438 1615 ex
476 1588 537 1615 hac
573 1587 752 1623 Romulus,
799 1587 875 1616 hinc

70 1630 215 1667 Ron1a“;
253 1635 283 1660 et
311 1633 405 1667 Prop.
440 1629 477 1669 4,
516 1629 553 1668 1,
587 1630 647 1660 35:
700 1629 747 1660 Et
779 1629 875 1661 stetit

74 1673 163 1705 Alba
193 1678 335 1716 polens,
376 1674 480 1706 albae
516 1674 590 1706 suis
629 1674 743 1706 omine
774 1679 873 1706 nala.

70 1723 201 1751 ()rditur
231 1723 286 1757 qui
317 1723 459 1758 loquitur
493 1730 514 1751 a
546 1723 766 1757 confessione,
810 1731 874 1758 qua

70 1768 221 1797 divinum
255 1769 330 1797 dicit
366 1778 440 1798 esse
469 1769 634 1805 Aeneam,
679 1769 794 1798 transit
832 1771 873 1798 ad

71 1814 142 1842 eius
161 1815 285 1844 merita.
313 1819 439 1849 propter
463 1822 546 1849 quae
565 1816 694 1843 deorum
720 1816 872 1849 promittit

71 1859 254 1896 auxilium,
294 1861 375 1893 quod
412 1860 606 1894 promissum
640 1861 740 1889 simul
771 1861 873 1889 firmat

70 1905 228 1940 prodigio.
278 1907 328 1934 Ex
352 1908 411 1934 lioc
437 1906 600 1942 prodigio,
637 1908 720 1940 quod
751 1907 873 1935 eisdem

72 1958 174 1986 paene
210 1951 322 1979 verbis
364 1951 474 1985 repetit
518 1951 709 1987 Tiberinus,
756 1953 873 1986 quibus

72 1998 217 2025 Helenus
251 2000 319 2025 erat
352 1997 570 2034 vaticinatus,
612 1998 707 2026 deum
739 2002 874 2032 apparet

72 2045 153 2072 haec
177 2046 206 2071 et
232 2050 313 2071 vera
336 2042 434 2077 loqui.

118 2086 171 2116 47.
200 2085 425 2116 redeuntibus
450 2084 553 2115 annis
579 2087 618 2117 cf.
646 2087 681 2123 4,
708 2087 784 2116 556.

116 2135 243 2163 Versus
266 2131 431 2162 42—49:
471 2131 613 2172 Iamque.
641 2130 702 2161 libi
727 2149 763 2152 —
785 2141 873 2162 cano

71 2181 111 2209 ei.
142 2177 209 2208 Hn.
235 2176 286 2208 ΡΙ.
319 2177 379 2208 Rh.
430 2179 635 2213 [inprobandi
661 2183 751 2207 erant
776 2186 873 2208 caus-

71 2233 140 2262 sae,
164 2227 245 2260 quod
271 2234 301 2254 v.
330 2222 382 2253 42.
409 2223 462 2253 43.
487 2223 539 2253 44.
569 2222 621 2252 45.
649 2222 691 2252 46
716 2225 781 2253 iam
806 2225 872 2253 alio

71 2273 142 2300 loco
169 2271 243 2300 lecti
274 2275 399 2307 essent,
434 2279 536 2305 neque
561 2271 722 2306 Virgilius
755 2273 873 2299 soleret

70 2318 205 2346 eandem
229 2325 295 2345 rem
322 2317 436 2345 iisdem
458 2316 569 2345 verbis
596 2321 756 2350 repetere,
790 2317 872 2351 quod

72 2361 126 2392 47.
151 2360 193 2390 48
219 2363 354 2391 mutuati
379 2367 487 2391 essent
518 2371 535 2391 e
562 2362 644 2390 libro
674 2360 700 2395 1,
727 2360 812 2398 249ς
844 2366 872 2391 et

71 2405 165 2448 qnod
190 2405 244 2437 hic
269 2405 333 2436 tibi
364 2410 459 2437 certa
485 2405 608 2436 domus
637 2417 668 2437 v.
697 2405 737 2435 39
764 2412 791 2436 et
818 2405 873 2436 hic

71 2452 169 2483 locus
193 2450 288 2481 urbis
312 2451 396 2489 erit,
432 2451 568 2494 requies
593 2461 633 2481 ea
658 2456 753 2482 certa
778 2451 875 2482 tabo-

70 2507 146 2528 rum
175 2507 208 2528 v.
235 2496 276 2526 46
301 2501 474 2533 legeretur,
506 2499 558 2527 bis
583 2499 684 2531 idem:
722 2501 805 2534 quod
832 2507 872 2528 ex

72 2552 139 2585 qno
171 2554 235 2573 non
266 2548 372 2579 posset
403 2545 581 2579 explicari:
620 2546 703 2579 quod
733 2545 873 2574 ridicula

70 2594 157 2620 esset
172 2591 231 2619 illa
245 2591 453 2626 etymologia,
468 2590 630 2625 proposita
650 2599 680 2619 v.
699 2587 751 2627 48,
771 2599 873 2625 neque

70 2637 178 2666 nobile
202 2637 376 2672 quidquam
396 2640 482 2664 esset
504 2636 538 2664 in
561 2644 638 2667 sue:
666 2637 747 2670 quod
770 2645 802 2665 v.
831 2634 872 2664 46

71 2686 158 2712 esset
178 2681 274 2711 urbis
302 2686 330 2710 et
347 2680 388 2709 48
405 2679 543 2714 urbemn
567 2682 650 2716 quod
665 2690 695 2710 v.
717 2680 757 2709 39
778 2684 873 2710 certa

72 2726 196 2758 domus
219 2733 248 2757 et
275 2725 316 2755 46
345 2729 439 2755 certa
464 2724 616 2765 requieti,
650 2735 681 2755 v.
709 2724 750 2754 49
777 2724 874 2756 haud

72 2771 227 2809 incesta,-
250 2775 334 2808 quod
348 2782 379 2801 v.
398 2770 440 2800 46
461 2775 589 2801 abesset
605 2780 624 2800 a
644 2773 795 2802 Mediceo.
829 2774 873 2801 At

72 2822 153 2850 llaec
176 2821 305 2855 quidem
332 2825 453 2849 caussa
478 2818 560 2846 ninii
588 2819 692 2853 valet,
720 2819 748 2847 si
774 2819 874 2848 omis-

72 2873 131 2894 sus
154 2870 203 2894 est
226 2874 310 2895 {liius
335 2873 472 2901 versus,
506 2864 649 2892 omissus
681 2868 732 2892 est
755 2873 872 2893 errore.

73 2913 209 2941 Easdem
224 2916 333 2941 autem
358 2913 499 2940 voculas
511 2910 668 2938 brevibus
683 2911 783 2945 repeti
796 2918 873 2945 spa-

72 2958 128 2986 tiis
142 2958 275 2992 saepius
299 2958 385 2992 apud
409 2956 584 2993 Virgilium
608 2955 752 2984 vidimus
777 2957 817 2984 ad
844 2954 874 2991 6,

74 3000 160 3041 9013
192 3012 295 3040 neque
319 3004 351 3032 id
375 3004 538 3040 ingratum
562 3005 628 3040 est,
655 3002 685 3030 si
709 3009 749 3031 ea
772 3004 874 3031 verba

928 582 1003 607 sunt
1046 578 1276 607 usitatissima.
1345 578 1485 607 Romani
1522 581 1648 612 autem,
1697 582 1732 607 ut

928 629 1139 653 monstratum
1175 629 1222 653 est
1255 625 1295 653 ad
1334 632 1466 653 versum
1500 621 1554 652 42.
1608 625 1731 653 Albam

927 673 967 699 ab
992 670 1053 699 illa
1076 672 1152 704 alba
1175 679 1244 705 sue,
1270 677 1366 705 quam
1390 671 1525 699 Aeneas
1546 670 1730 707 invenerat,

927 724 1042 745 nomen
1083 717 1251 751 accepisse
1282 718 1455 751 putabant;
1500 723 1600 750 quare
1638 719 1731 750 poeta

927 762 1074 797 accipere
1099 763 1251 797 debeba13
1278 770 1380 796 neque
1402 762 1534 791 ridiculi
1555 762 1731 796 quidquam

927 808 1028 843 inest,
1072 812 1271 842 possuntque
1305 811 1435 836 nostrae
1474 808 1600 842 patriae
1632 810 1730 836 urbes

926 854 1045 889 afferri,
1064 862 1200 888 quarum
1218 853 1351 882 nomina
1365 862 1428 882 non
1445 853 1595 882 dicuntur
1611 856 1730 883 habere

926 900 1083 936 originem
1116 900 1317 928 nobiliorem.
1371 900 1453 928 Tum
1493 901 1534 928 ad
1568 897 1623 928 Ex
1661 907 1730 939 quo

926 947 1042 980 supple
1074 942 1163 981 Ioco,
1203 949 1233 974 et
1266 945 1375 973 omnia
1406 946 1541 974 habebis
1570 947 1670 980 plana
1699 948 1731 973 et

926 999 1019 1020 sana.
1068 992 1190 1019 Deinde
1211 995 1240 1019 et
1261 992 1343 1025 quod
1368 991 1503 1019 mutatis
1524 990 1634 1020 verbis
1653 999 1729 1019 sen—

926 1037 1027 1065 tentia
1051 1037 1165 1071 aliqua
1196 1037 1350 1071 repetitur
1383 1040 1413 1065 et
1439 1037 1523 1071 quod
1548 1036 1730 1065 immutatis

924 1083 1055 1111 affertur
1085 1084 1124 1111 ad
1156 1083 1401 1116 improbandum
1429 1083 1536 1111 locum
1567 1084 1730 1117 prolatum

924 1133 991 1163 est,
1022 1130 1077 1157 sed
1109 1129 1215 1156 altera
1247 1128 1329 1155 ratio
1355 1127 1437 1156 tollit
1462 1129 1610 1156 alteram.
1658 1129 1729 1156 Iam

924 1182 1001 1203 vero
1027 1179 1059 1202 ιιι
1086 1173 1297 1209 intelligatur,
1323 1180 1421 1207 quam
1448 1180 1547 1208 saepe
1564 1173 1729 1209 Virgilius

924 1222 1044 1254 repetat
1076 1227 1195 1247 versus
1223 1219 1388 1255 singulos,
1426 1220 1538 1254 plures
1565 1226 1728 1254 apponam

922 1267 1019 1301 locos,
1047 1265 1101 1293 ubi
1127 1265 1238 1299 repetit
1263 1272 1383 1293 versus
1409 1268 1492 1293 totos
1520 1269 1549 1294 et
1575 1265 1729 1293 immuta-

922 1315 981 1339 tos.
1031 1311 1085 1340 Sic
1120 1307 1154 1347 1,
1189 1308 1230 1338 30
1262 1310 1380 1347 legitur
1405 1313 1435 1338 et
1462 1308 1500 1346 3,
1530 1308 1585 1339 87.
1623 1307 1657 1347 1,
1683 1308 1728 1338 73

921 1361 950 1385 et
977 1353 1013 1391 4,
1043 1353 1124 1391 126,
1164 1353 1199 1391 1,
1227 1353 1291 1383 313
1323 1360 1351 1384 et
1384 1353 1443 1392 12,
1471 1354 1553 1392 165,
1589 1353 1622 1393 1,
1650 1353 1728 1385 434.

922 1399 987 1430 435
1014 1405 1042 1430 et
1069 1404 1104 1430 G.
1131 1399 1162 1437 4,
1193 1399 1376 1437 167.168;
1411 1399 1440 1438 1,
1466 1400 1614 1430 530-3
1639 1406 1669 1431 et
1697 1400 1727 1439 3,

922 1445 1133 1480 16:3—1662
1168 1443 1198 1480 1,
1224 1444 1288 1475 571
1315 1452 1343 1476 et
1366 1445 1402 1483 8,
1434 1445 1515 1483 171;
1549 1444 1580 1483 1,
1606 1444 1669 1476 601
1698 1452 1729 1476 et

920 1495 954 1522 E.
984 1493 1019 1529 5,
1050 1490 1110 1528 78,
1146 1490 1184 1529 1,
1211 1490 1276 1521 744
1311 1498 1342 1522 et
1374 1491 1409 1531 3,
1437 1491 1520 1529 516;
1557 1491 1593 1531 2,
1626 1491 1669 1522 54
1698 1497 1730 1522 et

920 1541 954 1568 E.
983 1536 1017 1576 1,
1047 1537 1106 1574 16,
1146 1536 1183 1573 2,
1207 1536 1273 1567 498
1299 1543 1328 1568 et
1355 1541 1390 1568 G.
1422 1536 1456 1575 l,
1481 1537 1562 1575 4823
1596 1538 1632 1575 2,
1660 1536 1727 1568 774

920 1589 949 1614 et
977 1583 1007 1621 3,
1035 1582 1095 1621 483
1127 1582 1158 1621 2,
1186 1582 1252 1612 775
1280 1589 1308 1614 et
1334 1583 1365 1622 3,
1393 1582 1455 1613 153
1480 1590 1508 1614 et
1533 1583 1565 1623 8,
1595 1583 1654 1621 35;
1696 1584 1727 1622 2,

920 1628 1069 1659 792-4
1097 1636 1125 1659 et
1154 1628 1185 1667 6,
1212 1629 1378 1665 700-2;
1405 1629 1435 1667 3,
1461 1629 1526 1659 472
1553 1635 1581 1660 et
1609 1629 1641 1668 8,
1665 1629 1727 1667 80;

921 1674 1049 1713 4,177
1077 1681 1104 1705 et
1132 1674 1190 1713 10,
1216 1675 1301 1713 767,
1328 1674 1366 1713 4,
1393 1674 1477 1713 285,
1514 1675 1533 1705 6
1555 1681 1583 1706 et
1606 1675 1644 1712 8,
1671 1675 1726 1705 20.

920 1721 981 1757 2Ι;
1017 1721 1048 1759 4,
1073 1720 1139 1750 288
1165 1726 1194 1751 et
1222 1720 1275 1759 12,
1300 1721 1384 1757 561;
1424 1719 1455 1757 4,
1484 1720 1550 1751 418
1576 1726 1606 1752 et
1632 1725 1667 1751 G.
1695 1720 1725 1759 1,

921 1767 1004 1801 3042
1049 1766 1079 1803 4,
1109 1765 1185 1796 445.
1214 1766 1232 1796 6
1259 1773 1287 1797 et
1314 1770 1348 1796 G.
1374 1766 1405 1803 2,
1427 1766 1504 1798 291.
1531 1766 1568 1803 23
1602 1766 1633 1803 4,
1659 1765 1725 1796 482

920 1819 947 1843 et
977 1813 1007 1849 6,
1034 1811 1118 1849 798·,
1153 1813 1183 1847 5,
1213 1810 1275 1841 143
1301 1818 1330 1842 et
1363 1811 1395 1848 8,
1422 1812 1506 1848 69ος
1542 1814 1574 1850 5,
1603 1812 1667 1841 606
1696 1818 1728 1842 et

920 1858 958 1893 9,
988 1858 1022 1894 2;
1057 1858 1093 1891 6,
1122 1857 1272 1887 306-8
1305 1863 1333 1888 et
1362 1861 1395 1888 G.
1424 1859 1459 1891 4,
1490 1856 1657 1894 475-7;
1696 1857 1726 1895 6,

921 1903 985 1933 429
1014 1910 1043 1934 et
1075 1902 1123 1939 11,
1152 1903 1213 1941 28,
1240 1903 1270 1941 6,
1297 1902 1373 1933 438.
1401 1903 1442 1933 39
1471 1910 1501 1934 et
1529 1907 1564 1934 G.
1590 1902 1619 1942 4,
1648 1902 1724 1933 479.

919 1950 980 1986 80;
1020 1950 1056 1984 6,
1082 1949 1145 1978 625
1173 1955 1201 1979 et
1229 1953 1263 1979 G.
1290 1949 1326 1987 2,
1354 1949 1414 1986 433
1453 1948 1491 1989 7,
1523 1948 1586 1978 641
1615 1955 1644 1980 et.
1672 1948 1725 1987 10,

923 1995 1003 2032 1633
1032 1995 1068 2031 7,
1095 1994 1161 2024 804
1186 2001 1216 2025 et
1240 1994 1299 2033 11,
1321 1994 1404 2030 433;
1433 1994 1470 2033 8,
1499 1994 1669 2025 449-53
1695 2000 1727 2025 et

920 2045 954 2071 G.
978 2040 1007 2076 4,
1038 2040 1200 2077 171—53
1228 2040 1258 2079 9,
1283 2040 1430 2070 104-6
1452 2040 1552 2079 etit),
1572 2039 1724 2077 113σ-5ς

920 2085 979 2121 10,
1006 2085 1082 2116 745.
1112 2086 1130 2114 6
1158 2093 1188 2116 et
1218 2086 1275 2124 12,
1303 2086 1379 2117 309.
1411 2086 1466 2123 10;
1505 2086 1562 2125 11,
1600 2085 1664 2116 831
1694 2093 1726 2117 et

918 2137 946 2161 et
979 2131 1035 2167 12,
1061 2131 1138 2160 952.
1167 2148 1204 2152 -
1233 2135 1336 2168 Saepe
1363 2142 1484 2162 versus
1509 2134 1635 2168 repetiit
1659 2142 1723 2163 uno

918 2180 1064 2207 alterove
1105 2181 1202 2206 verbo
1234 2183 1374 2213 iiiut-«1103
1418 2186 1484 2213 qua
1514 2179 1658 2208 maxime
1690 2188 1724 2207 re

916 2224 1052 2252 ostendit
1075 2228 1272 2258 quantopere
1301 2231 1430 2256 versus,
1458 2224 1513 2258 qui
1541 2226 1723 2261 placebant,

918 2274 1060 2304 repetere
1095 2270 1267 2297 amaverit.
1334 2271 1441 2303 Neque
1477 2270 1511 2297 hi
1550 2270 1613 2298 loci
1649 2274 1724 2297 sunt

921 2316 1025 2350 pauci.
1076 2315 1123 2343 Cf.
1153 2313 1185 2344 1.
1214 2312 1274 2342 101
1303 2318 1330 2343 et
1355 2312 1392 2351 8,
1424 2312 1506 2349 539,
1543 2311 1579 2351 1,
1608 2312 1669 2342 114
1693 2320 1724 2343 et

920 2359 950 2397 4,
980 2359 1061 2394 160·,
1097 2357 1125 2397 1,
1156 2358 1216 2388 127
1243 2364 1273 2389 et
1299 2363 1333 2389 G.
1362 2357 1394 2396 4,
1420 2358 1502 2394 352;
1540 2357 1569 2395 1,
1606 2358 1663 2388 161
1694 2365 1724 2389 et

920 2410 955 2436 G.
983 2404 1019 2443 4,
1044 2404 1125 2441 420;
1155 2404 1182 2443 1,
1208 2405 1272 2434 310
1293 2410 1322 2435 et
1350 2404 1380 2438 3,
1408 2403 1722 2440 229;1,431-3

920 2458 947 2481 et
971 2455 1006 2481 G.
1035 2450 1284 2488 4,162-64;
1315 2449 1342 2488 1,
1370 2450 1435 2479 482
1462 2456 1490 2480 et
1518 2450 1548 2487 6,
1573 2451 1658 2485 469;
1691 2450 1722 2488 2,

921 2496 983 2526 381
1012 2502 1041 2527 et
1069 2500 1103 2527 G.
1134 2496 1163 2530 3,
1191 2494 1274 2533 421;
1308 2496 1337 2531 2,
1362 2495 1426 2525 473
1454 2501 1483 2526 et
1509 2499 1544 2526 G.
1575 2495 1605 2532 3,
1637 2495 1722 2533 437;

920 2543 952 2580 3,
976 2542 1014 2571 12
1037 2548 1065 2573 et
1085 2542 1116 2577 8,
1142 2541 1458 2577 679ς3,192-5
1480 2547 1508 2571 et
1527 2543 1559 2579 5,
1579 2541 1720 2577 8-11;

920 2590 951 2626 5,
980 2587 1055 2618 137,
1081 2588 1124 2617 38
1149 2593 1179 2618 et
1203 2592 1238 2618 G.
1266 2588 1296 2625 3,
1324 2587 1397 2617 105.
1424 2587 1462 2623 63
1489 2589 1519 2619 5,
1550 2586 1622 2617 144.
1648 2588 1667 2615 5
1691 2593 1721 2617 et

921 2639 955 2665 G.
983 2634 1014 2669 3,
1042 2633 1116 2664 103.
1144 2633 1180 2666 4;
1214 2635 1245 2671 5,
1271 2632 1336 2662 744
1361 2639 1390 2663 et
1417 2633 1447 2669 9,
1473 2632 1557 2667 259,
1585 2632 1614 2668 6,
1644 2633 1719 2663 309.

922 2680 963 2710 10
985 2687 1014 2711 et
1039 2684 1075 2710 G.
1099 2678 1129 2712 4,
1156 2678 1232 2709 473.
1257 2679 1293 2715 4;
1320 2680 1350 2715 6,
1375 2678 1441 2707 660
1465 2684 1496 2708 et
1520 2678 1550 2715 7,
1580 2677 1660 2712 182:
1689 2679 1719 2713 6,

920 2725 986 2755 783
1013 2732 1042 2755 et
1067 2729 1100 2755 G.
1127 2724 1164 2763 2,
1194 2725 1276 2761 535;
1317 2723 1422 2761 7,14
1454 2730 1483 2754 et
1510 2727 1545 2754 G.
1574 2723 1609 2760 1,
1635 2724 1719 2759 294,

920 2771 951 2805 7,
978 2771 1044 2800 749
1071 2777 1099 2801 et
1125 2770 1155 2805 9,
1183 2770 1267 2806 6¹33
1302 2769 1333 2804 7,
1364 2768 1429 2798 764
1455 2775 1485 2800 et
1510 2769 1541 2805 9,
1570 2771 1653 2804 585ς
1688 2769 1719 2807 8,

926 2817 986 2847 149
1013 2822 1042 2847 et
1063 2820 1098 2846 G.
1127 2816 1161 2853 2,
1190 2815 1271 2853 1583
1313 2815 1350 2852 8,
1377 2814 1544 2845 449-51
1573 2821 1602 2846 et
1626 2819 1661 2845 G.
1689 2814 1719 2853 4,

924 2862 1087 2899 171-ἰὴ
1126 2861 1157 2898 8,
1183 2860 1249 2890 596
1283 2867 1311 2891 et
1341 2859 1393 2897 11,
1423 2860 1509 2897 875,
1541 2860 1663 2899 9,126
1690 2867 1720 2891 et

923 2908 975 2945 10,
1003 2907 1086 2942 276;
1127 2907 1157 2942 9,
1187 2906 1253 2936 572
1282 2912 1310 2937 et
1344 2905 1395 2944 10,
1422 2905 1506 2942 754;
1542 2906 1572 2943 9,
1599 2906 1663 2935 607
1690 2912 1719 2936 et

923 2958 958 2985 G.
987 2954 1023 2991 2,
1057 2952 1140 2987 472:
1179 2951 1234 2991 12,
1270 2951 1336 2981 720
1365 2958 1395 2982 et
1425 2956 1459 2982 G.
1494 2952 1529 2990 3,
1566 2952 1642 2982 220.
1679 2970 1716 2974 -

921 3002 1024 3031 Omisi
1049 3009 1104 3030 eos
1128 3002 1233 3039 locos,
1270 3007 1351 3035 quos
1375 3000 1453 3029 libri
1473 3002 1553 3029 Mss.
1576 3008 1641 3029 non
1663 3007 1718 3029 sa-
