2023 3350
182 90 264 129 328

746 92 781 122 P.
809 91 1005 126 VIRGILH
1032 94 1245 129 MAROMS

180 201 405 243 Proximus
444 205 492 243 ut
527 201 741 243 viridante
777 205 876 244 toro
911 206 1167 250 consederat
1204 208 1384 252 herbae:

181 258 365 305 Entelle,
411 258 590 299 heroum
624 259 841 311 quondam
873 261 1106 306 fortissime
1148 265 1322 319 frustra,

179 317 371 356 Tantane
405 319 493 356 tam
531 316 699 368 patiens
738 317 855 359 nullo
893 321 1127 362 certamine
1163 324 1261 364 tolli

178 374 303 414 Dona
344 373 482 413 sines?
528 372 601 413 ubi
639 387 750 414 nunc
785 374 908 416 nobis
951 375 1055 419 deus
1091 378 1167 420 1110
1206 380 1424 434 magister,

178 429 478 482 Nequidquam
509 434 774 472 memoratus
813 432 957 486 Eryx?
1003 434 1078 475 ubi
1111 435 1226 478 fama
1255 451 1331 491 per
1367 452 1537 480 omnem

177 487 441 527 Trinacriam
478 491 519 527 et
553 488 691 541 spolia
728 489 804 529 illa
839 490 925 531 tuis
962 492 1197 544 pendentia
1227 495 1383 536 tectis?

177 544 253 585 Ille
296 543 374 583 sub
416 543 540 585 haec:
590 546 687 586 Non
724 546 867 588 laudis
903 561 1044 601 amor,
1087 564 1165 591 nec
1205 551 1344 604 gloria
1378 552 1506 594 cessit

176 601 305 641 Pulsa
340 604 476 651 metu3
518 602 592 642 sed
635 603 743 643 enim
782 604 949 657 gelidus
987 606 1190 648 tardante
1222 612 1395 651 senecta

177 658 359 710 Sanguis
402 658 548 710 hebet,
595 658 838 715 frigentque
875 662 1027 706 effetae
1063 665 1107 705 in
1140 679 1320 719 corpore
1357 665 1480 708 vires.

177 716 220 757 Si
257 715 377 766 1111111,
419 729 527 769 quae
566 718 784 770 quondam
826 719 989 773 fuerat,

172 773 378 814 Exsultat
417 773 572 826 fidens,
620 775 656 815 si
697 790 808 817 1111110
842 776 954 820 foret
996 779 1072 820 illa
1109 780 1316 832 iuventas,

174 830 302 871 Haud
343 831 539 884 equidem
570 833 710 885 pretio
749 833 951 877 inductus
986 837 1257 891 pulchroque
1296 839 1474 881 iuvenco

173 888 533 940 Υο111330111ς-1100
576 890 690 932 dona
728 905 885 934 moror.

173 947 222 987 In
253 946 442 988 medium
478 947 669 1000 geminos
708 949 885 991 immani
921 952 1110 1005 pondere
1148 958 1318 995 caestus

171 1003 376 1055 Proiecit,
420 1004 575 1057 quibus
608 1019 708 1047 acer
747 1007 865 1061 Eryx
903 1008 947 1049 in
986 1010 1152 1063 proelia
1186 1015 1333 1052 suetus

171 1061 302 1102 Ferre
333 1075 523 1113 manum,
564 1062 761 1117 duroque
797 1065 1020 1108 intendere
1052 1067 1233 1109 brachia
1269 1072 1407 1122 tergo.

173 1118 431 1172 Obstipuere
472 1119 622 1161 animi:
662 1124 885 1163 tantorum
924 1123 1118 1177 ingentia
1155 1129 1320 1179 septem

171 1176 310 1229 Terga
347 1176 475 1218 boum
512 1177 688 1230 plumbo
723 1179 865 1221 insuto
902 1180 1104 1235 ferroque
1140 1183 1351 1236 rigebant.

172 1234 284 1274 Ante
324 1247 470 1276 omnes
511 1238 659 1288 stupet
690 1235 782 1289 ipse
818 1237 975 1290 Dares,

172 1291 559 1346 Magnanimusque
600 1293 881 1336 Anchisiades
917 1299 960 1337 et
992 1297 1162 1349 pondus
1203 1302 1245 1340 et
1278 1299 1374 1352 ipsa

170 1348 265 1389 Huc
301 1349 403 1390 illuc
439 1349 676 1391 vinclorum
708 1351 917 1394 immensa
953 1354 1170 1396 volumina
1208 1359 1364 1397 versat.

171 1406 277 1446 Tum
320 1407 462 1447 senior
499 1407 608 1448 tales
652 1407 870 1451 referebat
908 1415 1082 1464 pectore
1120 1426 1268 1454 voces:

171 1462 299 1514 Quid,
345 1464 381 1504 si
414 1464 509 1517 quis
545 1469 714 1507 caestus
749 1466 885 1520 ipsius
924 1471 967 1510 et

170 1593 208 1620 de
234 1592 370 1620 familiis
396 1592 546 1620 Troianis
571 1593 712 1631 scripsit,
735 1602 834 1623 uuum
852 1596 967 1624 Troia-

170 1646 283 1666 norum
315 1637 435 1674 fuisse,
475 1639 512 1666 de
538 1646 598 1672 quo
628 1639 701 1675 Vgl.
731 1644 831 1669 mutat
863 1642 967 1671 histo-

170 1683 285 1712 rian1.“
321 1685 352 1711 S.
394 1698 431 1702 —
471 1684 591 1712 Habuit
627 1684 724 1720 igitur
758 1686 785 1713 is
819 1688 966 1724 Erycem,

169 1729 223 1764 qui
253 1730 306 1758 vel
339 1737 411 1758 cum
443 1730 579 1758 Hercule
610 1732 798 1760 contendere
830 1738 877 1761 est
907 1741 966 1762 au-

168 1783 241 1807 sus,
268 1776 434 1811 pugilatus
458 1775 659 1811 magistrum.
688 1792 726 1795 —
758 1777 805 1805 Cf.
834 1775 861 1813 1,
888 1776 964 1807 570.

214 1819 291 1849 388.
325 1818 368 1850 Ut
393 1829 460 1849 rem
488 1821 595 1856 signat
623 1821 788 1851 fortuitam
806 1823 844 1852 cf.
863 1821 893 1860 7,
911 1822 964 1852 72.

170 1881 207 1886 —-
237 1868 333 1895 torus
360 1865 398 1895 cf.
427 1865 456 1902 6,
481 1864 556 1894 674.

215 1920 290 1950 389.
323 1919 521 1960 Quondam,
546 1932 631 1953 nuuc
657 1933 734 1953 vero
761 1933 823 1954 nou
850 1934 895 1954 es.
926 1942 962 1946 —

171 1966 337 2004 Frustra,
378 1968 451 2002 quid
480 1969 566 1997 enim
593 1971 719 2004 prodest
751 1972 838 2005 prior
869 1972 966 2011 sama,

167 2022 265 2049 quam
288 2021 374 2042 nuuc
399 2022 461 2042 11011
488 2018 576 2048 potes
601 2017 708 2044 tueri?

213 2068 289 2099 391.
315 2072 401 2098 Male
426 2076 581 2100 commate
604 2076 675 2107 post
701 2069 761 2101 ille
789 2077 817 2101 01
839 2081 965 2103 memo-

166 2118 267 2145 ratus
293 2116 396 2150 posito
424 2124 463 2145 ea
493 2118 616 2146 exstitit
642 2119 820 2155 sententia,
862 2124 895 2148 ut
928 2122 964 2149 de

167 2162 338 2191 divinitate
362 2162 478 2197 Erycis
509 2164 665 2192 dubitaret
694 2164 843 2193 Acestes,
894 2167 964 2195 Non

165 2208 195 2235 id
232 2208 326 2243 faci13
363 2209 419 2236 sed
451 2208 522 2237 sine
559 2216 680 2238 caussa
716 2210 851 2246 gloriari
886 2212 962 2241 dicit

166 2255 342 2289 Entellum,
380 2254 462 2287 quod
498 2254 561 2289 ipsi
596 2255 637 2283 sit
670 2255 726 2284 ille
759 2257 838 2285 deus
872 2258 963 2293 Eryx

163 2299 327 2334 magister.
376 2300 413 2327 In
449 2297 506 2329 ubi
526 2309 618 2329 mmc
640 2298 738 2329 nobis
761 2302 963 2337 gravissima

163 2342 246 2373 inest
277 2344 467 2380 obiurgatio.
517 2346 564 2374 Cf.
595 2348 673 2375 Stat.
699 2347 795 2375 Theb.
828 2345 866 2384 8,
896 2346 960 2376 672

168 2387 233 2419 Ubi
260 2391 377 2418 autem
405 2388 575 2431 egregius
606 2388 678 2420 dux
704 2389 763 2421 ille
783 2388 894 2422 mihi?

211 2444 286 2475 393.
312 2448 359 2475 De
382 2455 418 2475 eo
444 2455 531 2476 inore
556 2447 594 2476 cf.
622 2445 652 2485 7,
679 2444 756 2476 183.

206 2501 282 2532 395.
307 2500 414 2542 pulsa
435 2500 536 2532 cessit
560 2507 593 2531 ut
619 2501 694 2532 305.
716 2519 754 2524 —
781 2501 852 2533 Sed
871 2502 961 2534 enim

160 2541 271 2583 (ἀλλὰ
308 2542 397 2586 γὰρ)
433 2549 494 2577 duo
531 2549 639 2585 signat
677 2549 711 2578 111
746 2558 846 2579 unum
883 2559 959 2580 con-

161 2598 264 2623 tracta
288 2602 360 2622 esse
384 2594 570 2630 enuntiata,
603 2596 742 2624 alterum
766 2596 865 2630 priori
894 2597 959 2625 ali-

161 2640 237 2673 quid
262 2648 443 2676 opponeuS,
484 2641 622 2669 alterum
646 2641 718 2670 eius
745 2642 958 2676 oppositionis

161 2686 327 2713 continens
352 2692 515 2714 caussam.
564 2687 614 2714 Ita
640 2688 670 2714 h.
690 2688 727 2715 1.;
755 2688 824 2715 Non
849 2688 956 2716 laudis

160 2736 250 2758 amor
271 2731 371 2759 cessit
394 2732 450 2759 sed
474 2731 580 2769 vireS,
614 2732 742 2768 gelidus
767 2733 853 2761 0111111
879 2740 957 2762 sau-

160 2775 234 2811 guis
266 2777 358 2803 hebet
391 2780 562 2805 senectute.
611 2779 662 2806 Ita
684 2774 713 2815 1,
741 2775 781 2806 19
820 2775 955 2817 Siqua

154 2818 240 2857 fata
266 2817 404 2856 sinant,
437 2819 497 2850 sed
522 2830 585 2850 non
610 2823 718 2852 sinere
752 2830 792 2852 ea
821 2824 954 2861 sciebat,

159 2862 325 2894 audierat
350 2863 450 2894 enim.
499 2867 546 2896 Cf.
574 2865 604 2903 2,
631 2866 706 2897 164.
744 2867 774 2905 6,
801 2866 854 2897 28.
894 2872 953 2898 ov.

159 2912 201 2938 Μ.
231 2908 258 2947 1,
285 2908 361 2938 530.
398 2910 428 2943 5,
455 2910 530 2940 636.
568 2911 599 2949 6,
628 2911 701 2942 152.
731 2911 761 2949 9,
789 2912 864 2942 248.
903 2913 954 2950 13,

163 2952 236 2984 141.
272 2957 306 2983 F.
334 2955 366 2991 5,
390 2953 454 2983 529
481 2962 538 2986 etc.
588 2960 637 2987 Ita
662 2962 702 2989 at
727 2957 837 2995 enim,
868 2957 954 2998 qnid

159 2997 247 3028 enim
279 3006 351 3030 sunt
377 3002 580 3036 explicanda.
630 3005 677 3034 Cf.
702 3006 753 3033 Gr.
779 3005 801 3040 g
826 3003 903 3043 485,
923 3003 952 3034 2.

1740 329 1823 368 390

1737 613 1818 652 395

1033 736 1203 776 quaque
1241 723 1465 777 improbus
1503 724 1586 766 iste

946 893 1016 935 Sic
1055 894 1210 937 deinde
1250 896 1421 938 locutus
1732 898 1816 938 400

1731 1183 1816 1222 405

1020 1239 1235 1294 longeque
1270 1243 1462 1282 recusat:

1004 1469 1203 1513 Herculis
1235 1483 1357 1512 arma
1731 1467 1815 1506 410

1017 1613 1054 1616 —
1084 1595 1252 1628 tardante
1275 1598 1429 1627 senecta:
1460 1596 1513 1626 Sic
1541 1603 1628 1625 aevo
1650 1592 1818 1625 tardante

1014 1645 1092 1672 Stat.
1119 1645 1215 1673 Theb.
1242 1642 1272 1681 6,
1302 1641 1380 1671 559.

1061 1686 1136 1717 396.
1165 1687 1273 1718 Hebet
1296 1697 1347 1724 ap.
1372 1688 1446 1723 Ygl.
1476 1687 1612 1721 primum
1638 1685 1765 1722 legitur.

1062 1732 1139 1766 397,
1168 1732 1368 1774 Improbus,
1417 1733 1586 1767 impudens
1625 1732 1703 1768 „qui
1741 1731 1812 1760 sine

1014 1780 1186 1809 certamine
1213 1782 1353 1815 postulat
1381 1776 1593 1814 praemiumx‘
1619 1779 1651 1806 S.

1061 1823 1137 1854 398.
1165 1823 1326 1855 iuventas
1351 1825 1390 1854 cf.
1414 1822 1442 1861 1,
1462 1822 1539 1852 590.

1061 1869 1137 1899 399.
1165 1872 1257 1900 Talis
1284 1872 1316 1900 in
1342 1879 1420 1899 sene
1444 1869 1613 1898 excusatio
1636 1872 1665 1897 et
1691 1868 1811 1897 virium

1014 1917 1157 1945 laudatio
1184 1917 1317 1951 saepius
1341 1916 1523 1952 invenitur,
1554 1918 1588 1943 ut
1611 1914 1756 1943 Evandri
1777 1911 1810 1951 8,

1013 1960 1092 1999 5611,
1124 1963 1268 1991 Nestoris
1290 1964 1380 1990 Hom.
1408 1963 1445 1990 Il.
1479 1958 1510 1996 7,
1540 1958 1613 1989 132.
1652 1957 1705 1996 11,
1734 1957 1811 1988 669.

1013 2005 1066 2043 23,
1092 2005 1167 2045 629,
1194 2010 1330 2037 Laertae
1354 2008 1410 2036 Od.
1434 2003 1488 2043 24,
1508 2003 1584 2034 375.

1059 2052 1136 2082 400.
1166 2051 1237 2082 Nec
1264 2061 1394 2089 moror,
1431 2053 1450 2081 i.
1477 2060 1504 2080 e.
1530 2055 1707 2081 contemno.
1757 2049 1811 2079 Sic

1012 2106 1063 2133 ap.
1089 2100 1240 2128 Plautum
1263 2104 1293 2128 et
1316 2099 1495 2128 Horatium.
1536 2112 1574 2117 —
1619 2092 1745 2124 deinde
1770 2095 1809 2124 cf.

1015 2142 1065 2172 14.
1101 2160 1139 2164 -
1183 2146 1322 2174 Caesius
1347 2144 1453 2174 attulit
1477 2143 1626 2171 Entellus
1650 2145 1811 2177 pugnatu-

1011 2198 1085 2225 rus;
1112 2192 1167 2219 sed
1185 2193 1288 2220 Dares
1313 2191 1342 2219 ei
1366 2189 1508 2219 validior
1531 2188 1701 2216 videbatur
1724 2194 1808 2225 esse,

1013 2243 1110 2270 quam
1142 2244 1277 2271 quocum
1302 2240 1410 2271 posset
1438 2234 1637 2264 contendere.

1056 2290 1133 2321 401.
1160 2290 1306 2321 immani
1328 2288 1483 2332 pondere
1508 2290 1546 2319 cf.
1575 2288 1650 2319 372.

1055 2346 1132 2377 403.
1160 2346 1286 2388 quibus
1392 2349 1538 2387 duroque
1571 2347 1609 2376 cf.
1645 2345 1703 2385 12,
1730 2345 1807 2376 944.

1012 2409 1050 2414 -—
1086 2391 1266 2423 intendere
1303 2390 1448 2422 brachia
1474 2395 1575 2433 tergo
1609 2393 1646 2422 cf.
1670 2391 1707 2431 4,
1731 2391 1808 2422 506.

1013 2436 1066 2468 Pl.
1091 2439 1173 2468 coni.
1197 2436 1363 2478 durisque
1387 2435 1409 2467 i.
1433 2435 1464 2466 b.
1485 2435 1581 2467 loris.
1619 2436 1682 2468 Hb.
1708 2443 1807 2469 totum

1009 2485 1251 2514 hemistichium
1275 2486 1347 2514 vult
1373 2486 1500 2513 abesse.

1054 2538 1130 2570 404.
1158 2543 1355 2571 tantorum.-
1394 2542 1472 2569 Post
1501 2548 1534 2569 v.
1567 2541 1706 2577 tantus,
1743 2542 1806 2579 tot,

1006 2587 1096 2624 tam,
1126 2584 1211 2616 talis
1241 2587 1402 2622 particula
1432 2593 1570 2615 caussae
1597 2588 1677 2616 solet
1701 2587 1807 2616 omitti

1005 2632 1044 2661 cf.
1084 2630 1123 2661 7.
1155 2630 1230 2661 328.
1258 2630 1334 2661 447.
1387 2629 1443 2668 11,
1470 2630 1547 2660 548.
1593 2634 1629 2661 G.
1665 2630 1697 2669 1,
1725 2630 1801 2662 449.

1006 2679 1039 2707 C.
1067 2679 1159 2706 Lael.
1187 2676 1218 2715 7,
1245 2676 1297 2707 23.
1343 2693 1380 2697 —-
1428 2678 1576 2706 Imitatur
1603 2680 1682 2708 Stat.
1704 2679 1801 2707 Theb.

1005 2722 1040 2759 6,
1079 2721 1144 2751 732
1198 2722 1248 2752 Αο
1298 2720 1379 2752 dum
1433 2720 1621 2764 nigrantia
1661 2720 1828 2762 plumbo-

1004 2766 1163 2809 tegmiua
1188 2766 1300 2798 cruda
1326 2766 1438 2805 boum,
1461 2777 1527 2797 non
1553 2766 1692 2797 mollior
1714 2765 1802 2807 ipse,

1003 2811 1142 2843 lacertis
1186 2811 1365 2851 induitur,
1425 2811 1632 2854 obstupuere
1678 2811 1802 2851 animi,

996 2856 1154 2899 fecitque
1187 2856 1329 2889 silentia
1362 2861 1485 2888 terror.
1532 2861 1583 2887 Ex
1615 2859 1716 2887 Statio
1748 2856 1800 2889 Pl.

1002 2905 1127 2933 retulit:
1168 2905 1267 2934 tanto
1305 2901 1493 2945 nigrantia
1522 2902 1664 2944 plumbo
1696 2906 1801 2944 terga

1002 2947 1121 2986 boum,
1150 2950 1181 2978 id
1203 2955 1251 2978 est
1276 2954 1362 2978 tanto
1388 2951 1516 2984 plumbo
1539 2954 1712 2986 gravatum
1738 2955 1798 2980 est.

1048 3003 1124 3035 410.
1151 3007 1278 3044 „Arma
1302 3006 1322 3035 i.
1342 3014 1369 3035 e.
1394 3003 1557 3035 caestus.“
1581 3008 1612 3034 S.
