2023 3350
23 3077 31 3093 4πι

23 3094 31 3118 ξι

30 3122 31 3130 l

30 3190 31 3197 l

141 231 337 274 Concilia
371 229 651 285 Elysiumque
686 229 793 271 colo.

141 289 377 343 Nigrarum
415 288 550 329 multo
590 287 806 341 pecudum
845 290 890 329 te
929 286 1138 341 sanguine
1176 286 1316 328 ducet.

139 463 197 504 Et
235 475 303 504 me
338 475 492 504 saevus
531 461 654 515 equis
695 460 847 503 Oriens
885 460 1065 502 adflavit
1103 460 1282 501 anhelis.

141 752 513 806 Pergameumque
544 750 702 792 Larem
738 754 780 792 et
817 764 950 792 canae

140 810 275 852 Farre
314 809 385 863 pio
426 812 469 850 et
502 808 631 863 plena
665 808 847 862 supplex
887 811 1120 861 veneratur
1163 820 1326 848 acerra.

140 925 198 967 Et
235 925 350 967 Iovis
385 924 617 978 imperium
653 928 696 966 et
731 924 822 966 cari
858 926 1095 978 praecepta
1126 922 1322 976 parentis

141 983 323 1034 Edocet,
367 985 410 1024 et
441 996 552 1037 quae
590 996 704 1023 nunc
745 982 887 1024 animo
925 980 1142 1022 sententia
1176 982 1357 1021 constet.

143 1040 274 1082 Haud
308 1054 433 1082 mora
473 1040 682 1091 consiliis,
727 1053 806 1081 nec
837 1040 956 1080 iussa

755 115 992 148 AENEmos
1023 116 1111 148 Lm.
1136 116 1177 147 v.
1719 118 1802 159 255

854 228 950 271 Huc
983 231 1106 270 casta
1136 227 1304 282 Sibylla
1719 233 1800 273 735

141 347 251 389 Tum
285 360 419 401 genus
461 359 587 387 omne
628 349 752 387 tuum
795 349 839 387 et
876 358 987 398 quae
1023 344 1181 386 dentur
1217 343 1389 386 moenia
1422 343 1574 387 disces.

139 404 320 459 Iamque
359 404 474 456 vale,
514 407 692 457 torquet
729 403 895 445 medios
932 403 1030 444 Nox
1064 402 1243 444 humida
1284 416 1453 455 cursus;

139 521 340 572 Dixerat,
385 523 427 561 et
460 523 611 561 tenues
651 518 784 573 fugit,
832 532 909 560 ceu
948 518 1113 569 fumus,
1156 517 1201 558 in
1240 530 1382 558 auras.
1720 521 1803 560 740

139 580 334 628 Aeneas,
381 577 472 628 Quo
518 577 672 618 deinde
709 577 800 619 ruis
814 577 833 618 ἶ)
883 588 968 629 quo
1007 575 1224 630 proripis?
1268 575 1420 628 inquit,

140 636 278 687 Quem
309 635 453 689 fugis?
505 638 581 676 aut
626 635 723 688 quis
763 638 807 676 te
842 634 1005 676 nostris
1048 632 1347 687 complexibus
1385 634 1536 674 arcet?

139 694 258 736 Haec
295 707 539 735 memorans
583 693 770 734 cinerem
808 696 852 734 et
889 692 1056 746 sopitos
1089 691 1274 732 suscitat
1309 690 1445 743 ignes,

990 749 1232 803 penetralia
1268 748 1427 790 Vestae

1719 809 1801 848 745

254 867 484 921 Extemplo
518 867 659 908 socios
694 867 969 920 primumque
1007 864 1190 906 arcessit
1225 864 1421 915 Acesten,

991 1039 1164 1079 recusat
1198 1038 1388 1078 Acestes.

142 1098 455 1141 Transcribunt
493 1097 593 1140 urbi
636 1101 823 1149 matres,
869 1096 1167 1151 populumque
1203 1094 1420 1135 volentem
1720 1096 1803 1135 750

142 1265 204 1293 duo
235 1267 469 1299 memorentur;
508 1269 549 1291 ve
574 1266 682 1291 autem
707 1265 781 1290 ante
805 1269 825 1288 u
852 1259 950 1290 facile

142 1310 243 1346 potuit
264 1309 443 1339 absorberi.
493 1306 655 1338 tristesve
687 1304 773 1347 Wg.
803 1302 866 1335 La.

189 1364 268 1395 735.
296 1368 396 1396 casta
421 1366 461 1396 cf.
490 1363 521 1403 6,
545 1362 623 1393 661.

188 1421 266 1452 736.
299 1420 438 1464 Nigrae
461 1418 611 1461 pecudes
637 1420 754 1450 Inferis
778 1420 950 1448 immolan-

144 1474 196 1498 tur
218 1474 248 1498 et
270 1468 538 1504 Tempestatibus.
564 1467 611 1496 Cf.
632 1465 661 1501 3,
687 1463 759 1494 118.
789 1481 827 1485 —-
858 1464 950 1493 San-

142 1512 255 1555 guine
288 1523 335 1545 sc.
370 1514 577 1544 victimarum
609 1512 744 1548 efficiet,
786 1516 820 1540 ut
850 1516 880 1540 te
911 1512 951 1540 ad

146 1561 299 1597 Elysium
321 1562 436 1590 ducere
458 1560 566 1589 liceat.
604 1574 643 1578 —
680 1560 751 1587 Iam
776 1561 868 1592 parat
893 1565 951 1586 ex-

143 1607 378 1642 spectationem
417 1604 695 1641 praestantissimi
733 1605 797 1633 loci
830 1604 952 1632 Roma-

145 1661 249 1688 noque
283 1652 520 1688 acceptissimi,
561 1651 595 1680 in
631 1658 693 1686 quo
729 1651 952 1679 Romanorum

145 1705 282 1736 magnos
300 1699 391 1729 viros
413 1701 592 1727 enumerat.

190 1753 268 1785 737.
294 1763 422 1797 genus,
438 1756 605 1784 Romanos
624 1770 662 1774 —
682 1750 833 1789 moenia,
848 1753 954 1781 Roma

145 1801 185 1831 cf.
214 1801 245 1840 6,
269 1799 346 1830 782.
397 1802 490 1838 „Hae
523 1806 599 1830 sunt
631 1807 788 1836 caussae,
824 1803 954 1833 propter

147 1854 231 1882 quas
253 1848 388 1877 Aeneas
408 1848 573 1876 descendit
600 1848 641 1875 ad
666 1846 798 1881 inferos,
824 1845 953 1881 generis

146 1893 272 1929 agnitio
297 1898 328 1922 et
356 1893 503 1923 civitatis
527 1900 661 1929 nomen3
704 1892 786 1927 ‹ptod
815 1891 845 1919 ei
879 1892 954 1919 nul-

148 1941 203 1968 lus
227 1946 372 1974 unquam
396 1939 612 1975 praedixerat,
632 1940 689 1967 sed
712 1939 804 1966 solus
832 1936 954 1966 indicat

149 1989 250 2020 pater.
304 1986 397 2014 Latet
431 1985 518 2013 enim
554 1992 669 2013 verum
701 1984 792 2012 urbis
828 1990 953 2019 nomen,

147 2032 233 2060 unde
263 2034 294 2060 et
318 2035 409 2066 pater
427 2030 523 2066 quasi
546 2038 603 2065 pro
624 2029 779 2066 mysterio
804 2028 866 2057 ait:
887 2026 954 2057 illa

148 2073 286 2106 incluta
313 2074 426 2106 Roma
453 2075 483 2114 (i,
509 2073 610 2104 782st
631 2078 663 2104 S.

193 2130 270 2162 739.
302 2129 427 2162 Oriens
454 2130 599 2172 afflavit
622 2137 657 2161 ut
676 2134 711 2161 G.
733 2128 764 2169 1,
790 2129 856 2159 250
887 2127 958 2160 Nos

144 2176 205 2208 ubi
226 2176 366 2220 primus
389 2177 488 2219 cquis
518 2175 642 2207 Oriens
667 2176 819 2217 adflavit
852 2173 958 2205 anhe-

149 2221 206 2254 tis.
253 2226 303 2254 Ita
336 2221 461 2254 Oriens
485 2229 533 2254 est
554 2226 603 2254 sol
628 2222 682 2253 42.
724 2226 783 2253 Ov.
810 2224 898 2252 Fast.
928 2219 956 2260 1,

149 2269 228 2299 653.
255 2286 294 2290 —
322 2272 436 2306 Itaque
455 2276 522 2300 est:
559 2272 630 2300 Iam
658 2270 851 2306 propinquat
875 2269 955 2305 dies,

151 2323 230 2345 nam
255 2317 344 2346 Solis
370 2317 446 2352 equi
471 2319 583 2346 lumen
613 2316 711 2345 elatis
743 2316 879 2345 naribus
909 2314 957 2343 ef-

152 2361 229 2391 flant
250 2360 301 2399 12,
324 2359 397 2391 115.
423 2364 462 2391 In
485 2363 704 2399 circoautem
726 2369 825 2397 saepe
851 2368 954 2396 equus

150 2415 269 2442 equum
289 2409 437 2437 anhelitu
462 2411 596 2446 urgebat
617 2408 656 2438 cf.
684 2410 719 2437 G.
747 2406 778 2445 3,
803 2405 882 2443 1113
905 2410 954 2435 at-

149 2462 211 2488 que
243 2454 316 2482 inde
339 2455 435 2483 ducta
464 2459 513 2483 est
545 2455 756 2490 comparatio.
790 2469 828 2473 ——
867 2453 955 2481 Solis

153 2499 228 2534 equi
254 2500 416 2528 constanti
437 2501 577 2535 epitheto
601 2500 714 2529 anheli
740 2500 892 2529 dicuntur
915 2498 954 2528 cf.

152 2546 215 2576 Ov.
236 2546 313 2574 Met.
334 2544 373 2583 4,
398 2543 482 2583 632,
517 2548 555 2575 ob
590 2554 663 2575 eam
691 2554 756 2581 qua
780 2546 880 2574 fertur
901 2546 958 2573 Sol

153 2590 368 2626 rapiditatem.
389 2606 428 2611 —-
455 2593 585 2621 Saevus
610 2593 661 2621 sol
678 2592 796 2621 dicitur
819 2593 859 2620 ab
884 2591 957 2620 An-

154 2637 255 2674 chise,
278 2638 363 2672 quod
384 2639 516 2666 umbras
541 2638 643 2672 pellit.
693 2640 826 2672 Semper
849 2641 958 2666 autem

152 2683 260 2712 valuit
297 2683 406 2718 opinio
446 2687 645 2712 mortuorum
678 2686 812 2713 umbras
849 2683 962 2719 fugere

152 2730 270 2759 lucem.
321 2729 375 2758 Sic
402 2735 454 2764 ap.
483 2730 597 2758 Claud.
623 2729 701 2758 talis
728 2726 819 2759 dixit
845 2730 878 2758 et
903 2727 962 2766 af-

144 2772 262 2814 flatus
288 2772 402 2803 vicino
433 2772 515 2804 Sole
538 2772 679 2815 refugit
714 2776 750 2803 B.
772 2775 855 2803 Gild.
883 2772 960 2803 348.

155 2821 228 2849 Val.
256 2821 303 2849 Fi.
328 2819 358 2857 3,
383 2818 448 2849 213
477 2818 664 2860 Trepidam
697 2817 878 2850 Phaethon
904 2818 962 2859 af-

144 2863 254 2905 flavit
279 2864 322 2895 ab
350 2864 425 2896 alto
452 2863 677 2906 Tisiphonen.

199 2909 276 2941 740.
304 2915 424 2942 tenues
449 2910 484 2941 in
510 2920 620 2941 auras
649 2912 688 2942 cf.
708 2908 786 2940 861.
822 2909 853 2949 2,
880 2909 957 2940 791.

155 2959 191 2986 G.
216 2956 247 2995 4,
274 2956 353 2987 499.

200 3000 277 3032 741.
305 3001 432 3033 deinde
458 3003 497 3033 cf.
526 3001 575 3032 14.
607 3018 644 3023 —
673 3000 829 3043 proripis
853 3003 892 3033 cf.
917 3004 958 3032 ad

157 3045 188 3085 2,
212 3047 277 3077 492
302 3054 332 3079 et
362 3047 389 3088 1,
420 3047 492 3078 104.

1045 1256 1122 1287 743.
1149 1258 1276 1293 Ubique
1302 1263 1372 1293 post
1396 1258 1508 1287 visum
1534 1264 1631 1287 sacra
1657 1257 1732 1287 fiunt
1765 1258 1805 1287 cf.

998 1303 1028 1341 3,
1057 1302 1133 1333 177.
1169 1320 1207 1324 -
1244 1303 1376 1345 sopitos
1401 1303 1550 1333 suscitat
1575 1301 1679 1344 ignes
1709 1304 1749 1333 cf.
1773 1302 1806 1341 8,

1044 1394 1122 1425 744.
1149 1404 1239 1425 cana
1271 1394 1377 1425 l'esta
1401 1399 1434 1424 ut
1462 1392 1492 1431 9,
1515 1392 1591 1424 259.
1625 1395 1672 1425 Cf.
1694 1392 1722 1424 l.
1740 1393 1806 1423 292

998 1451 1090 1471 cana
1121 1439 1238 1472 Fides.
1288 1443 1341 1471 Sic
1373 1442 1478 1470 Varro
1514 1443 1580 1470 Sat.
1614 1441 1652 1470 fr.
1683 1440 1737 1477 31,
1764 1439 1805 1469 29

997 1490 1045 1517 ed.
1072 1490 1162 1517 Oehl.
1197 1497 1287 1517 cana
1325 1485 1465 1516 Veritas
1490 1485 1624 1516 Atticen-
1649 1485 1808 1527 philoso-

996 1531 1106 1574 phiae
1131 1532 1299 1570 alnmna5
1323 1534 1451 1563 videtur
1476 1541 1550 1562 esse
1575 1541 1674 1570 pura,
1701 1535 1808 1562 incor-

998 1585 1109 1617 rupta,
1136 1580 1299 1617 infucata,
1332 1584 1442 1613 casta,
1477 1584 1602 1609 sancta.
1638 1595 1682 1599 —
1718 1581 1807 1614 Quod

998 1627 1103 1655 Vesta
1128 1627 1309 1655 Penatibus
1343 1627 1454 1655 iuncta
1484 1626 1601 1655 colitur
1630 1625 1670 1655 cf.
1698 1625 1729 1660 3,
1756 1625 1805 1655 12.

1000 1675 1099 1702 Macr.
1126 1672 1156 1709 3,
1182 1671 1211 1701 4.
1241 1688 1279 1692 -
1319 1669 1454 1701 Larem.
1500 1673 1604 1700 Lares
1628 1679 1726 1706 saepe
1752 1681 1807 1707 pro

1000 1719 1177 1747 Penatibus
1210 1719 1331 1748 dictum
1373 1718 1411 1748 cf.
1449 1715 1485 1755 1,
1517 1716 1584 1746 704
1626 1718 1808 1754 [siquidem

1000 1765 1142 1793 Romani
1175 1765 1367 1801 discrimen,
1405 1765 1488 1799 qnod
1528 1764 1613 1792 inter
1654 1770 1808 1799 utrosque

1001 1811 1171 1841 statuitur.
1209 1811 1339 1839 omnino
1375 1810 1555 1845 tenebant).
1612 1811 1679 1839 Lar
1709 1811 1808 1840 etiam

1000 1857 1164 1893 singulari
1197 1857 1333 1890 dicitur,
1370 1864 1434 1884 non
1460 1857 1612 1884 Penates.
1662 1857 1722 1885 His
1747 1864 1807 1886 au—

1001 1907 1064 1931 tem
1090 1903 1153 1930 diis
1177 1902 1263 1931 farre
1288 1906 1316 1931 et
1339 1906 1408 1930 ture
1433 1902 1639 1936 supplicatur
1665 1902 1703 1932 cf.
1729 1904 1806 1931 Hor.

1002 1949 1036 1978 C.
1069 1946 1103 1985 3,
1132 1946 1193 1985 23,
1222 1947 1239 1976 3
1272 1946 1301 1977 si
1334 1951 1410 1977 ture
1439 1946 1598 1987 placaris
1632 1950 1663 1977 et
1695 1946 1808 1978 horna

994 1993 1110 2034 fruge
1141 1991 1250 2023 Lares
1277 1991 1455 2033 avidaque
1479 2002 1599 2032 porca.
1654 1992 1691 2022 19
1723 1992 1810 2024 mol-

1001 2038 1079 2069 livit
1111 2048 1253 2069 aversos
1290 2037 1439 2069 Penates
1464 2038 1570 2078 farre
1601 2037 1660 2079 pio
1691 2042 1723 2070 et
1753 2049 1809 2069 sa-

1005 2082 1112 2114 liente
1135 2083 1239 2114 mica.
1260 2102 1305 2105 —
1329 2082 1549 2125 penetralia:
1570 2087 1737 2121 Templum
1754 2088 1809 2116 vel

1004 2132 1164 2160 sacellum
1188 2131 1297 2166 ipsum
1322 2132 1456 2160 Aeneas
1481 2137 1672 2168 veneratur,
1706 2141 1809 2167 neque

1005 2177 1091 2205 enini
1125 2177 1233 2213 imago
1272 2178 1414 2214 Vestae,
1454 2178 1562 2212 qualis
1596 2178 1694 2207 Laris
1734 2186 1809 2208 esse

1005 2223 1139 2251 solebat.

1051 2265 1128 2296 745.
1154 2268 1202 2296 De
1227 2265 1326 2302 farre
1349 2263 1410 2306 pio
1434 2267 1473 2296 cf.
1503 2263 1533 2304 4,
1553 2265 1630 2296 517.
1680 2269 1728 2297 De
1752 2277 1809 2298 ve—

1004 2314 1173 2343 neratione
1196 2316 1269 2348 post
1292 2312 1454 2341 somnium
1479 2310 1509 2349 3,
1527 2310 1602 2341 177.

1031 2390 1251 2423 746—761.
1302 2388 1395 2422 Urbs
1427 2389 1572 2431 Segesta
1603 2388 1776 2422 conditur.

1049 2448 1126 2479 746.
1151 2447 1386 2490 primumque,
1411 2450 1432 2478 i.
1451 2458 1477 2479 e.
1499 2450 1637 2484 primum
1656 2451 1809 2488 omnium,

1003 2502 1179 2532 antequam
1198 2496 1285 2525 alios
1310 2497 1416 2531 (locet;
1444 2496 1489 2524 ita
1517 2496 1717 2525 adiectivum
1742 2497 1809 2532 pri-

1002 2551 1091 2573 mum
1116 2543 1183 2572 iam
1215 2542 1325 2579 legisti
1358 2540 1388 2579 3,
1408 2540 1450 2569 58
1485 2538 1660 2577 (delectos
1687 2539 1811 2582 populi

1005 2587 1052 2618 ad
1087 2595 1248 2629 proceres
1282 2585 1506 2627 primumque
1538 2590 1720 2627 parentem
1756 2610 1786 2617 ..

1004 2632 1144 2674 refero)
1173 2635 1351 2671 „primum,
1379 2632 1590 2668 principem.“
1618 2635 1650 2662 S.
1700 2635 1810 2663 Habes

1006 2682 1169 2711 iubentem
1192 2684 1223 2709 et
1247 2681 1459 2715 imperantem
1484 2687 1602 2715 regem.

1054 2725 1131 2755 748.
1164 2723 1294 2755 Educet
1311 2726 1433 2760 duplici
1451 2729 1613 2755 structura
1630 2725 1669 2755 cf.
1688 2723 1719 2763 3,
1735 2721 1809 2754 180.

1009 2788 1048 2792 —
1083 2770 1202 2809 nunc,
1234 2772 1273 2801 cf.
1301 2769 1332 2807 4,
1359 2769 1434 2799 376.
1473 2787 1512 2791 —
1549 2773 1619 2801 Iam
1644 2775 1717 2807 post
1739 2773 1811 2800 lon-

1007 2826 1082 2855 gam
1123 2819 1250 2847 demum
1290 2818 1524 2846 dubitationem
1565 2822 1687 2847 certum
1727 2818 1812 2853 cepit

1005 2865 1196 2898 consilium,
1240 2865 1323 2898 quod
1351 2863 1456 2898 aperit
1479 2863 1598 2901 sociis,
1636 2864 1692 2899 qui
1715 2864 1810 2892 iussa

1006 2914 1192 2945 capessunt.
1251 2911 1320 2938 Non
1362 2909 1490 2938 adhibet
1527 2918 1583 2939 eos
1622 2911 1664 2939 ad
1701 2910 1811 2939 consi-

1005 2957 1107 2991 linm;
1134 2957 1191 2984 sed
1218 2956 1290 2984 sine
1308 2962 1399 2984 mora
1423 2955 1448 2983 ii
1470 2955 1502 2984 id
1526 2959 1761 2990 exsequuntur.

1051 3000 1128 3029 750.
1161 2998 1415 3030 Transcribunt
1452 2998 1531 3030 urbi
1562 3003 1692 3031 matres
1724 3002 1813 3039 „Ro-

1006 3048 1095 3077 mani
1135 3047 1235 3076 moris
1278 3049 1414 3077 verbum
1454 3051 1513 3077 est.
1587 3047 1810 3083 Transscripti
