2023 3350
4 2887 18 2912 't

30 3081 41 3345 1,

681 150 913 184 AENEtDOS
938 154 1021 186 LIB.
1048 154 1110 185 XI.

1625 153 1705 193 533

70 268 273 310 Mittatur
314 266 476 313 Pallas,
519 278 645 318 quem
684 279 772 307 non
803 266 974 308 virtutis
1011 270 1204 321 egentem

69 326 260 368 Abstulit
300 327 398 366 atra
435 322 525 364 dies
564 327 607 364 et
646 323 795 365 funere
825 325 976 366 mersit
1008 324 1177 366 acerbo.

188 383 256 425 Sic
293 382 356 423 ait
389 380 686 433 inlacrimans,
719 382 960 436 recipitque
998 382 1054 424 ad
1091 383 1241 424 limina
1277 397 1480 438 gressum,

69 442 233 494 Corpus
273 439 346 480 ubi
386 438 570 480 exanimi
605 440 793 493 positum
824 440 1035 482 Pallantis
1066 440 1248 483 Acoetes

1654 442 1708 481 30

71 497 279 541 Servabat
314 496 471 546 senior,
508 497 581 550 qui
618 497 849 539 Parrhasio
886 498 1091 539 Euandro

68 556 264 609 Armiger
303 558 403 595 ante
444 554 546 600 fuit,
585 555 660 596 sed
693 569 778 596 non
818 555 1017 597 felicibus
1051 570 1188 610 aeque

68 615 173 656 Tum
209 626 348 654 comes
389 612 594 665 auspiciis
635 627 736 655 caro
778 613 905 655 datus
945 613 1039 655 ibat
1078 614 1261 655 alumno.

68 672 237 713 Circum
276 684 423 711 omnes
456 670 749 725 famulumque
783 685 934 713 manus
972 671 1245 725 Troianaque
1286 670 1415 712 turba

66 729 122 770 Et
158 732 369 770 maestum
402 728 561 770 Iliades
596 729 754 770 crinem
793 729 845 771 de
884 743 1004 771 more
1039 729 1219 771 solutae.

1655 729 1708 767 35

67 786 126 828 Ut
165 800 266 828 vero
308 786 474 827 Aeneas
510 785 673 828 foribus
711 801 804 829 sese
840 787 987 828 intulit
1019 787 1131 838 altis,

66 845 288 898 Ingentem
325 844 530 898 gemitum
567 845 704 886 tunsis
745 844 801 886 ad
835 845 978 886 sidera
1017 845 1178 886 tollunt

66 902 341 949 Pectoribus,
376 906 628 955 maestoque
662 903 860 955 immugit
899 903 1019 957 regia
1052 903 1184 944 luctu.

66 961 183 1013 Ipse,
220 963 353 1014 caput
388 960 498 1001 nivei
536 960 692 1001 fultum
731 960 939 1002 Pallantis
978 963 1020 1002 et
1058 975 1136 1002 ora

67 1018 127 1060 Ut
165 1018 273 1060 vidit
303 1018 471 1071 levique
504 1022 656 1072 patens
691 1018 735 1059 in
772 1022 946 1072 pectore
985 1019 1138 1060 volnus

70 1076 269 1130 Cuspidis
307 1076 540 1127 Ausoniae,
581 1076 772 1117 lacrimis
808 1076 871 1117 ita

68 1134 202 1179 Tene,
240 1134 398 1187 inquit,
439 1134 682 1176 miserande
720 1147 847 1188 puer,

911 1076 1025 1117 fatur
1060 1076 1223 1117 obortis
1238 1089 1246 1116 2
1655 1013 1710 1053 40

887 1149 1017 1188 quum
1054 1134 1171 1176 laeta
1201 1132 1375 1180 veniret,

68 1191 228 1233 Invidit
266 1192 458 1233 Fortuna
494 1192 618 1243 milii,
659 1206 712 1233 ne
748 1206 882 1245 regna
916 1191 1081 1233 videres

66 1250 246 1301 Nostra,
286 1264 423 1304 neque
460 1250 517 1292 ad
556 1250 678 1292 sedes
717 1250 857 1291 victor
896 1250 1096 1291 veherere
1130 1247 1360 1304 paternas&>

110 1425 164 1455 27.
193 1434 290 1466 quem
317 1434 385 1454 non
414 1434 442 1454 ι.
469 1428 625 1464 errentem
654 1426 673 1453 i.
710 1434 738 1454 e.
772 1425 863 1454 forti-

66 1472 176 1501 tudine
204 1472 371 1508 egregium
397 1472 435 1500 cf.
466 1471 518 1507 io,
546 1471 623 1500 ()Οῖ.
652 1472 768 1503 ..Ennii
788 1479 862 1499 ver-

66 1527 126 1547 sus
155 1523 216 1547 est.
221 1518 240 1532 ⁶
265 1521 297 1546 S.
326 1534 370 1538 ——
404 1515 501 1558 Egeo
529 1526 556 1546 c
581 1525 653 1551 gen.
673 1525 703 1546 v.
728 1516 804 1546 3.,14
831 1516 861 1552 9,

912 1429 993 1455 Nam
1021 1426 1168 1461 parentis
1194 1430 1243 1453 est
1257 1425 1347 1452 alere
1369 1423 1478 1451 tilium.
1515 1419 1563 1449 ef
1580 1419 1613 1452 6,
1629 1417 1707 1446 595-

913 1475 1011 1506 soph
1058 1473 1144 1501 Phil.
1187 1469 1207 1498 3
1261 1478 1288 1497 ω
1330 1464 1526 1506 κρατίστου
1572 1457 1712 1500 πατρὸς

909 1510 1086 1567 Ελλήνων
1122 1510 1276 1556 τραφεὶς
1302 1506 1476 1553 Ἀχιλλέως
1511 1508 1581 1540 παῖ
1617 1506 1712 1538 Νεο-

65 1564 120 1593 88.
147 1569 178 1593 et
203 1565 289 1600 apud
313 1565 517 1599 Ciceronem.
548 1571 652 1598 saepe
675 1564 760 1598 apud
789 1565 863 1592 Sal-
906 1556 1068 1602 πτόλθμε.

66 1611 199 1640 iustiutn
224 1616 253 1639 et
276 1610 415 1638 Litium.
466 1609 512 1638 Ct‘.
542 1612 594 1638 Gr
621 1609 654 1642 Q
679 1608 756 1638 271.

111 1666 166 1697 28.
189 1666 320 1706 funere
346 1663 464 1696 mersit
491 1663 612 1694 acerbo
633 1665 664 1702 6,
687 1665 764 1695 4⁶29.

286 1754 477 1787 Pallantem
516 1752 654 1786 Aeneas

402 1811 531 1843 laudat.

112 1873 167 1901 29.
194 1876 277 1901 Nota
293 1868 430 1906 limina,
456 1869 510 1899 36.
534 1869 628 1904 fores
648 1867 756 1906 altae,
781 1869 868 1898 v.38

68 1915 182 1958 regia.
232 1920 269 1946 In
300 1924 388 1946 nova
415 1919 495 1944 urhe
520 1917 583 1944 iant
614 1917 703 1949 regia
730 1918 866 1945 Aeneae

69 1965 197 1997 tingitur
221 1967 399 1996 exstructa,
425 1963 457 1991 in
483 1970 546 1996 qua
566 1963 725 1990 Pallantis
746 1970 867 1997 corpus

69 2011 262 2045 exponitur,
295 2018 338 2037 ex
364 2016 428 2043 qua
454 2008 601 2036 aufertur
626 2015 743 2043 magno
766 2008 868 2036 comi-

68 2061 153 2091 tatu;
196 2057 270 2091 ipse
296 2056 433 2083 Aeneas
459 2063 476 2082 e
511 2055 633 2083 castris
660 2054 870 2088 prosequitur

69 2102 109 2131 cf.
147 2101 201 2130 99.
251 2102 380 2136 Corpus
421 2105 528 2129 autem
568 2101 686 2128 mortui
718 2100 750 2128 in
787 2100 869 2129 atrio

70 2148 214 2184 positum
239 2152 327 2184 erat,
367 2155 422 2175 ore
458 2148 498 2175 att
524 2147 622 2174 limen
648 2154 748 2175 verso
776 2146 871 2181 quasi

69 2194 200 2223 exituri.

115 2239 168 2268 30.
192 2235 343 2279 positum
370 2245 494 2276 corpus
521 2236 561 2265 cf.
588 2236 620 2272 2,
647 2234 725 2265 644.

67 1756 228 1789 29ffi58.
691 1754 787 1796 luget
834 1759 867 1787 et

114 2285 169 2314 3t.
197 2284 375 2314 Parrhasio
401 2284 420 2312 i.
449 2291 476 2312 e.
493 2284 659 2312 Arcadico
682 2283 722 2311 ct.
739 2281 770 2320 S,
791 2280 873 2312 344.

70 2333 118 2360 De
145 2332 231 2360 hiatu
256 2331 297 2358 cf.
322 2330 354 2365 §-
385 2328 418 2359 6.

117 2375 173 2406 32.
195 2377 329 2406 Nobiles
355 2378 534 2405 bellatores
563 2367 644 2403 suos
672 2377 790 2403 hahent
820 2382 874 2402 ar-

75 2423 229 2460 migeros,
262 2422 314 2456 qui
341 2426 370 2450 et
394 2429 484 2450 arma
511 2421 630 2453 ferunt,
666 2421 694 2449 si
720 2421 761 2449 iis
789 2428 871 2449 usus

73 2477 139 2497 non
164 2473 212 2497 est
241 2468 282 2497 cf.
309 2467 343 2500 1,
371 2465 454 2502 188,
496 2472 523 2495 et
559 2469 590 2495 in
629 2467 703 2501 ipso
744 2467 869 2501 proelio

72 2516 140 2543 tela
165 2518 344 2549 suggerunt
370 2514 410 2541 cf.
443 2512 492 2547 10,
517 2512 599 2548 333,
638 2518 690 2541 aut
716 2521 772 2547 pro
796 2514 870 2546 ipso

73 2564 278 2596 propugnant
312 2559 351 2588 cf.
377 2560 449 2587 Liv.
473 2557 533 2595 22,
557 2558 588 2586 6.
640 2560 741 2588 Tales
775 2559 873 2587 armi-

74 2606 144 2641 geri
170 2609 389 2633 memorantur
414 2606 561 2633 Achates
588 2605 722 2632 Aeneae
745 2603 773 2640 1,
797 2602 871 2631 185.

74 2652 129 2682 to.
157 2650 233 2678 332.
282 2651 486 2678 Automedon
511 2650 715 2684 Neoptolemi
739 2650 771 2683 ⁵2,
796 2648 871 2678 477.

73 2699 177 2726 Butes
204 2697 371 2725 Anchisae
393 2695 424 2731 9,
447 2692 524 2722 648.
556 2696 700 2723 Acoetes
718 2696 874 2724 Evandri.

74 2745 109 2772 Is
145 2751 214 2771 mos
247 2742 303 2770 fuit
337 2746 367 2769 et
399 2741 485 2775 apud
517 2741 670 2775 antiquos
701 2741 778 2769 illos
808 2743 875 2769 He-

75 2792 195 2818 braeos
243 2793 270 2815 et
325 2788 411 2821 apud
457 2787 584 2820 equites
634 2788 731 2814 medii
787 2787 876 2821 aevi,

77 2843 112 2863 re
137 2836 212 2870 ipsa
234 2834 397 2868 firmatus,
431 2833 489 2860 sed
517 2832 612 2859 etiam
640 2834 725 2867 apud
752 2834 877 2861 Roma-

76 2889 138 2909 nos
183 2881 320 2909 eundem
368 2878 474 2907 fuisse
513 2877 577 2905 iam
604 2879 800 2906 documento
827 2882 878 2906 est

76 2928 172 2955 locus
205 2926 292 2954 Livii
328 2932 431 2959 supra
473 2925 610 2955 altatus,
647 2924 699 2951 ubi
737 2925 880 2957 armiger

78 2972 229 3001 Flaminii
252 2971 401 3000 consutis
428 2977 550 3004 corpus
574 2968 726 2997 defendit.
763 2972 878 2997 Eorum

78 3022 186 3046 autem
216 3025 354 3052 magnus
379 3020 447 3044 erat
474 3016 558 3050 apud
586 3022 668 3042 suos
694 3017 806 3043 honor.

126 3073 179 3103 33.
206 3083 286 3104 caro
314 3071 455 3103 alumno
483 3080 531 3102 se.
550 3072 695 3101 Evandri
722 3072 742 3100 i.
762 3079 789 3100 e.
806 3071 880 3099 filio.

956 1619 1010 1649 3.4
1040 1621 1170 1650 (ircum
1216 1623 1289 1648 sunt
1340 1616 1454 1646 famuli
1507 1619 1537 1641 et
1578 1610 1713 1642 'Troiani

910 1668 1019 1703 etiam,
1047 1667 1099 1700 oui
1126 1666 1240 1694 fortem
1264 1665 1417 1693 iuvenem
1437 1664 1561 1696 lugent,
1589 1661 1713 1688 etTro—

909 1714 1005 1741 ianae
1036 1713 1206 1745 mulieres,
1248 1718 1333 1744 quae
1356 1718 1399 1737 ex
1422 1708 1627 1742 antiquorum
1653 1712 1713 1740 po—

911 1761 1064 1794 pulorum
1089 1766 1178 1786 more
1212 1757 1244 1785 in
1278 1756 1393 1784 funere
1425 1754 1635 1787 indulgebant
1662 1752 1712 1778 la-

912 1804 1031 1833 mentis
1059 1808 1087 1832 et
1114 1803 1314 1838 ululatibus,
1352 1800 1407 1835 qui
1447 1799 1492 1827 ita
1528 1795 1713 1826 necessarii

913 1852 1134 1885 habebantur,
1181 1853 1214 1877 ut
1259 1847 1411 1876 mercede
1450 1845 1714 1873 conducerentur

914 1896 1083 1931 mulieres,
1110 1903 1195 1930 quae
1224 1896 1397 1929 ulularent,
1423 1898 1507 1926 quae
1522 1890 1714 1917 dicebantur

910 1940 1100 1981 pratficae.

959 1998 1013 2027 35.
1042 1997 1089 2027 cf.
1105 1997 1136 2034 3,
1160 1996 1213 2025 65.
1240 1991 1397 2031 „Iliades
1422 1997 1510 2031 puta,
1535 2000 1619 2026 quae
1643 1999 1714 2021 ma-

914 2046 995 2073 ritos
1027 2052 1108 2072 suos
1132 2047 1270 2072 secutae
1287 2045 1392 2075 erant,
1419 2046 1596 2072 earumque
1609 2038 1713 2071 filiae;

914 2091 963 2119 sic
988 2093 1071 2119 haec
1099 2089 1292 2118 conciliabis
1316 2094 1387 2115 cum
1413 2086 1444 2123 9,
1459 2083 1526 2113 207
1551 2089 1580 2113 et
1605 2082 1711 2121 5,7tl

916 2145 966 2170 sq.
993 2142 1022 2165 et
1050 2135 1151 2164 75t›.“
1184 2132 1267 2175 Wg.

963 2191 1016 2221 37.
1045 2194 1184 2221 Pectora
1212 2192 1348 2219 tundere
1380 2188 1508 2223 signum
1543 2191 1612 2215 erat
1646 2194 1716 2215 ma-

917 2247 1002 2275 gnae
1030 2239 1181 2267 tristitiae
1208 2238 1248 2266 cf.
1275 2235 1329 2264 86.
1379 2235 1558 2269 „Naturale
1583 2237 1648 2269 est,
1683 2235 1715 2260 ut

917 2286 1108 2314 intermissa
1128 2286 1273 2312 lamenta
1296 2284 1503 2316 repetantur,
1529 2287 1626 2313 quum
1652 2278 1717 2307 ali-

918 2332 991 2366 quis
1014 2335 1111 2360 notus
1136 2326 1338 2359 adve11erit.“
1365 2329 1398 2356 S.

964 2386 1020 2416 38.
1046 2384 1208 2426 immugit
1236 2382 1355 2425 regia,
1396 2384 1436 2412 cf.
1462 2381 1500 2417 2,
1533 2378 1611 2410 488.

918 2435 1002 2464 coni.
1032 2431 1211 2472 mistoque,
1234 2439 1274 2460 ne
1296 2432 1428 2459 maesto
1451 2429 1634 2457 iteraretur.

965 2490 1019 2518 339.
1054 2487 1182 2517 Nitens
1216 2488 1355 2516 adiectis*
1360 2494 1412 2515 um
1457 2490 1487 2513 et
1531 2481 1603 2512 levi
1633 2484 1653 2511 i.
1687 2491 1716 2512 e.

918 2538 1082 2574 „nondum
1109 2533 1244 2563 setoso“
1270 2538 1302 2562 S
1331 2537 1360 2561 et
1391 2532 1506 2560 mortui
1537 2530 1718 2564 pulchritu-

919 2583 1025 2610 dinem
1063 2583 1191 2616 signant
1228 2585 1255 2607 et
1303 2587 1409 2607 annos
1458 2577 1612 2611 pueriles
1668 2571 1719 2603 ΡΙ.

920 2629 1003 2656 coni.
1035 2624 1156 2656 laevo.
1196 2632 1248 2655 ..ut
1281 2627 1394 2653 Pallas
1428 2624 1461 2651 in
1495 2623 1593 2650 corde
1623 2621 1717 2650 fuerit

921 2673 1150 2702 vulneratus.“

967 2728 1021 2757 41.
1049 2725 1205 2756 lacrimis
1233 2724 1363 2755 obortis
1384 2725 1425 2753 cf.
1452 2724 1489 2760 4,
1514 2723 1568 2752 30.
1597 2739 1634 2743 -—
1658 2722 1720 2760 fa-

922 2779 979 2805 tur
994 2798 1000 2804 .
1022 2797 1049 2802 ..
1068 2771 1180 2812 inquit
1207 2772 1247 2800 cf.
1268 2772 1300 2806 ὃ,
1320 2771 1397 2799 551.

969 2830 1022 2859 42.
1057 2827 1163 2857 Laeta
1195 2825 1289 2856 venit
1310 2826 1479 2864 fortuna,
1519 2834 1603 2860 quae
1629 2826 1722 2854 affert

925 2877 1106 2905 victoriani.
1156 2877 1331 2903 Fortunam
1355 2873 1449 2907 (sive
1471 2872 1571 2907 deos]
1590 2875 1723 2900 sumunt

925 2922 1049 2956 antiqui
1078 2921 1225 2948 'tm-tuere
1253 2919 1449 2949 hominihus.
1481 2918 1522 2946 cf.
1554 2918 1722 2946 historiam

925 2967 1131 3003 Polyct·atis;
1177 2973 1304 2994 summa
1348 2970 1454 2992 autem
1493 2969 1543 2993 est
1588 2965 1724 2993 Aeneae

927 3022 1034 3043 rerum
1065 3012 1246 3040 futurarum
1276 3011 1405 3039 fiducia.

1665 2376 1715 2409 ΡΙ.

974 3068 1027 3098 44.
1054 3076 1164 3108 neque
1191 3076 1249 3103 pro
1274 3075 1358 3096 neoc
1384 3066 1424 3095 cs.
1452 3065 1508 3103 12,
1533 3064 1610 3094 801.
