2023 3350
231 142 312 180 342

790 133 825 163 P.
862 129 1058 162 vaan

1094 129 1308 163 MARONIS

231 251 442 303 Imperat,
480 251 522 288 et
554 246 661 288 solio
698 244 863 286 medius
908 242 1102 285 consedit
1141 243 1270 284 avito.

231 308 405 349 Tectum
438 307 692 358 augustum,
728 303 899 356 ingens,
944 303 1114 342 centum
1152 299 1334 341 sublime
1368 296 1590 347 columnis,

1799 295 1881 336 170

232 363 348 406 Urbe
385 362 467 403 fuit
498 375 681 411 summa,
718 358 946 401 Laurentis
981 358 1103 411 regia
1137 357 1240 409 Pici,

233 418 505 462 Horrendum
545 418 664 461 silvis
703 421 747 459 et
786 417 995 471 religione
1030 418 1272 469 parentum.

232 479 314 519 Hic
348 481 521 531 sceptra
556 475 754 530 accipere
790 478 832 516 et
870 474 1032 528 primos
1070 473 1271 514 attollere
1311 471 1451 514 fasces

232 534 422 589 Regibus
453 548 578 576 omen
618 537 732 585 erat,
771 532 853 574 hoc
882 531 970 573 illis
1001 531 1122 573 curia
1164 529 1385 584 templum,

234 593 327 634 Hae
363 593 499 634 sacris
533 591 655 633 sedes
691 591 848 645 epulis3
886 589 958 631 hic
999 589 1135 630 ariete
1174 602 1300 630 caeso

1804 583 1884 624 175

233 650 457 704 Perpetuis
497 649 615 691 soliti
652 653 800 703 patres
839 646 1062 689 considere
1097 646 1267 687 mensis.

235 708 346 759 Quin
381 708 512 749 etiam
542 710 736 749 veterum
769 705 931 760 effigies
969 719 1020 747 ex
1056 704 1207 746 ordine
1243 715 1422 745 avorum

235 766 426 819 Antiqua
466 779 488 807 e
522 765 701 807 caedroz
738 764 979 818 Italusque,
1014 765 1224 816 paterque
1264 760 1448 802 Sabinus

236 823 469 875 Vitisator,
506 837 681 864 curvam
712 836 886 864 servans
926 820 1004 862 sub
1040 820 1229 874 imagine
1262 818 1429 868 falcem,

237 882 534 934 Saturnusque
574 894 722 931 senex,
761 880 941 933 Ianique
978 877 1180 920 bifrontis
1217 878 1373 930 imago,

1808 876 1888 915 180

236 939 458 981 Vestibulo
496 938 748 989 adstabant,
788 938 949 991 aliique
991 935 1046 977 ab
1087 936 1252 990 origine
1290 947 1425 987 reges,

236 997 483 1049 Martiaque
518 996 572 1038 ob
597 996 788 1051 patriam
819 993 1054 1049 pugnando
1094 994 1270 1036 volnera
1302 991 1432 1047 passi.

238 1120 347 1145 ternos
373 1115 545 1151 videndos,
570 1124 626 1150 per
651 1123 731 1150 quos
758 1114 807 1143 eis
832 1113 1039 1149 promitteba-

238 1166 290 1190 tur
321 1160 493 1190 felicitas.·²
527 1163 558 1189 S.
608 1163 646 1189 Et
677 1161 742 1189 iam
777 1160 871 1188 novit
901 1159 1041 1187 Latinus

239 1208 458 1236 Dardanidas.

289 1252 363 1282 169.
395 1251 528 1292 impero
559 1260 587 1280 e.
623 1259 694 1281 acc.
725 1256 754 1279 et
794 1250 850 1279 inf.
886 1248 924 1285 3,
964 1247 1041 1278 465.

241 1296 366 1328 solium
393 1298 434 1327 cf.
465 1298 501 1334 8,
529 1296 606 1326 541.

290 1343 363 1372 170.
391 1346 598 1384 aug-ustum,
615 1340 762 1383 ingens.-
787 1343 834 1370 De
849 1340 970 1376 duplici
986 1341 1044 1369 ad-

241 1391 360 1418 iectivo
388 1389 429 1418 cf.
459 1389 494 1425 6,
530 1388 609 1417 283.
640 1403 685 1408 ——
710 1387 751 1416 cf.
786 1389 846 1416 Ov.
880 1389 921 1415 111.
955 1385 993 1422 2,
1027 1384 1038 1413 1

247 1433 363 1476 Regia
402 1432 495 1464 Solis
527 1437 603 1464 erat
643 1430 848 1463 sublimibus
885 1429 962 1461 alta
992 1439 1046 1460 co-

243 1478 383 1510 lumnie.

291 1525 365 1555 171.
400 1523 487 1555 Urbe
515 1532 668 1559 summa,
702 1524 733 1552 in
765 1531 841 1552 arce
874 1526 943 1551 erat
977 1521 1046 1550 Pici

243 1572 345 1608 regia.
367 1580 451 1607 quae
472 1575 671 1600 memoratur
688 1569 742 1599 59.
792 1569 862 1598 Fuit
889 1569 1045 1603 templum

243 1623 273 1647 et
300 1619 392 1647 curia
419 1619 515 1646 locus
541 1618 770 1651 inauguratus.
794 1616 825 1644 in
849 1623 911 1649 quo
937 1614 1047 1642 omnia

244 1672 329 1698 quae
356 1665 395 1693 ad
425 1663 658 1698 rempublicam
688 1662 891 1697 pertinebant
923 1664 1045 1688 tracta-

244 1712 378 1743 bantur,
416 1714 446 1737 et
483 1717 577 1744 quem
609 1715 726 1743 reges,
766 1707 793 1734 si
822 1713 955 1735 munere
983 1713 1045 1733 sno

245 1755 335 1790 fungi
361 1757 527 1790 volebant,
554 1754 696 1783 adibant.
746 1754 793 1781 lta
819 1756 847 1780 et
873 1752 959 1786 apud
980 1752 1047 1779 Ro-

244 1809 362 1830 manos
389 1801 478 1835 regis
504 1800 658 1829 habitatio
685 1806 703 1827 a
723 1798 815 1827 curia
840 1798 975 1826 diversa
997 1796 1048 1824 fu-

246 1851 326 1875 erat.

298 1891 368 1920 172.
396 1888 609 1920 horrendum
637 1890 678 1919 cf.
704 1889 740 1923 6,
769 1887 821 1916 lt).

294 1937 368 1966 173,
397 1934 450 1965 hic
466 1938 586 1975 m’Ry.
611 1933 690 1965 hinc
707 1934 803 1974 y2bc.
830 1942 918 1969 „non
940 1930 1050 1962 111316κ

248 1981 311 2013 Rb.
361 1979 522 2011 attollere
562 1981 697 2017 fasces.-
748 1979 952 2010 Contrarium
1000 1982 1050 2006 est

247 2029 457 2061 summittere,
479 2029 657 2062 deponere.
689 2029 816 2055 Fasces
833 2025 940 2054 Latini
959 2024 1050 2052 attri-

245 2076 313 2103 buit
339 2074 563 2109 temporibus,
597 2081 694 2107 qutun
720 2074 760 2101 ad
783 2074 952 2100 Romanos
979 2070 1050 2098 fas-

247 2121 331 2149 cium
361 2128 443 2148 usus
471 2127 491 2147 a
507 2119 628 2147 Tuscis
655 2127 712 2154 per
737 2125 834 2152 reges
852 2116 1048 2151 Tarquinios

248 2166 425 2195 transierit.

294 2210 369 2240 174.
402 2207 521 2245 Caria,
548 2212 652 2246 locus,
678 2210 709 2237 in
736 2216 799 2243 quo
814 2212 953 2237 senatus
969 2215 1052 2236 con-

248 2258 391 2292 veniret,
418 2257 636 2291 inauguratus
659 2259 727 2284 erat
753 2255 794 2283 cf.
823 2253 894 2282 176.

295 2301 368 2331 175.
396 2299 507 2331 ariete
532 2309 652 2331 caeso:
676 2303 768 2337 „Hoc
796 2299 991 2329 sacrificium
1019 2299 1050 2327 in

247 2350 348 2378 ianua
374 2348 486 2383 palatii
510 2348 605 2376 fiebat
628 2347 724 2375 festis
753 2344 904 2375 diebtts.“
932 2348 965 2381 S,
995 2345 1048 2378 qui

249 2395 378 2423 omnino
418 2396 502 2422 lianc
541 2393 609 2422 Pici
652 2394 782 2421 domum
814 2393 854 2420 ad
887 2390 1051 2426 Augustei

250 2441 363 2476 palatii
389 2439 635 2467 similitudinem
664 2438 863 2472 descriptam
890 2444 970 2466 esse
992 2443 1052 2471 pu-

249 2490 304 2516 tat.
353 2487 505 2514 Praestat
536 2488 643 2513 tamen
669 2484 799 2512 omnino
827 2483 980 2517 accipere
1012 2483 1050 2509 de

249 2533 331 2561 aede
360 2531 502 2566 publica,
529 2530 581 2559 ubi
608 2534 637 2557 et
657 2534 795 2558 senatus
816 2531 997 2557 habebatur
1020 2531 1049 2555 et

250 2578 383 2613 publica
411 2583 509 2605 sacra
537 2576 669 2611 fiebant,
704 2576 743 2603 ad
778 2582 861 2610 (luae
889 2574 1050 2609 primores

251 2624 358 2658 gentis
385 2623 646 2651 admittebantur.

300 2669 371 2697 176.
398 2665 578 2707 perpetuis
603 2662 731 2695 mensis
757 2665 905 2702 „longis,
933 2664 974 2692 ad
1001 2671 1054 2691 or-

251 2715 346 2743 dines
379 2714 528 2748 aequalis
557 2714 741 2742 sedentum.
790 2711 937 2739 Maiores
967 2710 1051 2738 enim

251 2761 355 2789 nostri
374 2761 530 2789 sedentes
548 2756 801 2794 epulabantur.“
827 2759 872 2789 S..
889 2761 921 2784 ul
935 2755 1053 2784 Graeci

251 2814 303 2841 ap.
327 2807 513 2834 Homerum.
562 2806 669 2839 „Ante
693 2803 787 2832 focos
813 2803 888 2830 olim
907 2801 1054 2830 scamnis

254 2852 427 2880 considere
447 2850 555 2882 longis
574 2858 646 2878 mos
668 2847 760 2878 erat“
783 2849 843 2876 ΟΥ.
871 2850 905 2876 F.
925 2847 955 2876 6.
976 2845 1052 2875 305.

252 2898 375 2925 Postea
401 2896 542 2925 cubandi
569 2903 640 2924 mos
665 2894 813 2924 invaluit.
863 2894 913 2922 Ad
935 2901 1052 2921 vocem

251 2944 440 2981 perpetuus
467 2941 508 2970 cf.
536 2941 566 2975 8,
598 2940 658 2969 183
684 2943 822 2980 tergum
846 2941 1053 2979 perpetuum

252 3001 296 3006 —-
318 2989 457 3026 patres.-
487 2987 541 3015 Sic
567 2987 665 3015 cerlis
691 2986 821 3020 diebus,
849 2984 955 3013 sacris
982 2984 1054 3013 Iovi

253 3032 366 3069 sactis,
395 3041 508 3061 omnes
535 3038 710 3061 senatores
728 3032 758 3060 in
785 3031 948 3067 Capitolio
973 3038 1054 3066 epu-

1089 1115 1250 1142 labantur.
1301 1112 1382 1140 Gell.
1425 1108 1484 1147 12,
1524 1109 1556 1138 8.
1605 1111 1644 1138 Et
1680 1112 1769 1139 Suet.
1806 1109 1891 1144 Aug.

1088 1159 1132 1188 35
1158 1161 1302 1187 honores
1320 1161 1510 1185 senatorum
1534 1163 1613 1185 esse
1642 1155 1718 1184 dicit.
1750 1153 1893 1196 insigne

1087 1201 1194 1233 vestis
1219 1206 1250 1232 et
1275 1199 1459 1241 spectandi
1481 1199 1516 1230 in
1542 1198 1719 1231 orchestra
1743 1199 1893 1241 epulan-

1090 1247 1195 1290 dique
1216 1245 1356 1288 publice
1386 1245 1449 1277 ius.
1499 1247 1637 1276 Athenis
1671 1251 1829 1282 prytanes
1860 1248 1893 1276 in

1091 1300 1251 1331 prytaneo
1279 1296 1514 1322 coenabanlur.
1532 1309 1574 1313 —-
1605 1294 1659 1322 Sic
1688 1294 1811 1329 regiam
1835 1294 1894 1321 de-

1091 1341 1444 1376 set-ipsitseit.Aga111.
1468 1338 1499 1368 8.
1525 1340 1631 1375 „Hinc
1652 1339 1819 1374 auspicari
1841 1347 1894 1368 re-

1092 1388 1177 1420 gium
1203 1387 1303 1421 capiti
1329 1387 1431 1414 decus
1456 1393 1528 1414 mos
1550 1389 1601 1414 est
1625 1385 1797 1421 Pelasgi33
1832 1387 1894 1414 hoc

1093 1434 1208 1463 sedent
1240 1432 1296 1461 alti
1322 1436 1408 1467 tor03
1438 1433 1534 1460 locus
1561 1431 1613 1460 hic
1639 1432 1810 1460 habendae
1836 1439 1895 1460 cu-

1093 1480 1179 1514 riae,
1206 1478 1257 1507 liic
1284 1478 1392 1513 epulis
1411 1475 1543 1506 loeus.“

1142 1524 1215 1553 177.
1243 1532 1283 1552 er
1315 1521 1437 1552 ordine
1468 1526 1586 1558 „prout
1619 1522 1681 1551 sibi
1714 1529 1896 1551 successe-

1094 1569 1200 1600 runt.“
1233 1572 1266 1598 S.
1315 1569 1355 1597 cf.
1382 1577 1414 1597 v.
1442 1568 1516 1597 139.
1561 1567 1598 1602 5.
1626 1567 1703 1596 773.

1142 1615 1216 1645 178.
1244 1623 1284 1644 er
1311 1612 1438 1643 caedro
1468 1615 1576 1649 ..quod
1605 1615 1725 1649 lignum
1750 1622 1814 1642 non
1844 1613 1897 1642 fa-

1094 1663 1157 1691 cile
1171 1661 1377 1690 consumitur
1392 1658 1579 1689 vetustate“
1598 1663 1630 1688 S.
1653 1659 1897 1694 Antiquissima

1095 1714 1202 1737 autem
1230 1707 1323 1739 signa
1347 1714 1364 1734 e
1391 1706 1477 1741 ligno
1506 1706 1592 1735 facta
1618 1709 1704 1734 sunt.

1144 1752 1217 1781 179.
1250 1750 1420 1781 Vitisator
1446 1752 1522 1788 „qui
1546 1751 1624 1780 vitis
1639 1758 1746 1786 genus
1762 1751 1897 1780 demon-

1096 1798 1212 1827 stravit
1238 1795 1367 1827 Italis.'·‘
1398 1800 1429 1826 S.
1455 1813 1500 1817 -
1520 1798 1568 1825 De
1596 1799 1658 1825 hoc
1673 1797 1794 1825 Sabino
1818 1803 1897 1831 rege

1096 1850 1126 1873 et
1170 1844 1248 1872 vitis
1291 1845 1417 1871 cultore
1458 1843 1536 1871 nini}
1576 1843 1706 1871 aliunde
1750 1842 1898 1870 innotuit.

1097 1892 1301 1925 Quamquam
1334 1897 1398 1917 non
1432 1890 1565 1922 mirum,
1598 1889 1626 1917 si
1658 1888 1770 1916 Sabini
1801 1888 1899 1917 etiam

1097 1936 1252 1965 Sabinum
1278 1935 1421 1968 aliquem
1447 1936 1622 1963 narrabant
1652 1934 1758 1969 gentis
1784 1933 1898 1962 condi-

1096 1987 1209 2010 torem.
1260 1983 1296 2009 Et
1324 1982 1409 2016 apud
1436 1981 1597 2009 isidorum
1627 1978 1658 2016 9,
1690 1978 1722 2011 2.
1745 1978 1790 2008 85
1816 1979 1899 2014 legi-

1096 2034 1163 2057 tur:
1189 2029 1315 2063 „Italns
1342 2034 1472 2061 quoque
1491 2030 1521 2054 et
1547 2026 1687 2054 Sabinus
1707 2029 1738 2054 et
1756 2025 1898 2054 sicanus

1096 2074 1214 2102 fratres
1238 2073 1383 2109 fuerunt,
1419 2080 1463 2100 ex
1490 2072 1607 2106 auibus
1634 2071 1768 2100 nomina
1791 2078 1896 2106 popu-

1097 2121 1137 2148 lis
1164 2119 1321 2154 imposita
1348 2122 1378 2146 et
1406 2118 1597 2153 regionibus
1625 2115 1738 2145 sunt.“
1764 2132 1810 2136 —-
1835 2117 1900 2145 Sed

1097 2165 1435 2199 animadvertemtum,
1470 2163 1588 2197 ubique
1611 2165 1786 2191 Saturnum
1821 2169 1900 2190 esse

1097 2212 1321 2245 vitisatorem;
1349 2217 1409 2237 nec
1434 2205 1595 2245 imagine
1619 2212 1648 2236 el
1672 2205 1793 2248 imago
1818 2215 1900 2243 pau-

1098 2257 1146 2285 cis
1197 2256 1308 2284 verbis
1352 2254 1534 2283 interiectis
1573 2255 1718 2288 placere.
1754 2269 1799 2272 ——
1829 2261 1900 2282 ser-

1097 2310 1196 2334 vans,
1224 2302 1368 2329 retinens
1395 2302 1456 2329 sub
1482 2300 1624 2332 imagine
1648 2300 1689 2328 ad
1710 2299 1899 2328 memoriam

1097 2350 1246 2376 culturae
1270 2347 1395 2374 vitium.
1425 2361 1469 2364 —
1501 2342 1557 2374 Gt.
1587 2345 1673 2373 coni.
1706 2342 1902 2374 Saturnus·—

1098 2401 1163 2432 que
1188 2399 1305 2426 senex,
1334 2399 1475 2420 curvam
1505 2388 1565 2419 snb
1593 2387 1748 2431 tegmine
1766 2387 1902 2429 s'alcem

1104 2435 1276 2467 l‘itt‘sator
1297 2444 1441 2465 seruans
1466 2458 1472 2464 .
1486 2458 1511 2465 ..

1147 2482 1219 2511 180.
1253 2480 1358 2511 lanus
1391 2482 1517 2511 bifrons
1553 2486 1622 2518 est;
1660 2483 1761 2511 mulla
1793 2483 1832 2510 de
1861 2488 1902 2510 eo

1098 2529 1192 2558 tradit
1217 2530 1276 2556 ΟΥ.
1301 2530 1334 2557 F.
1362 2526 1398 2561 1,
1423 2527 1467 2556 89
1493 2536 1544 2562 stt.

1148 2574 1221 2603 181.
1249 2571 1291 2602 ab
1326 2570 1481 2614 origine.
1515 2573 1569 2608 qui
1600 2573 1675 2603 inde
1708 2579 1728 2601 a
1753 2573 1901 2601 Lauren-

1099 2621 1175 2650 tium
1205 2620 1330 2653 origine
1356 2624 1448 2648 erant
1474 2627 1583 2655 reges.

1148 2665 1225 2694 182.
1255 2663 1459 2705 Martiaque
1477 2664 1611 2704 F2PRy.
1637 2668 1666 2693 et
1693 2658 1824 2692 Martia
1841 2656 1903 2700 qai

1101 2711 1213 2741 Fine.
1245 2711 1374 2746 tegitur.
1423 2712 1458 2739 Si
1493 2707 1553 2750 qui
1593 2709 1730 2745 legitur,
1772 2710 1902 2741 praeter

1100 2760 1229 2792 Italum,
1261 2757 1431 2792 Sabinum,
1464 2759 1640 2785 Saturnum
1668 2758 1697 2782 et
1721 2755 1834 2781 lanum
1855 2751 1902 2780 illi

1100 2808 1223 2832 tantum
1248 2810 1346 2837 reges
1376 2806 1559 2831 statuarum
1584 2803 1708 2830 honore
1739 2799 1902 2826 decoran-

1101 2853 1168 2885 tur,
1193 2849 1247 2882 qui
1273 2856 1330 2883 pro
1355 2848 1460 2883 patria
1486 2847 1725 2882 pugnaverunt.
1775 2843 1808 2872 Si
1838 2849 1903 2882 que

1101 2895 1234 2929 legitur,
1278 2894 1375 2922 etiam
1410 2893 1567 2928 aliorum,
1607 2890 1659 2924 qui
1692 2897 1749 2924 pro
1797 2888 1904 2923 patria

1102 2943 1347 2975 pugnaverunt,
1385 2939 1546 2973 imagines
1577 2934 1715 2968 intelligi
1751 2937 1901 2969 possunt.

1100 2987 1201 3020 quue
1236 2988 1398 3020 praestat,
1437 2991 1476 3012 eo
1514 2981 1597 3010 enim
1637 2983 1761 3009 honore
1793 2987 1903 3014 reges,

1100 3032 1166 3060 iam
1200 3032 1285 3065 quod
1318 3030 1466 3065 suerunt,
1510 3027 1596 3061 digni
1629 3030 1715 3056 sunt.
1764 3025 1901 3055 Accedit

2009 1071 2013 1142 l
