2023 3350
745 73 980 108 AENEIDOS
1010 77 1097 110 LIB.
1124 78 1163 110 V.

1693 83 1776 123 227

133 184 305 227 Oblitus
338 184 592 239 decorisque
628 187 695 228 sui
733 187 981 242 sociumque
1018 189 1170 231 salutis

132 243 183 283 In
223 256 343 284 mare
375 244 658 297 praecipitem
692 245 828 299 puppi
866 245 1070 288 deturbat
1111 247 1166 289 ab
1208 248 1316 297 alta;

1697 254 1776 292 175

130 301 230 353 Ipse
270 300 530 354 gubernaclo
568 305 712 344 rector
752 302 886 354 subit,
931 304 1022 357 ipse
1058 305 1276 359 magister,

134 357 435 412 Hortatusque
472 358 608 410 viros,
663 359 915 415 clavumque
954 361 1011 404 ad
1045 362 1177 404 litora
1213 366 1400 417 torquet.

129 416 187 456 At
220 416 383 469 gravis,
428 419 477 457 ut
515 416 648 458 fundo
685 418 755 459 vix
790 418 965 460 tandem
1004 419 1199 461 redditus
1238 421 1324 462 imo
1367 425 1432 463 est

128 473 222 514 Iam
257 473 399 514 senior
431 473 693 528 madidaque
731 475 866 517 fluens
899 476 944 517 in
981 481 1098 518 veste
1135 478 1365 530 Menoetes,

131 529 307 572 Summa
342 531 453 584 petit
495 533 678 585 scopuli,
726 533 926 587 siccaque
961 534 1005 575 in
1043 549 1149 589 rupe
1188 536 1360 577 resedit.

1694 538 1775 578 180

128 587 255 629 Illum
291 592 334 629 et
374 588 591 630 labentem
626 590 777 631 Teucri
817 595 860 632 et
895 591 1029 632 risere
1070 596 1305 645 natantem,

128 645 186 686 Et
221 645 358 687 salsos
397 646 541 688 rident
578 651 868 689 revomentem
907 653 1082 702 pectore
1120 650 1288 691 fluctus.

127 702 209 744 Hic
244 703 361 744 laeta
402 705 604 746 extremis
645 719 742 759 spes
782 710 846 747 est
877 720 1060 748 accensa
1096 707 1275 755 duobus,

128 759 327 814 Sergesto
363 761 679 816 Mnestheique,
729 762 850 817 Gyan
890 778 1096 817 superare
1131 767 1384 806 morantem.

74 822 75 825 ’
128 817 354 871 Sergestus
386 820 503 872 capit
542 824 643 861 ante
682 820 842 873 locum,
888 822 1156 875 scopuloque
1194 821 1468 876 propinquat,

1693 825 1772 864 185

126 875 216 917 Nec
256 880 352 917 tota
391 880 536 918 tamen
576 877 649 919 ille
689 878 809 932 prior
846 883 1082 932 praeeunte
1121 881 1288 930 carina,

125 932 255 974 Parte
291 934 427 987 prim-3
474 938 643 987 partem
678 939 822 977 rostro
862 937 1022 989 premit
1050 937 1220 978 aemula
1258 936 1421 977 Pristis.

126 990 184 1031 At
219 991 363 1032 media
397 992 536 1033 socios
576 993 779 1034 incedens
818 1007 925 1034 nave
966 1007 1044 1046 per
1081 994 1198 1047 ipsos

126 1047 341 1089 Hortatur
378 1049 648 1090 Mnestheus:
702 1051 847 1101 Nunc,
896 1064 1008 1091 nunc
1042 1050 1253 1103 insurgite
1292 1049 1433 1098 remis,

125 1105 331 1147 Hectorei
371 1107 496 1158 socii,
541 1107 695 1147 Troiae
730 1121 839 1160 quos
878 1110 994 1148 sorte
1033 1121 1235 1161 suprema

1691 1107 1772 1146 190

125 1163 277 1216 Delegi
315 1163 510 1215 comites;
559 1178 671 1205 nunc
710 1164 807 1205 illas
843 1164 1030 1217 promite
1064 1165 1188 1215 vires,

124 1220 248 1262 Nunc
289 1221 474 1273 animos,
520 1220 676 1274 quibus
713 1221 758 1262 in
795 1221 990 1263 Gaetulis
1033 1221 1231 1276 Syrtibus
1267 1220 1334 1262 usi

123 1277 332 1332 Ionioque
368 1278 479 1320 mari
511 1278 767 1331 Maleaeque
805 1279 1062 1331 sequacibus
1104 1278 1244 1320 undis.

123 1336 221 1377 Non
250 1336 338 1377 iam
372 1336 514 1390 prima
550 1339 649 1389 peto
682 1336 955 1388 Mnestheus,
1004 1350 1143 1390 neque
1184 1336 1355 1377 vincere
1398 1337 1535 1384 certo,

123 1393 392 1447 Quamquam
421 1394 464 1434 o!
495 1419 552 1424 —
575 1393 649 1435 sed
679 1396 900 1447 superent,
931 1393 1088 1447 quibus
1115 1394 1208 1445 hoc,
1238 1393 1449 1446 Neptune,
1480 1389 1655 1441 dedisti,
1690 1392 1769 1431 195

123 1451 352 1493 Extremos
389 1451 552 1506 pudeat
591 1451 789 1493 rediisse:
835 1451 917 1493 hoc
952 1452 1110 1494 vincite
1146 1452 1270 1502 cives,

170 1611 243 1643 174.
276 1611 412 1645 Oblitus
437 1613 569 1645 decoris
595 1613 648 1644 sui
675 1620 734 1653 est,
759 1617 813 1646 cui
830 1621 921 1651 turpe

121 1664 170 1690 est
195 1664 260 1689 tam
285 1662 429 1697 graviter
458 1662 559 1691 irasci
591 1665 620 1690 et
645 1670 762 1691 manus
788 1663 921 1691 iniicere

123 1706 212 1743 seni;
237 1715 296 1736 1166
321 1708 439 1744 cogitat
462 1716 497 1736 se
523 1708 680 1742 imparem
701 1709 921 1744 gubernaculo

122 1759 235 1781 omnes
258 1754 365 1782 socios
394 1753 441 1782 ire
468 1754 634 1788 perditum.

172 1794 247 1825 177.
278 1795 412 1836 Litora,
445 1801 631 1835 scopulum,
656 1799 711 1834 qui
736 1803 803 1828 erat
827 1803 921 1828 meta.

170 1839 244 1871 178.
274 1840 330 1873 vix
365 1841 505 1873 tandem
544 1841 714 1873 redditus.
775 1846 922 1881 Longum

124 1893 193 1918 erat
217 1892 353 1926 tempus,
380 1894 553 1924 antequam
576 1890 716 1919 emersit.

173 1931 245 1962 179.
272 1932 384 1968 fluens
407 1932 441 1963 in
471 1937 562 1964 veste
586 1935 625 1964 cf.
651 1933 704 1964 37.

169 1977 244 2008 182.
275 1977 326 2009 Pl.
346 1981 455 2014 „Inter
479 1977 620 2019 lapsum
643 1985 673 2009 et
701 1977 922 2010 vomitionem

123 2034 187 2054 non
207 2030 331 2054 tantum
357 2026 509 2060 temporis
522 2026 572 2061 (ἶ)
593 2025 786 2062 intercessit,
809 2030 843 2054 ut
862 2033 922 2054 an-

120 2075 172 2100 tea
187 2068 330 2101 riserint
354 2075 383 2100 et
405 2080 490 2100 nunc
512 2068 678 2100 riderent.
718 2072 781 2099 Pro
808 2068 924 2099 rident

121 2118 254 2146 mallem
276 2114 460 2146 tremulof·
486 2119 521 2146 Id
545 2122 594 2145 est
618 2118 735 2145 nodum
760 2117 791 2144 in
817 2116 923 2150 scirpo

122 2170 276 2198 quaerere
299 2167 327 2192 et
355 2165 483 2192 turbare
509 2163 731 2191 narrationem
757 2162 924 2196 lepidissi-

123 2216 218 2238 mam.

171 2251 245 2283 184.
269 2255 317 2282 De
344 2254 454 2282 dativo
485 2250 658 2282 Mnesthei
686 2253 724 2282 cf.
751 2252 772 2287 S
796 2249 847 2280 10.
883 2267 920 2271 —-

127 2296 230 2339 Gyan
269 2301 461 2329 morantem
508 2299 710 2336 gubernandi
750 2297 922 2332 imperitia.

126 2360 164 2365 ——
193 2342 280 2384 Spes
305 2349 354 2373 est
381 2352 549 2383 superare
574 2345 612 2374 cf.
640 2342 706 2373 638
731 2348 760 2372 et
787 2342 816 2380 4,
844 2341 920 2371 305.

171 2387 245 2418 185.
279 2387 363 2419 ch.
408 2387 606 2420 antelocum
653 2392 786 2426 hyphen
833 2392 922 2424 putat

122 2444 207 2464 esse.
254 2436 312 2464 Est
342 2439 450 2464 autem
481 2440 555 2465 ante
579 2436 665 2472 capit
690 2437 797 2465 locum
823 2442 921 2470 quam

125 2483 323 2510 Mnestheus

173 2524 244 2554 187.
269 2528 407 2565 partem
431 2528 473 2554 M.
513 2523 643 2565 partim
671 2526 820 2555 videntur
841 2528 921 2554 Mss.

125 2574 202 2601 dare
224 2574 345 2607 plures.
400 2572 461 2600 Sed
495 2574 576 2601 haec
613 2571 715 2600 forma
739 2573 858 2600 dudum
889 2571 924 2599 in

123 2618 315 2647 adverbium
339 2617 428 2646 abiit.
479 2618 566 2651 Quod
590 2618 679 2646 docet
696 2619 776 2646 Geli.
802 2614 851 2652 10,
872 2614 922 2644 13.

173 2661 246 2692 189.
277 2660 458 2703 [insurgite
480 2660 603 2697 remis,
628 2663 715 2692 omni
739 2663 775 2691 vi
800 2663 925 2691 incum-

123 2709 196 2739 bite.
261 2709 316 2738 Sic
353 2707 389 2744 3,
425 2705 501 2736 207.
540 2706 618 2736 560.
683 2710 925 2745 „Exsurgentes

124 2755 239 2785 fortius
271 2752 503 2791 remigamus.“
539 2755 570 2782 S.
620 2755 697 2783 Luc.
725 2752 755 2790 3,
780 2751 846 2781 543
883 2750 922 2782 In

125 2802 280 2830 transtra
316 2797 450 2829 cadunt
481 2801 512 2829 et
542 2796 646 2828 remis
675 2801 820 2838 pectora
846 2796 926 2838 pul-

125 2848 217 2876 sant.
250 2847 327 2875 Val.
355 2847 402 2874 Fl.
428 2843 459 2882 2,
478 2843 519 2873 13
552 2841 638 2873 Vela
663 2841 801 2884 legunt,
822 2842 926 2873 remis

126 2888 336 2932 insurgitur.
393 2891 454 2925 Qui
485 2891 568 2919 vidit
599 2890 738 2926 remiges
775 2890 808 2918 in
843 2890 926 2918 mari

125 2944 229 2965 remos
266 2938 500 2973 propellenteS,
542 2936 619 2971 quid
656 2935 699 2964 sit
740 2932 926 2976 insurgere

127 2981 288 3019 intelligit.

1019 1612 1092 1644 190.
1118 1611 1281 1644 Hectorei
1306 1611 1391 1642 socii
1410 1614 1431 1641 i.
1448 1622 1475 1641 6.
1498 1611 1654 1641 Hectoris
1692 1614 1773 1641 Sunt

969 1662 1069 1698 igitur
1094 1660 1273 1689 fortissimi.
1323 1659 1371 1688 Cf.
1396 1657 1427 1695 2,
1452 1656 1529 1686 534.

1018 1704 1091 1735 191.
1119 1708 1156 1734 111
1181 1705 1461 1735 exhortationibus
1483 1704 1625 1732 militum
1653 1703 1771 1738 ubique

969 1754 1083 1781 laudes
1110 1760 1216 1781 rerum
1243 1756 1408 1787 gestarum
1432 1751 1602 1778 adduntur.

1021 1796 1094 1826 192.
1125 1796 1244 1836 Syrtes
1275 1793 1449 1825 Gaetulae
1474 1799 1506 1824 ut
1534 1793 1587 1823 51.

968 1845 1048 1873 estis
1069 1843 1108 1873 cf.
1130 1841 1207 1871 362.

1018 1888 1092 1918 193.
1123 1885 1244 1917 Malea
1282 1892 1351 1916 erat
1386 1885 1551 1915 Laconiae
1588 1889 1772 1919 promonto-

969 1937 1062 1972 rium,
1083 1934 1269 1970 naufragiis
1295 1933 1430 1968 infame;
1453 1932 1525 1960 inde
1545 1931 1768 1966 proverbium:

971 1975 1125 2015 Μαλέας
1173 1973 1211 2008 ὁὶ
1263 1972 1413 2016 κάμψας
1465 1969 1649 2006 ἐπιλάθου
1698 1971 1772 2004 τῶν

970 2021 1106 2054 οἴκαδε.
1141 2040 1178 2044 -
1211 2022 1385 2063 Sequaces
1410 2020 1528 2051 undae
1552 2026 1582 2050 et
1600 2020 1774 2060 flammae

970 2078 1134 2109 sequaces
1159 2068 1190 2105 8,
1217 2066 1283 2096 432
1318 2072 1391 2097 sunt
1418 2075 1500 2103 quae
1525 2068 1624 2096 nimio
1651 2068 1771 2102 impetu

971 2119 1159 2151 sequuntur,
1183 2115 1237 2143 ubi
1261 2115 1348 2142 mida
1367 2115 1488 2142 undam
1508 2113 1668 2149 propellit,
1687 2113 1771 2148 quod

971 2161 1001 2189 fit
1026 2161 1167 2189 maxime
1194 2162 1318 2188 turbato
1343 2159 1443 2195 mari,
1472 2159 1615 2192 navique
1640 2163 1690 2186 est
1713 2166 1769 2193 pe-

971 2205 1247 2235 riculosissimum
1270 2204 1309 2233 cf.
1336 2206 1388 2232 Gr.
1411 2204 1434 2237 S
1459 2201 1536 2239 210,
1564 2201 1592 2231 1.

1021 2248 1094 2279 194.
1125 2246 1328 2279 ,Mnestheus
1349 2252 1416 2277 erat
1441 2252 1512 2283 post
1535 2248 1683 2276 Aeneam
1705 2247 1771 2276 for-

971 2296 1120 2326 tissimus
1146 2296 1360 2323 Troianorum
1383 2293 1422 2322 cf.
1446 2291 1476 2330 9,
1502 2290 1575 2321 171.
1598 2291 1675 2320 306.
1703 2290 1769 2320 779

970 2347 1028 2371 616.
1079 2340 1412 2377 1311111111111ἕ1111110116
1441 2346 1556 2367 nomen
1583 2338 1688 2375 addit,
1730 2337 1770 2367 cf.

973 2386 1001 2423 1,
1028 2385 1080 2415 49.
1129 2389 1214 2423 Ego,
1241 2386 1322 2415 tanti
1347 2384 1487 2413 nominis
1511 2384 1567 2419 qui
1591 2391 1682 2419 sum,
1705 2383 1771 2412 iam

970 2437 1138 2463 contentus
1163 2440 1227 2469 ero,
1248 2432 1278 2460 si
1302 2431 1448 2459 invictus
1472 2430 1591 2458 abiero.
1640 2429 1770 2458 Invitus

969 2484 1076 2508 tamen
1101 2479 1200 2514 cedit3
1235 2484 1334 2512 quare
1361 2476 1461 2505 addit:
1495 2482 1709 2514 quamquam
1732 2471 1771 2503 o!

969 2526 1026 2554 sed
1051 2531 1230 2559 suppressa
1257 2531 1334 2551 voce
1360 2521 1471 2550 statim
1495 2520 1678 2556 subiungit:
1709 2515 1770 2548 sed

971 2572 1154 2610 superent,
1199 2569 1287 2598 addit
1325 2572 1430 2596 tamen
1468 2566 1585 2601 quibus
1624 2573 1660 2594 se
1700 2564 1772 2600 ipse

970 2618 1169 2645 consolatur:
1202 2611 1326 2654 quibus
1354 2610 1416 2641 hoc
1447 2609 1488 2640 N.
1515 2608 1666 2645 dedisei‚·
1707 2618 1772 2639 non

970 2662 1068 2698 igitur
1106 2668 1168 2690 sua
1199 2661 1335 2695 virtute,
1374 2659 1430 2686 sed
1469 2657 1520 2685 dei
1560 2656 1687 2686 auxilio
1721 2664 1771 2685 me

972 2708 1118 2736 vinctmt.

1020 2750 1095 2781 195.
1126 2749 1346 2789 Quamquam
1369 2757 1387 2776 ο
1413 2748 1462 2776 sic
1492 2743 1541 2784 11,
1568 2743 1632 2775 415
1654 2746 1709 2781 [in
1726 2746 1773 2775 si-

972 2798 1042 2827 mili
1067 2797 1167 2825 Turni
1192 2794 1365 2829 oratione).

1020 2841 1095 2871 196.
1120 2838 1278 2870 rediisse.
1310 2840 1357 2867 De
1382 2839 1484 2867 forma
1509 2838 1548 2867 cf.
1577 2835 1608 2874 3,
1632 2835 1708 2865 603.
1731 2852 1769 2856 -—

975 2885 1050 2918 Hoc
1079 2887 1146 2916 noli
1179 2887 1311 2921 iungere
1343 2892 1416 2913 cum
1450 2882 1553 2921 nefas
1586 2883 1626 2912 cf.
1654 2883 1712 2911 Sil.
1740 2879 1772 2919 4,

973 2932 1038 2962 432
1059 2931 1213 2974 primum
1238 2928 1300 2960 hoc
1326 2927 1442 2959 vincat
1467 2936 1626 2959 servasse
1647 2935 1775 2968 paren-

974 2982 1054 3010 tem.

1638 1791 1693 1823 usi
1724 1803 1770 1823 sc.
