2023 3350
24 3223 25 3228 Α
21 3164 25 3195 μ,
3 3088 23 3135 ΛΞ(
3 2991 22 3070 „Am-i.
12 2951 19 2970 -ι
9 2811 19 2930 ψιμ.

679 172 916 207 AENEIDOS
943 175 1028 207 LIB.
1054 175 1095 207 X.

1622 176 1701 215 521

70 289 232 333 Suadet
261 289 372 331 enim
409 301 568 329 vesana
609 286 760 339 fames,
799 287 834 329 si
870 287 985 329 forte
1026 286 1223 341 fugacem

69 347 303 402 Conspexit
343 358 566 399 capream,
605 349 681 387 aut
722 349 968 399 surgentem
1005 345 1050 386 in
1092 360 1255 387 cornua
1289 359 1480 399 cervum,

1625 349 1706 387 725

69 405 258 456 Gaudet,
289 403 411 445 hians
451 403 659 454 immane,
702 417 932 456 comasque
964 403 1145 455 arrexit,
1185 407 1228 446 et
1263 404 1414 446 haeret

69 462 313 505 Visceribus
352 474 482 515 super
513 460 781 514 incumbens3
820 461 926 503 lavit
960 460 1161 515 improba
1199 465 1339 503 taeter

71 521 157 562 Ora
195 532 320 561 cruor
335 531 344 569 3

69 579 138 621 Sic
174 576 262 618 ruit
292 575 338 617 in
373 574 527 617 densos
567 575 710 618 alacer
751 576 986 618 Mezentius
1024 575 1181 617 hostes.

69 634 282 678 Sternitur
317 631 469 674 infelix
510 633 674 685 Acron,
716 637 758 675 et
795 633 983 675 calcibus
1021 637 1163 675 atram

1626 634 1708 674 730

67 691 224 734 Tundit
264 690 440 732 humum
476 692 720 745 exspirans,
757 692 1027 745 infractaque
1064 691 1153 733 tela
1197 692 1406 731 cruentat.

65 751 205 803 Atque
234 747 348 790 idem
392 748 627 802 fugientem
664 749 780 791 haud
826 753 890 791 est
928 749 1130 803 dignatus
1166 747 1338 790 Oroden

67 807 287 858 Sternere,
325 819 404 848 nec
438 806 556 849 iacta
594 820 769 849 caecum
803 807 907 849 dare
945 807 1120 861 cuspide
1153 806 1327 857 volnus3

66 864 225 906 Obvius
256 863 527 918 adversoque
565 865 771 917 occurrit,
812 879 942 919 seque
977 865 1067 906 viro
1103 864 1169 906 vir

66 922 278 974 Contulit,
315 921 433 964 haud
468 922 584 964 furto
626 923 780 964 melior
819 923 894 965 sed
933 922 1119 964 fortibus
1163 921 1306 964 armis.
1628 920 1651 958 7

1657 920 1680 959 02

1687 919 1709 958 αι

63 980 171 1022 Tum
206 993 338 1034 super
368 979 583 1022 abiectum
621 981 761 1034 posito
802 980 911 1035 pede
942 980 1067 1022 nixus
1104 983 1147 1022 et
1182 980 1327 1021 hasta:

2 1043 7 1046 ”
63 1038 171 1080 Pars
211 1037 313 1080 belli
345 1037 465 1079 haud
502 1038 752 1090 temnenda,
789 1039 885 1090 viri,

925 1037 1038 1080 iacet
1078 1038 1192 1080 altus
1231 1036 1406 1079 Orodes.

66 1095 346 1138 Conclamant
384 1096 491 1137 socii
528 1096 690 1138 laetum
724 1110 892 1150 paeana
926 1096 1074 1137 secuti.

63 1153 143 1195 llle
180 1158 324 1196 autem
364 1153 608 1208 exspirans:
648 1154 745 1195 Non
784 1168 872 1206 me,

63 1211 233 1263 Victor,
269 1225 347 1252 nec
387 1211 565 1265 longum
601 1211 841 1253 laetabere:
881 1215 925 1254 te
961 1225 1132 1265 quoque
1171 1210 1264 1253 fata

907 1154 1149 1208 quicunque
1192 1167 1236 1194 es
1247 1186 1256 1203 ,
1293 1152 1448 1204 inulto,
1629 1213 1711 1252 740

63 1269 350 1323 Prospectant
385 1269 511 1323 paria
552 1272 684 1323 atque
725 1269 875 1311 eadem
911 1283 1012 1310 mox
1051 1283 1154 1310 arva
1192 1266 1371 1311 tenebis.

62 1327 132 1369 Ad
171 1341 298 1382 quem
332 1327 559 1369 subridens
593 1328 730 1369 mixta
765 1327 1000 1369 Mezentius
1037 1326 1123 1368 ira:

64 1441 125 1469 spe
148 1433 307 1463 frustrata
325 1434 439 1463 iterum
458 1435 640 1469 iterumque
664 1437 772 1464 locum
791 1442 866 1469 per-

63 1487 200 1516 agrare,
248 1481 323 1509 inde
355 1481 458 1509 maior
496 1481 594 1509 etiam
632 1481 738 1509 leonis
776 1479 867 1509 furor

63 1531 132 1555 est:
159 1523 189 1554 si
206 1523 348 1556 tandem
368 1523 557 1566 conspexit,
583 1524 731 1567 gaudet.
768 1528 866 1556 Com-

65 1579 146 1607 para
170 1572 205 1608 9,
233 1571 311 1601 339.
362 1588 406 1592 —
458 1570 611 1601 Stabula
643 1578 752 1601 autem
787 1570 865 1601 alea

63 1617 206 1647 ferarum
233 1623 308 1647 sunt
334 1618 459 1656 silvae,
493 1623 525 1647 ut
546 1618 585 1655 6,
615 1617 689 1648 179.
720 1618 759 1656 9,
785 1617 870 1647 388.

63 1665 136 1693 Val.
163 1666 211 1693 ΕΙ.
235 1663 266 1701 2,
291 1662 369 1693 548.
405 1665 465 1693 Ov.
490 1667 533 1693 M.
564 1664 595 1701 6,
621 1663 683 1693 521
713 1673 774 1694 rer
798 1673 866 1693 na-

63 1711 137 1739 tam
168 1707 205 1738 in
233 1707 375 1739 stabula
404 1707 480 1739 alta
517 1706 646 1746 trahit,
684 1707 783 1739 silvis
809 1707 867 1739 ob-

63 1763 168 1784 scura
190 1753 347 1786 vetustis.
393 1753 443 1785 Pl.
460 1757 545 1785 coni.
566 1754 590 1785 1.
609 1764 670 1786 ceu
695 1763 799 1796 saepe
814 1753 867 1785 leo

63 1798 206 1831 stabula
232 1799 309 1830 alta
333 1809 531 1841 pererrans.

110 1856 190 1887 724.
219 1855 356 1888 Suadet
390 1859 429 1887 de
461 1861 560 1887 rebus
590 1859 744 1888 inanimis
772 1857 809 1896 2,
835 1858 866 1887 9.

65 1919 112 1924 —
130 1902 317 1945 fugacem,
340 1906 508 1940 velocem,
542 1909 572 1933 ut
597 1905 676 1940 fuga
701 1907 740 1934 de
766 1905 868 1934 celeri

66 1950 185 1978 dicitur
209 1955 297 1978 motu
323 1949 365 1979 cf.
396 1949 423 1987 Ι,
448 1949 526 1979 317.

110 2005 189 2034 725.
214 2009 416 2047 surgentem
466 2004 501 2035 iu
552 2015 683 2036 cornua
730 2014 868 2035 cervum

66 2053 246 2088 „cornibus
281 2050 500 2081 eminentem“
528 2055 560 2081 S.
583 2053 623 2082 cf.
659 2054 720 2081 Ov.
747 2055 787 2081 M.
816 2051 867 2089 10,

65 2098 134 2127 538
158 2095 285 2127 celsum
310 2096 346 2127 in
371 2107 502 2127 cornua
529 2106 680 2135 cervum,
713 2102 742 2127 et
770 2106 866 2134 prae-

66 2144 262 2179 positionem
291 2145 393 2173 simili
429 2146 524 2173 modo
560 2150 754 2180 usurpatam
791 2145 866 2173 vide

67 2189 99 2228 9,
126 2188 202 2220 749.
251 2191 303 2219 Ad
330 2198 398 2220 rem
424 2190 466 2219 cf.
495 2190 528 2228 1,
556 2190 632 2220 189.

111 2245 190 2276 726.
213 2244 367 2277 immane
390 2249 466 2277 adv.
493 2247 534 2277 cf.
560 2247 592 2284 8,
619 2246 698 2276 489.
730 2263 774 2267 -
808 2255 867 2276 ar-

67 2289 174 2321 rexit:
219 2295 392 2331 „naturale
430 2294 533 2332 enim,
576 2297 609 2323 ut
640 2293 715 2322 irati
748 2295 867 2323 leones

68 2338 194 2373 erigant
219 2337 349 2369 iubas.“
375 2343 408 2369 S.

113 2392 192 2423 727.
218 2391 386 2436 improba,
411 2397 508 2426 nimis
527 2397 676 2426 voracia.
717 2397 773 2425 Sic
788 2405 869 2432 pos-

69 2444 144 2469 sunt
175 2441 336 2476 explicari
367 2442 425 2480 12,
454 2442 539 2480 250,
581 2443 741 2478 imprimis
776 2446 811 2472 G.
840 2443 868 2479 1,

68 2485 146 2514 119.
171 2485 204 2521 3,
241 2485 319 2515 431.
370 2489 509 2518 Omnino
535 2486 713 2529 improbus
737 2493 789 2518 est
819 2489 869 2518 ni-

69 2532 156 2561 mius
186 2532 229 2560 cf.
255 2531 287 2569 2,
311 2532 386 2563 356.

114 2575 193 2606 731.
221 2576 406 2618 exspirans·
449 2579 491 2608 cf.
521 2581 599 2609 Hor.
635 2583 694 2616 Ep.
734 2580 771 2619 5,
813 2580 868 2609 91.

67 2623 153 2652 Ρ1111.
180 2625 261 2652 Pan.
285 2624 329 2654 57
353 2623 555 2665 exspirante
569 2623 740 2656 libertate.
757 2642 796 2646 —
816 2624 870 2655 in-

63 2668 190 2708 fracta
216 2670 237 2698 i.
262 2679 290 2700 e.
318 2669 425 2700 fracta
447 2670 488 2700 cf.
513 2671 545 2709 5,
572 2671 649 2701 784.
675 2674 747 2703 Val.
772 2671 868 2709 F1.3,

67 2714 138 2744 287
162 2712 319 2751 infracta
353 2719 492 2757 pectore
525 2715 608 2746 tela.
656 2719 708 2748 Ad
735 2727 802 2748 rem
827 2719 869 2748 cf.

71 2760 103 2800 9,
135 2760 212 2790 412.

115 2806 193 2836 732.
219 2810 291 2837 Non
312 2807 392 2842 fugit
415 2807 597 2846 formidine,
626 2811 683 2838 sed
712 2810 778 2839 alio
805 2817 869 2846 quo

71 2861 152 2883 casu
179 2857 329 2890 coactus,
362 2861 435 2882 nam
461 2853 556 2882 fortis
583 2859 632 2883 est
655 2855 696 2884 cf.
722 2854 801 2884 737.
824 2872 869 2876 —

70 2899 179 2928 Noluit
193 2904 302 2928 aulem
312 2900 499 2928 Mezentius
514 2899 692 2935 fugientem
707 2902 870 2939 occidere,

73 2946 132 2974 sed
155 2947 251 2974 modo
278 2946 468 2975 adversum.
494 2961 539 2965 —
562 2948 641 2974 Sunt
666 2947 719 2981 qui
742 2947 870 2982 fugien—

73 2993 137 3019 tem
193 2992 360 3027 explicant
411 2995 736 3028 praetervehentem;
785 2995 869 3027 quod

75 3038 197 3075 placet,
240 3038 306 3067 nisi
337 3039 422 3072 quod
457 3038 553 3066 nimis
585 3040 726 3067 obscure
752 3039 873 3068 dictum

75 3087 176 3111 esset.
203 3099 247 3103 —-
275 3081 406 3125 dignor
431 3092 460 3114 c.
485 3084 540 3114 inf.
567 3082 600 3123 4,
622 3083 697 3114 192.

956 1433 1035 1462 733.
1061 1441 1200 1462 caccum
1235 1429 1380 1470 volnus,
1418 1433 1504 1466 quod
1539 1440 1604 1461 non
1636 1437 1712 1461 ante

912 1481 1065 1515 cernitur,
1092 1480 1177 1514 quod
1194 1478 1226 1507 in
1242 1484 1332 1513 tergo
1347 1481 1409 1515 est,
1435 1486 1558 1507 caecus
1573 1479 1713 1514 passive

911 1526 952 1555 cf.
979 1525 1010 1561 6,
1037 1525 1113 1554 715.

957 1570 1033 1601 734.
1062 1568 1181 1600 obuius
1199 1566 1347 1600 occurrit
1365 1566 1513 1598 adverso
1530 1569 1571 1599 cf.
1586 1578 1617 1600 v.
1633 1569 1712 1599 552.

957 1616 1034 1647 735.
1056 1616 1160 1655 furto
1192 1617 1232 1653 „i.
1277 1625 1306 1645 e.
1347 1614 1499 1644 insidiis“
1533 1619 1565 1645 S.
1606 1616 1647 1645 cf.
1681 1616 1712 1653 6,

912 1663 989 1692 568.
1026 1679 1071 1682 ——
1103 1660 1260 1700 fortibus
1287 1659 1394 1691 armis
1422 1669 1488 1696 qua
1511 1663 1639 1691 ratione
1664 1662 1714 1691 di-

910 1714 998 1739 ctum
1023 1709 1062 1738 sit
1088 1708 1129 1737 cf.
1158 1706 1196 1745 4,
1228 1707 1281 1736 11.
1304 1722 1350 1726 —
1374 1705 1496 1736 melior
1521 1716 1549 1737 c.
1575 1710 1639 1737 abl.
1671 1708 1712 1738 cf.

912 1755 944 1792 9,
969 1754 1023 1784 40.
1049 1770 1094 1774 —-
1119 1754 1280 1789 Quaesira
1311 1757 1360 1782 est
1380 1753 1455 1781 soni
1477 1753 1655 1783 similitudo
1680 1755 1714 1783 in

909 1799 1010 1838 furto
1047 1804 1078 1829 et
1113 1797 1276 1838 fortibus.
1338 1799 1442 1828 Cuius
1478 1799 1524 1828 rei
1559 1802 1715 1835 exempla

913 1847 978 1875 alia
1004 1845 1150 1881 proferre
1176 1849 1353 1881 propterea
1376 1844 1488 1873 inutile
1525 1849 1592 1882 est,
1627 1847 1715 1880 quod

914 1892 1034 1927 quavis
1059 1896 1132 1920 sunt
1158 1892 1190 1920 in
1210 1891 1336 1928 lingua,
1361 1898 1458 1925 quum
1475 1891 1627 1920 omnibus
1653 1894 1715 1920 ho—

915 1939 1055 1973 minibus
1080 1938 1226 1966 innatum
1252 1937 1310 1973 sit,
1353 1937 1382 1965 si
1403 1938 1466 1965 hoc
1494 1937 1604 1965 dicere
1625 1938 1714 1975 licet,

913 1985 945 2013 in
973 1979 1087 2012 verbis
1114 1984 1233 2013 similis
1265 1982 1337 2012 soni
1371 1989 1531 2017 quaerere
1556 1991 1713 2020 acumem

913 2031 945 2059 in
971 2030 1113 2065 singulis
1129 2037 1209 2058 vero
1238 2029 1312 2063 quid
1333 2028 1489 2066 ineptum,
1513 2029 1587 2063 quid
1602 2035 1714 2065 aptum

915 2077 1081 2112 videatur,
1123 2076 1256 2104 vacillat
1296 2074 1461 2104 nominum
1499 2075 1654 2104 iudicium
1683 2080 1714 2105 et

912 2123 1030 2151 variat.
1067 2121 1114 2152 Cf.
1144 2121 1180 2160 1,
1204 2119 1281 2150 684.
1323 2119 1356 2159 2,
1381 2117 1461 2149 494.
1505 2120 1537 2158 9,
1563 2120 1618 2150 89.
1663 2120 1714 2160 12,

914 2167 990 2197 139.

958 2213 1038 2243 736.
1064 2210 1248 2248 abiectum,
1273 2215 1481 2248 prostratum.

960 2258 1038 2289 738.
1069 2256 1165 2288 Socii
1180 2255 1349 2287 Mezentii
1361 2259 1567 2287 conclamant
1585 2265 1715 2292 paeana

912 2307 933 2335 i.
960 2314 988 2334 e.
1015 2309 1137 2334 canunt
1157 2304 1340 2334 victoriam.
1389 2303 1436 2333 Cf.
1468 2303 1518 2340 ll,
1544 2302 1621 2333 622.
1663 2301 1714 2332 Pl.

913 2352 1000 2381 coni.
1017 2349 1110 2380 laeto
1132 2358 1270 2390 paeane
1293 2346 1415 2385 secuti,
1441 2354 1475 2378 ut
1499 2349 1530 2386 9,
1555 2348 1610 2377 54.
1637 2348 1714 2378 636.

914 2400 979 2428 Sed
1003 2406 1069 2426 non
1100 2405 1195 2432 opus.

960 2442 1037 2472 740.
1067 2446 1175 2478 Saepe
1201 2441 1292 2471 caesi
1327 2440 1541 2471 caedentibus
1572 2439 1716 2469 suturam

914 2494 1051 2519 mortem
1077 2489 1281 2524 praedicunt,
1313 2487 1360 2515 ita
1383 2487 1557 2515 Patroclus
1582 2487 1717 2515 Hectori

914 2538 1009 2566 Hom.
1028 2538 1066 2564 Il.
1092 2535 1141 2572 16,
1165 2533 1242 2571 851,
1269 2535 1389 2562 Hector
1407 2532 1528 2561 Achilli
1551 2530 1607 2570 22,
1629 2532 1714 2569 3583

915 2590 990 2611 nam
1020 2581 1114 2610 morti
1139 2579 1262 2608 vincini
1296 2579 1406 2607 futura
1434 2578 1586 2606 videntur
1618 2586 1716 2613 prae-

915 2629 1040 2657 viuere.
1089 2626 1136 2656 Cf.
1164 2625 1230 2655 Cic.
1263 2626 1302 2653 de
1335 2625 1399 2653 div.
1427 2623 1461 2659 1,
1484 2623 1537 2652 30.
1586 2626 1625 2652 Ei
1663 2628 1716 2653 est

916 2675 1028 2709 aliqua
1048 2673 1231 2701 ulciscendi
1256 2671 1350 2699 ratio.
1372 2685 1417 2688 —
1445 2666 1606 2710 Longum
1626 2672 1716 2705 expl.

915 2721 974 2748 Lu.
989 2720 1030 2748 ad
1051 2725 1195 2747 normam
1220 2713 1256 2744 id
1279 2720 1312 2745 te
1329 2713 1449 2744 hortor
1473 2715 1545 2744 sive
1564 2713 1715 2756 ,longam

916 2762 1089 2793 laetitiam
1109 2761 1190 2791 laet.
1217 2764 1285 2797 Ego
1295 2759 1440 2800 longum
1453 2769 1549 2790 sumo
1564 2770 1642 2791 esse
1658 2770 1715 2797 pro

915 2808 1059 2848 longum
1088 2813 1222 2846 tempus
1246 2808 1319 2837 sive
1345 2804 1419 2836 diu.

961 2854 1039 2884 742.
1065 2852 1112 2883 acl
1134 2861 1231 2893 quem
1258 2855 1361 2881 MRbc
1388 2853 1408 2881 i.
1435 2860 1464 2881 e.
1497 2853 1567 2888 cui;
1614 2852 1660 2882 ita
1685 2852 1716 2890 1,

915 2899 969 2930 64.
994 2898 1041 2929 ad
1068 2908 1167 2941 quem
1191 2896 1376 2927 subridens
1410 2907 1458 2927 sc.
1485 2899 1566 2927 uixit
1590 2900 1662 2928 Iuv.
1684 2898 1716 2936 2,

917 2946 971 2975 38.
997 2943 1044 2975 ad
1074 2953 1163 2986 qnae
1188 2946 1263 2983 va
1288 2953 1353 2973 rec.
1385 2941 1449 2973 Ld.
1467 2942 1528 2973 [th.
1560 2960 1606 2967 ——-
1637 2942 1717 2974 sub-

918 2989 1056 3020 ridens:
1102 2994 1153 3020 Ex
1182 2993 1244 3019 hoc
1268 2995 1299 3019 el
1322 2991 1538 3025 sequentihus
1554 2991 1717 3028 videmus,

921 3038 1001 3066 nihil
1024 3040 1086 3065 hoc
1101 3037 1290 3066 vaticinium
1312 3037 1455 3065 ferocem
1479 3037 1551 3065 eius
1572 3037 1716 3066 animum

920 3084 1102 3120 mitigasse.
1134 3086 1182 3113 Tu
1208 3091 1348 3121 morere,
1374 3084 1414 3112 de
1437 3090 1489 3111 me
1506 3083 1572 3112 noli
1588 3091 1715 3112 curare.
