2023 3350
231 140 313 180 260

799 136 837 168 P.
863 134 1064 169 VIRGILII
1089 135 1300 171 MARONIS

233 249 438 294 Caeruleo
474 262 553 303 per
591 260 759 289 summa
796 247 902 289 levis
942 248 1061 290 volat
1094 262 1287 303 aequora
1327 262 1468 292 curru.

231 306 470 350 Subsidunt
506 304 668 356 undae,
713 304 1016 358 tumidumque
1053 305 1133 347 sub
1169 320 1250 348 axe
1284 308 1458 349 tonanti

1793 310 1879 350 820

232 364 449 407 Sternitur
478 375 641 416 aequor
680 362 826 416 aquis,
867 361 1039 416 fugiunt
1073 365 1195 405 vasto
1235 364 1411 407 aethere
1444 365 1590 407 nimbi.

231 422 338 463 Tum
372 419 519 461 variae
555 418 760 460 comitum
801 419 957 471 facies,
1001 419 1207 462 immania
1247 425 1350 473 cete,

231 479 288 520 Et
333 476 478 518 senior
522 475 677 518 Glauci
718 476 899 528 chorus,
940 477 1159 531 Inousque
1191 477 1435 532 Palaemon,

231 534 516 587 Tritonesque
554 534 646 585 citi,
692 534 936 588 Phorcique
968 535 1183 577 exercitus
1220 536 1378 588 omnis,

230 593 373 633 Laeva
411 593 529 632 tenet
568 591 733 643 Thetis,
778 596 821 633 et
858 591 1029 643 Melite,
1072 591 1359 646 Panopeaque
1389 593 1522 647 virgo,

1795 596 1879 636 825

232 650 414 700 Nesaee,
461 648 667 702 Spioque,
712 648 952 702 Thaliaque
992 649 1334 703 Cymodoceque.

344 705 426 747 Hic
463 707 603 759 patris
641 707 812 748 Aeneae
853 720 1106 761 suspensam
1140 706 1304 748 blanda
1341 707 1528 749 vicissim

233 763 404 805 Gaudia
440 766 691 817 pertentant
727 768 936 816 mentem3
977 764 1098 806 iubet
1139 764 1257 806 ocius
1296 777 1444 806 omnes

230 821 389 862 Attolli
423 820 583 873 malos,
623 821 791 864 intendi
827 821 1009 864 brachia
1045 821 1163 864 velis.

231 878 328 920 Una
367 891 514 921 omnes
551 877 691 921 fecere
731 879 905 934 pedem3
950 880 1203 934 pariterque
1238 878 1449 930 sinistros,

231 1046 326 1071 vento
357 1046 484 1071 creatos
516 1044 536 1072 i.
569 1052 597 1072 e.
631 1046 762 1073 celereS.
823 1041 895 1074 Pl..-
934 1041 1033 1073 hand

230 1095 330 1116 mora
351 1085 473 1128 iungit
493 1096 599 1128 equos
619 1088 771 1129 genitor.
807 1087 891 1119 Lu„-
916 1098 1033 1119 curru.

278 1129 355 1161 819.
384 1129 488 1163 Levis
513 1135 551 1163 de
583 1137 715 1164 volante
748 1136 865 1164 dicitur
896 1144 928 1165 v.
955 1133 1032 1164 838.

233 1176 263 1215 6,
294 1175 344 1206 17.
380 1180 446 1207 Ecl.
468 1177 499 1216 1,
525 1177 577 1208 60.
629 1181 676 1209 Cf.
710 1181 785 1209 Hor.
813 1182 847 1210 C.
875 1177 906 1218 4,
931 1179 962 1218 2,
990 1178 1031 1208 25

234 1220 425 1252 Dircaeum
448 1221 543 1255 levat
565 1233 655 1255 aura
675 1234 817 1265 cycnum
838 1226 858 1254 i.
878 1234 904 1255 e.
931 1226 1034 1255 subli-

231 1277 317 1298 mem
338 1269 407 1298 fert.

279 1312 355 1343 820.
383 1314 477 1351 „Nisi
502 1323 620 1345 versus
651 1316 789 1353 excidit,
829 1324 892 1344 non
927 1313 1033 1345 tumi-

233 1356 315 1388 dum
353 1361 411 1389 sed
446 1357 629 1399 placidum
660 1362 789 1391 videtur
823 1365 918 1396 poeta
951 1361 1036 1390 scri-

231 1404 362 1440 psisse“
403 1403 487 1446 Wg.
541 1407 587 1435 At
624 1407 654 1436 si
685 1407 841 1436 tumidum
871 1407 1035 1445 sternitur,

232 1450 264 1478 fit
296 1450 470 1485 placidum.

281 1493 358 1525 821.
377 1493 440 1525 Πὸ.
457 1499 593 1525 testatur
607 1494 761 1537 fugiunt
780 1499 879 1526 vasto
898 1494 1036 1527 aethere

236 1549 310 1570 esse
336 1542 370 1569 in
393 1542 502 1578 MPR,
527 1542 561 1569 in
585 1543 618 1570 M
643 1546 750 1571 autem
777 1544 1035 1578 suprascriptum

237 1584 266 1624 Q
294 1594 345 1615 ex.
385 1585 514 1616 Vastus
537 1591 645 1616 autem
669 1588 788 1618 dicitur
806 1591 927 1626 aether,
952 1590 1035 1624 quod

235 1632 376 1660 nubibus
415 1633 572 1661 obductus
611 1637 677 1668 est3
717 1634 825 1668 itaque
862 1639 891 1663 et
928 1636 1035 1663 undae

232 1679 405 1712 placantur
429 1682 459 1706 et
480 1681 583 1707 nubes
610 1680 771 1714 recedunt,
790 1680 909 1715 quibus
929 1681 1035 1708 undae

234 1724 340 1752 solent
373 1724 509 1752 moveri.
575 1725 712 1761 Stanger
752 1729 852 1754 totum
887 1725 1035 1754 hemisti-

235 1769 343 1797 chium
368 1770 461 1797 delet.

278 1811 356 1842 522.
387 1810 449 1842 Rb.
491 1815 583 1851 „Non
620 1818 724 1849 potest
759 1815 886 1853 integra
920 1816 1034 1845 haberi

232 1859 394 1888 sententia
434 1856 607 1888 822—24
648 1868 823 1897 versuum,
869 1863 959 1891 deest
1003 1866 1034 1891 et

232 1907 383 1941 verbum,
423 1905 506 1940 quod
538 1914 581 1934 ex
605 1906 726 1935 vicinis
752 1908 898 1942 suppleri
922 1907 1033 1942 nequit

233 1950 298 1985 (sc.
322 1950 460 1986 adsunt]
482 1954 511 1979 et
539 1951 644 1980 dextri
665 1953 779 1981 lateris
805 1952 1033 1989 significatio.·‘

235 1997 297 2025 Sed
322 1996 351 2024 si
374 2003 395 2024 a
414 2003 447 2025 v.
469 1994 534 2024 225
555 2002 771 2026 memorantur
793 1998 827 2035 ii,
856 1998 910 2033 qui
933 2001 1034 2028 laeva

232 2048 253 2069 a
279 2046 370 2076 parte
400 2045 492 2079 sunt,
526 2042 582 2077 qui
608 2047 682 2072 ante
705 2043 929 2081 nominamur,
957 2049 1034 2073 sunt

231 2094 252 2115 a
276 2088 399 2116 dextra.
433 2102 471 2106 —
506 2085 669 2116 nomicum
691 2086 808 2125 facies
833 2089 872 2118 cf.
898 2087 929 2125 4,
956 2087 1031 2119 132.

236 2147 274 2151 —
309 2130 389 2161 Cete
417 2131 556 2168 (graeca
580 2133 684 2163 forma
707 2135 867 2170 pluralis]
900 2135 933 2164 in
959 2137 1034 2164 deo-

236 2185 309 2206 rum
347 2178 547 2208 marinorum
578 2180 731 2209 comitatu
762 2181 867 2216 pascit
898 2182 1034 2211 Proteus

234 2224 269 2251 G.
303 2220 334 2258 4,
362 2222 438 2251 430.

277 2265 354 2296 823.
386 2265 516 2298 Glauci
547 2266 682 2300 chorus.
730 2266 834 2306 Quum
860 2280 924 2301 non
950 2273 1034 2302 satis

233 2318 399 2350 appareat,
429 2322 487 2343 cur
512 2312 626 2344 senior
651 2317 793 2355 dicatur,
827 2314 876 2346 Pl.
903 2319 1034 2348 coniicit

231 2356 398 2398 seqnitur.
466 2362 633 2397 „Glaucus
675 2363 820 2397 piscator
855 2363 934 2401 fuit,
978 2364 1034 2399 qui

231 2413 329 2439 quum
351 2409 464 2440 captos
483 2406 591 2440 pisces
615 2415 717 2442 supra
738 2411 871 2437 herbam
893 2409 1033 2439 abiecis-

234 2455 283 2478 set
307 2455 336 2479 et
361 2458 416 2479 eos
440 2452 604 2486 recepisse
630 2453 767 2482 vidisset
792 2461 890 2489 quam
913 2455 1034 2483 amise-

231 2499 303 2524 rant
329 2496 449 2525 vitam:
485 2496 651 2526 intellecta
675 2501 848 2528 herbarum
876 2500 1029 2538 potentia,

232 2543 413 2576 decerptam
456 2544 589 2571 herbam
624 2545 772 2580 gustavit
811 2550 839 2573 et
886 2553 923 2573 se
963 2545 1033 2580 ipse

231 2587 459 2622 praecipitavit
491 2588 526 2616 in
554 2589 659 2618 maria
690 2594 719 2618 et
749 2590 782 2618 in
811 2591 905 2619 deum
932 2591 1032 2619 mari-

231 2640 309 2660 num
339 2637 555 2662 commutatus
583 2639 642 2663 est.
693 2635 795 2664 Cuius
820 2636 874 2664 hic
899 2638 1031 2665 chorum

231 2676 301 2706 ideo
332 2685 443 2707 senem
473 2679 567 2716 dicit,
605 2680 683 2715 quia
712 2681 783 2715 ipse
808 2681 904 2710 etiam
929 2689 1032 2710 senex

230 2722 348 2751 suerat.
396 2725 465 2752 Aut
493 2729 577 2754 certe
612 2726 772 2755 seniorem
797 2726 875 2755 dicit
905 2732 1031 2762 propter

233 2775 422 2801 spumarum
444 2770 593 2805 colorem,
619 2771 703 2801 sicut
728 2779 831 2807 paene
852 2780 962 2801 omnes
985 2773 1030 2801 dii

230 2812 392 2848 finguntur
415 2814 568 2844 marini.“
599 2818 631 2845 S.
680 2818 727 2846 De
754 2819 875 2846 Glauco
905 2818 943 2846 cf.
968 2819 1027 2847 Ov.

230 2859 273 2930 a}
296 2855 435 2931 &ESSS
461 2868 528 2896 sqq.
558 2876 596 2881 —
625 2860 798 2903 Inousque
826 2859 1028 2893 Palaemon.

232 2911 536 2979 ο,ὲ’(24..ΡΙιονειιε
568 2952 606 2980 cf.
639 2949 714 2980 240.
758 2968 795 2972 —
846 2950 1028 2983 Exercitus

232 2993 347 3023 dicitur
374 2996 534 3024 translata
559 2998 791 3033 significatione
827 3007 884 3033 pro
917 3000 1027 3028 multi-

231 3039 339 3067 tudine
371 3045 404 3068 ut
435 3039 606 3071 exercitus
634 3051 804 3073 corvorum
829 3046 863 3073 G.
894 3042 921 3081 1,
950 3042 1024 3074 382.

1795 879 1881 920 830

1078 1047 1128 1074 Ita
1155 1041 1280 1074 chorus
1303 1043 1422 1073 Phorci
1447 1039 1513 1071 240
1543 1045 1573 1071 et
1599 1037 1721 1070 cohors
1747 1039 1883 1070 fratrum

1084 1089 1134 1128 10,
1160 1088 1227 1119 328
1260 1094 1288 1118 et
1317 1086 1471 1129 populus
1496 1089 1592 1117 totus
1616 1086 1763 1116 familiae
1793 1086 1881 1115 Plin.

1080 1135 1139 1174 35,
1166 1134 1196 1165 2.
1237 1133 1388 1176 populus
1412 1139 1561 1163 natorum
1584 1134 1643 1161 Ov.
1667 1134 1710 1161 M.
1741 1130 1776 1170 6,
1803 1128 1880 1160 198.

1126 1180 1204 1210 825.
1229 1182 1352 1213 Multas
1390 1184 1555 1215 praeterea
1585 1178 1740 1207 Nereides
1776 1177 1883 1206 nomi-

1080 1231 1153 1263 nat,
1185 1235 1283 1261 quum
1308 1227 1420 1261 plures
1451 1226 1551 1254 etiam
1580 1223 1710 1253 fuerint.
1764 1223 1883 1253 tenent

1084 1270 1148 1301 Rb.
1181 1273 1259 1302 cur?

1131 1314 1207 1346 826.
1234 1316 1367 1352 Legitur
1393 1317 1428 1344 G.
1466 1312 1501 1353 4,
1534 1312 1600 1343 338
1631 1318 1662 1344 et
1696 1314 1767 1344 illic
1793 1313 1883 1344 eiicit

1090 1359 1136 1390 W
1137 1370 1175 1403 g.
1225 1362 1397 1391 Nereidum
1421 1362 1555 1390 nomina
1576 1368 1627 1396 ap.
1649 1361 1741 1389 Hom.
1765 1360 1804 1388 11.
1828 1357 1882 1397 ts,

1084 1405 1125 1436 39
1154 1415 1222 1442 sqq.
1252 1423 1289 1427 —
1324 1407 1440 1436 Dulcis
1466 1410 1574 1436 autem
1598 1406 1724 1441 species
1750 1407 1882 1434 deorum

1083 1460 1224 1488 aequora
1247 1453 1445 1482 vehentium.
1495 1453 1577 1482 Cum
1598 1452 1650 1480 his
1673 1452 1784 1481 verbis
1806 1459 1883 1481 con-

1083 1499 1166 1528 ferre
1191 1501 1297 1534 placet
1323 1506 1404 1534 opus
1431 1500 1554 1533 Scopae
1578 1504 1631 1533 ap.
1659 1498 1745 1526 Plin.
1772 1494 1828 1534 36,
1850 1494 1882 1534 9,

1083 1542 1124 1572 25
1175 1546 1321 1581 „Scopae
1361 1545 1436 1572 laus
1475 1552 1549 1573 cum
1589 1544 1642 1571 his
1685 1542 1882 1580 (Praxitele,

1081 1591 1296 1626 Agoracrito]
1333 1594 1449 1618 certat:
1493 1589 1523 1618 is
1552 1589 1629 1618 fecit
1753 1589 1815 1617 Sed
1847 1588 1882 1617 in

1081 1636 1227 1665 maxima
1245 1636 1431 1672 dignatione
1456 1636 1515 1664 Cn.
1536 1633 1670 1664 Domitii
1690 1636 1822 1663 delubro
1847 1634 1882 1662 in

1083 1682 1174 1711 Circo
1208 1681 1369 1710 Flaminio
1399 1682 1568 1715 Neptunus
1597 1680 1670 1715 ipse
1708 1684 1737 1708 et
1769 1679 1882 1708 Thetis

1084 1731 1181 1762 atque
1206 1727 1374 1762 Achilles,
1399 1727 1550 1755 Nereides
1577 1733 1679 1761 supra
1702 1725 1883 1761 Delphinos

1081 1777 1112 1801 et.
1149 1776 1215 1802 cete
1251 1777 1280 1801 et
1319 1772 1552 1806 hippocampos
1589 1773 1748 1800 sedentes.
1801 1772 1882 1799 Item

1081 1818 1248 1853 TritoneS,
1282 1819 1463 1852 chorusque
1490 1817 1607 1846 Phorci
1634 1822 1664 1846 et
1693 1817 1812 1852 pristes
1843 1823 1882 1846 ac

1079 1865 1183 1892 multa
1210 1864 1279 1892 alia
1303 1863 1448 1901 marina,
1489 1863 1599 1892 omnia
1632 1863 1780 1892 eiusdem
1809 1869 1882 1891 ma·-

1079 1917 1152 1941 nus.
1179 1910 1385 1944 praeclarum
1411 1916 1504 1947 opuS,
1528 1909 1628 1938 etiam
1650 1908 1682 1938 si
1705 1908 1803 1938 totius
1828 1908 1882 1937 vi-

1079 1959 1131 1984 tae
1152 1953 1307 1984 fuisset.“

1079 2031 1299 2064 527—871.
1362 2029 1550 2063 Palinurus
1583 2030 1662 2063 navi
1697 2030 1880 2063 excutitur.

1126 2089 1204 2120 827.
1234 2088 1449 2131 Suspensam
1480 2092 1518 2120 de
1548 2090 1760 2127 navigatione
1792 2099 1882 2120 men-

1080 2141 1143 2167 tem
1186 2137 1304 2174 gaudio
1346 2137 1479 2171 implent
1514 2134 1668 2165 vicissim
1702 2137 1793 2165 venti
1828 2144 1880 2166 se-

1080 2183 1178 2213 cundi
1203 2184 1496 2218 increbrescentes;
1519 2188 1619 2216 quare
1645 2181 1733 2210 velis
1756 2186 1880 2212 tantum

1081 2236 1162 2264 opus
1193 2233 1252 2265 est,
1276 2236 1340 2257 non
1365 2227 1482 2263 remis3
1505 2227 1614 2262 itaque
1637 2227 1734 2265 mali,
1760 2228 1880 2263 quibus

1082 2278 1229 2303 tenentur
1247 2275 1340 2310 vela,
1382 2274 1582 2302 attolluntur.
1631 2274 1755 2302 Malum
1782 2274 1879 2311 enim,

1080 2328 1175 2355 quem
1200 2319 1255 2354 qui
1281 2319 1448 2354 appellunt
1470 2319 1630 2353 deponunt
1655 2317 1715 2353 [cf.
1740 2319 1819 2349 Luc.
1847 2318 1879 2358 3,

1080 2365 1123 2393 45
1171 2362 1218 2393 Et
1257 2362 1373 2403 pos-ito
1412 2361 1516 2392 remis
1552 2361 1730 2402 petierunt
1773 2362 1880 2394 litora

1080 2407 1199 2448 malo)
1223 2410 1349 2445 erigunt
1376 2409 1575 2445 navigaturi.
1624 2409 1747 2439 Deinde
1774 2410 1879 2441 inten-

1082 2456 1200 2484 duntur
1234 2455 1370 2484 brachia
1402 2460 1628 2484 antemnarum
1663 2456 1751 2485 velis
1792 2457 1812 2485 i.
1849 2465 1878 2487 e.

1078 2502 1156 2529 vela
1187 2502 1424 2535 expanduntur.
1479 2497 1544 2530 Pes
1574 2505 1683 2530 autem
1709 2505 1758 2530 est
1788 2502 1879 2532 funis

1081 2546 1113 2574 in
1139 2546 1291 2575 cornibus
1323 2547 1498 2584 alligatus,
1537 2554 1599 2581 quo
1623 2548 1701 2576 vela
1724 2552 1880 2582 reguntur

1078 2595 1111 2620 ut
1151 2587 1262 2626 ποῦς,·
1300 2592 1375 2620 inde
1402 2591 1526 2629 facere
1556 2589 1677 2630 pedem
1715 2596 1764 2621 est
1798 2591 1878 2622 vela

1080 2634 1246 2677 dirigere.
1318 2639 1431 2672 Itaque
1475 2638 1585 2666 omnia
1631 2639 1708 2667 vela
1746 2645 1877 2668 sursum

1081 2686 1182 2711 tracta
1207 2686 1236 2711 et
1260 2683 1399 2719 alligata
1424 2686 1509 2720 sunt,
1531 2687 1566 2712 ut
1590 2687 1722 2712 ventum
1748 2692 1874 2713 omnem

1077 2728 1262 2764 excipiant;
1305 2733 1334 2757 et
1358 2737 1455 2763 quum
1475 2733 1595 2758 ventus
1619 2736 1641 2757 a
1661 2729 1759 2764 puppi
1788 2730 1876 2759 oria-

1077 2777 1146 2803 tur.
1165 2775 1276 2803 velum
1300 2776 1386 2803 malo
1411 2774 1547 2803 affixum
1571 2782 1648 2804 mox
1669 2774 1704 2803 in
1728 2775 1876 2805 dextrum

1077 2820 1180 2856 latus,
1206 2827 1282 2848 mox
1307 2820 1341 2848 in
1367 2820 1535 2848 sinistrum
1562 2820 1716 2856 vertitur,
1742 2824 1770 2849 et
1793 2829 1874 2849 ven-

1074 2868 1127 2893 tus
1146 2865 1192 2893 ita
1212 2869 1326 2899 captus
1345 2865 1454 2894 sinum
1475 2865 1581 2894 efficit.
1636 2862 1777 2894 Cornua
1800 2870 1877 2895 suut

1074 2915 1299 2939 antemnarum
1331 2910 1369 2939 cf.
1396 2908 1426 2947 3,
1453 2908 1529 2938 549.
1579 2912 1627 2939 Ea
1648 2910 1723 2945 ipsa
1746 2913 1809 2941 huc
1833 2912 1874 2940 il-

1074 2957 1127 2985 luc
1147 2960 1291 2991 versant,
1311 2960 1342 2984 ut
1370 2960 1501 2984 ventum
1527 2956 1667 2990 capiant.

1119 2998 1196 3029 828.
1220 3002 1422 3041 pertentant
1442 2998 1585 3042 gaudia
1603 3003 1752 3031 mentem
1777 3002 1817 3032 cf.
1845 3001 1874 3041 1,
