2023 3350
271 81 354 121 578

834 76 869 107 P.
895 73 1092 107 VIRGILII
1117 75 1327 110 MARONIS

272 189 482 233 Succedat
510 199 678 242 pugnae
709 186 1003 239 Troianosque
1037 192 1184 230 arceat
1219 188 1337 231 urbe.

272 249 446 300 Iamque
480 245 583 286 vale.

273 304 338 345 Ad
373 307 533 344 terram
569 313 655 342 non
690 304 842 354 sponte
881 300 1027 343 fluens.

643 243 778 284 Simul
808 244 875 285 his
909 243 1035 285 dictis
1063 245 1287 298 linquebat
1324 246 1517 288 habenas

1087 301 1194 342 Tum
1230 302 1388 356 frigida
1420 308 1512 345 toto

272 359 482 402 Paulatim
521 358 701 400 exsolvit
737 371 781 399 se
811 372 1008 412 corpore,
1040 358 1241 412 lentaque
1277 361 1388 402 colla

273 418 329 458 Et
363 419 534 469 captum
566 415 652 457 leto
687 416 831 469 posuit
863 419 1012 469 caput,
1053 430 1174 457 arma
1211 416 1470 471 relinquens3

1813 417 1894 456 830

273 473 457 527 Vitaque
495 486 589 514 cum
629 473 787 526 gemitu
822 473 933 527 fugit
974 472 1197 527 indignata
1234 473 1312 514 sub
1348 475 1532 517 umbras.

273 531 378 572 Tum
413 544 512 572 vero
547 530 775 572 immensus
817 544 994 584 surgens
1027 530 1127 572 ferit
1163 544 1293 572 aurea
1330 532 1490 573 clamor

274 587 440 639 Sidera3
483 587 649 629 deiecta
691 587 904 630 crudescit
941 602 1085 642 pugna
1123 588 1313 638 Camilla,

274 646 502 688 Incurrunt
536 644 654 687 densi
685 645 811 687 simul
847 646 982 687 omnis
1022 645 1148 699 copia
1186 645 1391 686 Teucrum

274 702 564 758 Tyrrhenique
601 702 729 744 duces
765 703 1039 757 Euandrique
1074 702 1262 744 Arcades
1296 702 1402 744 alae.

1815 702 1897 742 835

388 761 444 802 At
482 760 647 802 Triviae
685 764 827 802 custos
866 761 953 802 iam
990 760 1150 802 dudum
1183 760 1227 801 in
1256 759 1471 801 montibus
1509 759 1613 813 Opis

275 818 375 861 Alta
413 816 532 859 sedet
563 817 752 868 summis,
792 821 1042 871 spectatque
1077 818 1276 859 interrita
1312 831 1490 871 pugnas.

274 876 415 930 thue
450 875 600 929 procul
631 875 770 917 medio
804 875 1001 917 iuvenum
1034 875 1079 916 in
1116 876 1304 917 clamore
1331 874 1546 916 furentum

274 932 502 987 Prospexit
536 932 652 974 tristi
686 932 910 975 multatam
940 936 1078 974 morte
1120 932 1354 983 Camillam,

275 989 570 1043 Ingemuitque
604 989 806 1044 deditque
837 990 915 1032 has
950 991 1036 1032 imo
1075 994 1249 1044 pectore
1287 1002 1429 1031 voces:

1816 987 1900 1027 840

275 1048 369 1089 Heu
406 1047 599 1099 nimium,
638 1047 774 1102 virgo,
813 1048 989 1089 nimium
1026 1047 1197 1090 crudele
1232 1047 1351 1089 luisti

276 1104 550 1159 Supplicium.
609 1105 791 1147 Teucros
821 1110 978 1148 conata
1015 1105 1225 1148 lacessere
1260 1104 1387 1147 bello.

275 1164 363 1205 Nec
397 1161 476 1204 tibi
507 1162 699 1206 desertae
735 1163 779 1204 in
813 1162 952 1206 dumis
989 1163 1171 1206 coluisse
1212 1163 1398 1205 Dianam

319 1288 398 1320 826.
422 1287 602 1320 succedere
612 1299 768 1333 pugnae,
792 1291 832 1322 cf.
846 1288 900 1331 10,
917 1288 993 1321 439.
1020 1308 1058 1313 -

276 1336 460 1367 Bellatricis
495 1338 673 1366 ostenditur
709 1338 857 1375 animus,
909 1346 992 1374 quae
1028 1339 1061 1367 in

275 1387 420 1412 extrema
446 1386 545 1412 morte
571 1383 662 1412 ducis
699 1392 763 1412 non
792 1384 909 1412 omittit
934 1384 1062 1419 officia3

277 1429 374 1457 simul
397 1428 589 1464 arrogantis,
621 1435 704 1463 quae
727 1430 886 1458 neminem
911 1429 974 1458 sibi
998 1429 1064 1458 nisi

277 1475 419 1503 Turnum
443 1477 530 1508 putet
554 1481 677 1509 parem.

321 1517 399 1548 827.
424 1521 474 1548 Ex
497 1519 587 1548 Furii
607 1520 707 1548 Anat.
726 1516 754 1548 1.
778 1520 887 1548 laudat
911 1522 1010 1549 Macr.
1032 1517 1062 1558 6,

279 1562 308 1594 3.
342 1562 404 1593 Ille
433 1562 540 1605 gravi
569 1562 683 1594 subito
714 1562 894 1594 devinctus
925 1563 1065 1595 vulnere

276 1606 429 1639 habenas
452 1607 544 1639 misit
570 1608 658 1649 equi,
678 1607 849 1650 lapsuque
874 1607 909 1639 in
924 1607 1063 1640 humum

277 1651 422 1693 defluxit
445 1657 478 1684 et
502 1652 610 1684 armis
632 1652 788 1685 reddidit
815 1653 946 1684 aeratis
973 1653 1064 1685 soni-

276 1701 362 1729 tum.
409 1700 523 1729 Simile
561 1700 699 1729 fortasse
735 1707 787 1735 ap.
824 1702 942 1729 multos
980 1702 1065 1730 alios

276 1748 364 1782 erat,
402 1747 458 1774 sed
481 1746 614 1782 Virgilii
642 1746 739 1774 etiam
769 1746 934 1782 ingenium
961 1751 992 1775 et
1017 1747 1064 1774 di-

277 1791 371 1820 cendi
395 1790 535 1820 facultas
564 1791 726 1826 permisit,
766 1796 799 1819 ut
831 1791 911 1819 talia
941 1792 979 1820 de
1005 1800 1064 1821 suo

275 1836 401 1866 diceret.
429 1852 466 1856 —
491 1832 595 1865 simul
617 1834 670 1865 his
695 1833 797 1866 dictis
819 1837 858 1866 cf.
892 1835 943 1874 10,
963 1835 1040 1867 856.

319 1879 397 1910 828.
415 1879 533 1921 fluens
555 1882 596 1912 cf.
620 1890 651 1911 v.
678 1879 753 1910 501.

320 1925 396 1956 829.
422 1924 567 1958 exsolvit
601 1935 635 1957 se
670 1935 822 1966 corpore:
861 1928 900 1958 cf.
931 1927 962 1964 4,
988 1926 1063 1957 695,

276 1973 420 2002 solvitur
453 1975 546 2002 homo
589 1981 607 2003 e
645 1982 793 2011 corpore,
845 1979 1007 2009 tamquam
1046 1982 1063 2004 e

276 2026 418 2049 carcere.

320 2062 396 2093 830.
427 2060 511 2094 Leto
543 2066 682 2104 captum
727 2066 831 2104 caput
865 2066 977 2102 iunge3
1023 2065 1064 2095 cf.

277 2106 337 2138 der
377 2106 475 2148 Kopf
512 2106 556 2139 ist
594 2106 662 2139 ihm
704 2107 976 2151 eingenornmen.
1022 2126 1064 2131 —

277 2154 386 2184 Arma
412 2156 450 2183 de
469 2155 618 2184 manibus
640 2156 766 2192 amittit,
796 2164 892 2191 quum
917 2164 974 2186 eae
993 2158 1062 2185 las-

275 2208 333 2230 sae
359 2201 514 2230 decidant.
551 2217 596 2221 —
637 2198 835 2241 relinquens
867 2204 960 2241 Mybc
982 2202 1063 2237 (rec.

282 2243 368 2286 usg.
389 2243 473 2281 Lai.)
495 2255 554 2276 nec
574 2255 638 2275 non
651 2248 700 2284 P.,
721 2248 879 2282 siquidem
904 2248 937 2277 in
963 2256 1000 2277 eo
1017 2252 1066 2277 est

273 2288 459 2332 reliquens.
485 2289 626 2332 reliquit
644 2293 683 2322 R.
730 2308 768 2312 —
812 2301 937 2329 „arma
960 2291 1066 2323 relin-

274 2345 398 2376 quens:
450 2337 509 2366 alii
554 2345 654 2367 arma
702 2336 901 2378 relinquunt
944 2341 1063 2375 legunt.

274 2384 401 2412 Probus
435 2384 633 2420 hypallagen
658 2385 739 2420 vult,
764 2386 830 2413 vel.
860 2385 1063 2421 contrarium,

272 2431 308 2458 ut
330 2425 410 2468 ipsa
433 2425 609 2468 relinquit.
637 2426 673 2457 S.
710 2426 906 2468 relinquont
934 2428 996 2460 Πὸ.
1026 2447 1063 2451 -

273 2473 392 2503 offensi
419 2478 525 2503 autem
559 2478 634 2503 sunt
662 2475 733 2503 VV.
767 2476 833 2504 DD.
864 2475 898 2504 in
933 2477 1064 2512 repetito

273 2516 429 2559 linquere
450 2528 482 2548 v.
507 2517 582 2549 827.
609 2518 685 2549 830.
717 2521 780 2549 Sed
804 2521 832 2549 si
853 2521 886 2549 in
908 2521 960 2551 his
986 2524 1064 2552 hae-

276 2572 394 2601 remuS,
417 2565 509 2594 multi
534 2573 651 2595 versus
677 2567 816 2595 tentandi
837 2571 923 2595 sunt.
964 2569 1070 2598 Etiam

272 2618 405 2640 versum
437 2615 623 2647 sequentem
655 2614 770 2641 abesse
801 2613 872 2642 vult
906 2613 1061 2650 Bothius;

276 2652 329 2685 Pl.
353 2657 435 2686 delet
456 2665 556 2685 arma
578 2671 620 2677 —
643 2656 793 2686 umbras.
841 2659 903 2687 Sed
927 2667 1060 2689 versum

273 2703 401 2738 tegebat
422 2702 569 2739 Servius,
594 2707 726 2732 servant
748 2702 833 2732 libri.

321 2744 398 2776 831.
423 2748 509 2777 Idem
539 2756 657 2777 versus
689 2747 745 2786 12,
778 2746 842 2776 952
872 2750 910 2778 de
934 2750 1058 2788 Turno3

272 2792 402 2823 iuvenis
430 2793 515 2822 enim
546 2801 640 2831 aegre
670 2801 690 2823 a
721 2794 791 2824 vita
818 2794 961 2828 discedit,
988 2803 1058 2825 ma-

272 2838 358 2868 xime
380 2838 486 2868 victus
518 2840 700 2869 certamine.
748 2841 797 2869 Ita
822 2841 913 2870 Hom.
938 2842 976 2869 Il.
1006 2840 1056 2880 16,

1152 1289 1229 1322 832.
1259 1289 1445 1321 immensus
1468 1296 1618 1330 surgens
1642 1289 1688 1319 cf:
1709 1286 1740 1325 3,
1767 1285 1822 1316 70.

1152 1336 1230 1367 833.
1257 1334 1443 1366 crudescit:
1472 1335 1652 1374 „crudelior
1666 1335 1697 1364 fit
1708 1335 1805 1364 caede
1817 1334 1900 1362 111111-

1106 1381 1244 1413 torum.“
1272 1381 1309 1413 S.
1350 1383 1389 1412 cf.
1416 1379 1469 1419 10,
1495 1379 1568 1410 682.

1153 1428 1232 1458 834.
1259 1426 1377 1464 densi,
1414 1429 1469 1463 qui
1496 1428 1559 1456 sint
1584 1435 1638 1461 per
1660 1431 1769 1462 partes
1789 1427 1901 1455 deinde

1106 1475 1276 1512 indicatur,
1296 1479 1327 1503 et
1350 1471 1452 1503 simul
1475 1474 1515 1502 ati
1541 1469 1653 1502 omnis
1676 1473 1820 1508 pertinet.
1860 1472 1899 1501 cf.

1111 1518 1142 1557 7,
1166 1518 1243 1550 393.

1153 1564 1229 1594 835.
1263 1561 1476 1604 Tyrrhenum
1497 1565 1541 1600 M,
1565 1571 1627 1592 rec.
1656 1560 1716 1592 Hs.
1743 1560 1816 1594 LA:
1848 1564 1899 1592 vi-

1109 1612 1198 1640 detur
1222 1620 1263 1640 ex
1278 1608 1445 1639 Teucrum
1469 1618 1542 1638 esse
1565 1613 1667 1637 ortum
1692 1614 1725 1638 ut
1748 1610 1780 1638 in
1805 1612 1836 1637 M
1853 1614 1901 1638 est

1109 1654 1265 1686 Arcades
1287 1653 1375 1691 ales,
1408 1655 1465 1684 sed
1492 1655 1523 1683 id
1546 1659 1721 1685 correctum
1742 1656 1776 1684 111
1807 1653 1899 1684 atae.

1112 1717 1148 1721 —-
1175 1698 1343 1741 Tyrrheni
1360 1702 1438 1730 Mss.
1454 1704 1484 1729 et
1497 1701 1574 1728 Edu.
1601 1716 1638 1720 —
1672 1698 1902 1740 Evandrique

1112 1744 1265 1775 Arcades
1286 1743 1387 1779 alae.
1420 1746 1503 1774 idem
1526 1743 1578 1781 12,
1611 1743 1686 1781 551,
1718 1747 1900 1782 explicabis

1109 1797 1164 1821 aut
1199 1802 1241 1821 ex
1271 1792 1380 1820 ordine
1408 1794 1596 1826 verborum,
1635 1792 1689 1826 qui
1710 1796 1759 1820 est
1783 1791 1809 1830 1,
1833 1791 1897 1821 435

1108 1844 1163 1867 aut
1191 1834 1344 1867 Arcades
1368 1837 1500 1866 habebis
1523 1837 1718 1866 adiectivum
1743 1838 1783 1867 cf.
1801 1836 1898 1876 5,37.

1129 1914 1333 1947 836—867.
1381 1914 1531 1947 Mortem
1576 1913 1740 1946 Camillae
1775 1913 1871 1957 Opis,

1230 1961 1359 1992 Dianae
1385 1959 1554 2003 nympha,
1580 1959 1772 1992 ulciscitur.

1153 2017 1229 2048 836.
1262 2017 1346 2058 Opis
1377 2017 1519 2049 Triviae
1553 2022 1666 2049 custos
1696 2020 1736 2050 cf.
1758 2029 1791 2050 v.
1820 2019 1897 2050 587.

1113 2063 1164 2095 ΡΙ.
1190 2074 1244 2101 pro
1269 2068 1384 2095 custos
1407 2066 1488 2095 coni.
1515 2063 1622 2094 iussu.

1155 2109 1231 2140 837.
1260 2109 1441 2140 interrita.-
1465 2116 1498 2140 ut
1521 2113 1580 2140 dea
1605 2115 1634 2140 et
1651 2113 1811 2149 venatrix,
1835 2121 1898 2142 non

1110 2160 1311 2193 perturbatur
1342 2158 1416 2187 viso
1447 2159 1594 2194 tumultu,
1626 2159 1682 2186 sed
1712 2162 1820 2188 manet
1851 2160 1895 2188 rei

1109 2210 1189 2232 suae
1214 2204 1344 2232 intenta.

1153 2246 1229 2278 839.
1257 2246 1445 2277 multatam
1468 2250 1593 2277 morte.-
1616 2249 1662 2277 ita
1686 2249 1745 2278 Sil.
1763 2247 1813 2287 10,
1832 2248 1898 2278 462

1108 2292 1262 2324 multata
1287 2291 1463 2322 cadauera
1487 2291 1603 2332 caede,
1635 2302 1829 2330 quamquam
1852 2297 1898 2325 ibi

1108 2341 1206 2368 etiam
1253 2341 1390 2368 mutata
1442 2339 1568 2375 legitur.
1620 2355 1657 2360 —-
1707 2338 1898 2371 mulcatum

1109 2383 1283 2425 MPRytbc
1305 2393 1365 2414 rec.
1397 2382 1457 2413 Πὸ.
1482 2382 1717 2423 „Multatam,
1743 2387 1897 2417 affectam.

1117 2428 1266 2460 Mulcari
1288 2431 1372 2459 enim
1393 2431 1517 2465 proprie
1532 2431 1720 2461 verberibus
1737 2430 1898 2462 dicimus“

1111 2478 1143 2505 S.
1169 2477 1202 2505 in
1231 2479 1309 2505 MSS.
1334 2478 1410 2511 alqt.
1459 2477 1565 2505 Habes
1580 2478 1758 2512 scripturae
1781 2479 1896 2515 digna-

1109 2523 1237 2552 tionem.
1286 2523 1396 2551 Utrum
1430 2525 1563 2557 probum
1595 2523 1639 2551 sit
1673 2525 1777 2554 elucet
1811 2533 1829 2554 e
1861 2533 1895 2555 v.

1151 2611 1228 2643 840.
1256 2621 1320 2653 que
1345 2628 1389 2632 —
1415 2620 1479 2652 que
1503 2612 1543 2643 cf.
1569 2614 1621 2643 Gr.
1643 2614 1676 2649 ς.
1703 2611 1780 2651 480,
1806 2612 1836 2644 4.

1150 2657 1226 2689 841.
1251 2655 1350 2688 luisti
1373 2655 1592 2698 supplicium.
1621 2661 1659 2688 In
1682 2663 1779 2689 verbo
1796 2657 1896 2690 luisti

1106 2704 1165 2740 (cf.
1187 2703 1274 2741 849)
1306 2704 1389 2733 inest
1415 2711 1537 2739 poenae
1561 2705 1666 2741 notio;
1689 2705 1782 2736 nefas
1805 2707 1891 2736 enim

1104 2755 1173 2780 erat
1198 2754 1307 2781 contra
1329 2750 1486 2779 Troianos
1511 2758 1654 2787 pugnare
1676 2751 1715 2781 cf.
1742 2749 1818 2780 584.

1149 2794 1226 2826 842.
1251 2794 1418 2825 lacessere
1441 2792 1530 2825 bello
1555 2796 1594 2826 cf.
1617 2796 1648 2834 5,
1673 2794 1748 2825 429.

1147 2840 1223 2871 843.
1248 2844 1356 2877 Neque
1379 2841 1435 2870 tibi
1459 2842 1595 2880 profuit,
1634 2843 1717 2878 quod
1741 2843 1891 2872 solitaria

271 2880 336 2910 856
369 2877 471 2923 Ψυχὴ
503 2877 532 2913 δ’
565 2877 602 2913 ἐκ
635 2877 774 2923 ῥεθέων
801 2879 961 2925 πταμένη
988 2878 1055 2916 ’Ἁι-
1101 2887 1133 2916 in
1157 2888 1255 2918 silvis
1276 2888 1415 2917 Dianam
1439 2889 1542 2917 colere
1562 2888 1741 2917 studueras.
1769 2903 1806 2908 —
1834 2897 1890 2918 co-

272 2922 375 2961 δόςδε
397 2922 555 2969 βεβήκει,
585 2921 626 2959 ὃν
649 2923 786 2979 πόξμον
807 2924 968 2970 γοόωσα,
1003 2928 1052 2960 λι·
1097 2930 1205 2964 luisse
1227 2931 1364 2974 profuit
1388 2933 1427 2962 cf.
1443 2931 1473 2969 9,
1490 2931 1542 2962 92.
1566 2946 1611 2955 —
1633 2929 1782 2963 coluisse
1801 2931 1889 2964 Dia-

272 2964 376 3001 nofic'
397 2965 583 3014 ἁδροτῆτα
605 2971 667 3005 καὶ
687 2971 792 3016 ηβην.

1097 2987 1177 3010 nam
1201 2977 1356 3020 profuit:
1397 2986 1484 3017 „non
1516 2979 1609 3009 deam
1639 2978 1787 3018 incusat,
1829 2982 1886 3011 sed
