2023 3350
103 306 349 347 Praesensit
386 308 612 359 motusque
651 306 820 359 excepit
860 306 1000 359 prima
1035 304 1203 346 futuros

104 363 258 405 Omnia
291 366 387 404 tuta
424 364 602 414 timens3
646 363 794 404 eadem
834 363 967 416 impia
1006 363 1138 404 Fama
1178 361 1337 403 furenti

101 420 268 461 Detulit
302 420 463 461 armari
502 420 683 461 classem
721 434 978 474 cursumque
1018 419 1188 474 parari:

104 477 247 519 Saevit
284 478 408 530 inops
446 477 578 518 animi
618 481 842 531 totamque
883 478 1057 518 incensa
1094 491 1171 530 per
1209 475 1360 518 urbem

101 534 366 585 Bacchatur,
407 534 546 588 qualis
586 536 811 576 commotis
854 535 995 576 excita
1032 535 1167 576 sacris

102 592 281 646 Thyias,
324 591 400 633 ubi
440 592 588 633 audito
631 593 854 634 stimulant
892 592 1113 633 trieterica
1150 589 1321 632 Baccho

103 649 237 702 Orgia
275 652 597 703 nocturnusque
634 654 760 692 vocat
800 650 989 691 clamore
1027 649 1270 690 Cithaeron.

102 706 293 748 Tandem
330 706 396 748 his
431 708 605 748 Aenean
647 707 880 762 compellat
919 706 1093 748 vocibus
1130 706 1270 747 ultro:

705 134 941 168 AENEIDOS
972 136 1056 168 ΜΒ,
1085 135 1141 167 lv.
1665 136 1744 175 189

217 248 275 290 At
308 248 458 302 regina
496 247 619 290 dolos
655 273 713 278 —
748 248 843 302 quis
878 247 1028 290 fallere
1063 247 1200 301 possit
1239 246 1488 290 amantem?
1524 271 1580 277 —

1663 478 1744 517 300

953 763 1135 818 perfide,
1176 765 1347 804 tantum
1662 762 1743 801 305

215 764 499 806 Dissimulare
539 765 670 806 etiam
707 764 912 818 sperasti,

101 820 231 863 Posse
265 821 403 873 nefas,
447 822 694 876 tacitusque
732 836 826 864 mea
866 821 1071 862 decedere
1109 820 1257 862 terra?

103 879 192 920 Nec
228 882 270 920 te
308 883 457 920 noster
492 893 630 931 amor,
669 893 746 921 nec
782 883 826 921 te
865 879 969 919 data
1007 878 1186 919 dextera
1222 874 1450 931 quondam,

102 936 190 978 Nec
226 937 438 978 moritura
479 940 597 978 tenet
640 937 802 979 crudeli
840 936 988 977 funere
1030 934 1141 976 Dido
1154 935 1173 975 ’ζ’

104 1095 309 1128 296—330.
365 1096 456 1128 Dido
490 1096 643 1129 Aeneam
677 1097 790 1139 arguit
823 1106 898 1139 per-

262 1140 370 1173 fidum
396 1151 472 1174 esse
497 1147 530 1174 et
554 1143 740 1184 ingratum.

147 1189 224 1219 296.
250 1191 355 1219 Dolos
389 1188 511 1225 sensit,
546 1196 721 1226 antequam
748 1190 898 1225 perfece-

102 1240 175 1264 runt
192 1236 341 1271 Troiant;
370 1235 563 1270 (admodum
588 1237 673 1265 enim
700 1236 829 1264 difficile
848 1240 897 1264 est

103 1281 217 1309 fallere
246 1285 412 1317 amantes,
452 1282 505 1315 qui
538 1284 647 1310 solent
676 1289 754 1310 esse
784 1281 898 1315 suspi-

102 1326 205 1361 ciosi)
232 1331 262 1354 et
293 1327 396 1361 prima
420 1326 504 1355 inter
529 1334 642 1356 omnes
670 1324 803 1366 excepit
828 1326 898 1355 abi-

103 1376 168 1400 tum
192 1372 317 1409 parari,
346 1379 430 1406 quae
455 1374 508 1400 vel
529 1377 611 1409 tuni,
639 1380 734 1407 quum
758 1376 826 1400 tuta
850 1372 900 1399 vi-

102 1418 261 1446 debantur
288 1417 411 1454 omnia,
444 1418 584 1446 timebat.
638 1415 810 1457 Excipere
839 1424 900 1446 au-

102 1468 182 1498 tem,
220 1467 252 1491 ut
289 1463 321 1491 in
348 1463 505 1498 capiendo
542 1467 593 1492 est
628 1464 808 1492 voluntatis
840 1471 900 1491 no-

102 1509 144 1537 tio
171 1507 211 1536 cf.
232 1506 263 1544 3,
286 1506 364 1545 332,
391 1509 549 1543 significat
568 1510 701 1538 studere
726 1513 755 1537 et
783 1515 899 1537 curare

101 1554 242 1588 aliquem
267 1557 299 1581 ut
324 1553 399 1588 quid
421 1555 542 1588 audiat,
569 1551 787 1583 belauschen.
827 1554 898 1582 Liv.

100 1598 138 1636 2,
169 1597 190 1628 4
229 1607 332 1638 quum
369 1597 545 1628 coniurati
582 1598 722 1629 remotis
759 1597 903 1629 arbitris

101 1641 215 1674 mulla
245 1641 336 1673 inter
370 1652 405 1673 se
438 1643 480 1674 de
510 1654 598 1674 novo
630 1643 776 1674 consilio
806 1643 901 1686 egis-

101 1691 193 1726 sent,
230 1697 418 1718 sermonem
451 1698 567 1719 eorum
603 1699 643 1720 er
676 1688 784 1720 servis
812 1699 901 1720 nnus

101 1732 248 1774 excepit,
275 1732 335 1775 qni
358 1732 429 1763 iarn
455 1738 560 1765 antea
581 1733 618 1765 id
641 1738 798 1765 senserat
825 1733 900 1777 agi.

105 1778 252 1817 Eadem,
278 1788 363 1814 quae
387 1780 451 1810 iam
477 1785 641 1817 senserat,
667 1782 786 1811 armari
811 1784 902 1811 clas·

102 1833 172 1854 sem
217 1833 416 1860 cursumque
465 1828 589 1863 parari,
639 1828 751 1856 detulit
789 1830 900 1856 Fama.

101 1872 170 1899 Iam
200 1878 268 1899 rem
301 1877 421 1906 putans
453 1873 674 1902 certissimam
708 1873 816 1902 furore
844 1881 902 1902 ca-

103 1917 188 1951 pitur
216 1917 307 1945 Dido.

147 1960 223 1990 297.
250 1963 385 1999 „motus
399 1960 552 2000 futuros,
571 1963 590 1991 i.
605 1972 632 1991 e.
650 1963 723 1998 quid
743 1968 901 2000 moturus,

101 2012 236 2036 acturus
263 2011 352 2036 esset
377 2009 529 2043 Aeneas-3
558 2009 627 2036 Liv.
659 2009 691 2045 1,
722 2009 759 2037 17
788 2007 901 2047 Quum

101 2051 289 2082 sensissent
314 2060 355 2081 ea
378 2051 507 2081 moveri
527 2053 620 2089 [agi]
643 2053 785 2093 [ωτι-εθ-
816 2052 899 2094 Wg.

146 2097 224 2126 298.
255 2094 306 2126 Pl.
337 2099 422 2127 coni.
456 2095 582 2127 Omina
612 2101 735 2127 cuncta
765 2096 902 2137 timens,

102 2144 293 2173 coniectura
315 2144 435 2180 inutili,
462 2151 537 2172 nam
561 2144 615 2177 qui
641 2149 709 2173 tuta
733 2145 838 2181 timet,
870 2145 900 2173 is

101 2189 223 2218 timebit
259 2189 356 2218 etiam
394 2191 514 2225 intuta,
557 2190 576 2218 i.
614 2198 643 2218 e.
680 2191 733 2219 ubi
770 2190 899 2219 timendi

102 2242 228 2263 caussa
265 2236 368 2264 adest.
432 2232 542 2274 impia
568 2232 625 2264 Kl.
666 2238 763 2264 hahet
801 2243 901 2264 accu-

103 2281 257 2310 sativum.
307 2282 403 2318 Male,
429 2288 537 2315 neque
557 2281 643 2309 enim
663 2283 747 2310 clam
767 2282 901 2310 Aeneas

103 2333 175 2354 eam
211 2326 395 2360 relinquere
428 2327 596 2362 cupiebam
643 2328 702 2355 sed
734 2327 823 2355 sama
852 2330 902 2355 est

101 2371 216 2409 impia,
242 2378 326 2405 quae
353 2373 439 2400 solet
465 2379 505 2400 ea
530 2380 614 2407 quae
640 2372 716 2401 fiunt
738 2372 902 2401 malitiose

101 2417 318 2451 interpretari.
380 2414 429 2445 Pl.
460 2418 546 2446 coni.
580 2419 610 2447 et
642 2415 713 2447 iam
745 2415 905 2458 improba

104 2469 162 2496 pro
184 2458 304 2490 eadem
325 2459 446 2500 impia.
488 2460 628 2500 furenti
649 2471 708 2499 pro
735 2464 765 2492 ei
788 2463 827 2492 cf.
849 2462 903 2492 31.

103 2507 152 2535 De
179 2514 262 2534 voce
283 2504 407 2543 furere
431 2506 467 2543 3,
494 2507 571 2537 313.

149 2550 226 2580 299.
254 2549 408 2580 armari:
459 2554 508 2581 Ita
533 2552 600 2581 290
625 2560 717 2582 arma
743 2556 818 2582 sunt
844 2560 904 2582 na-

103 2597 193 2625 vium
220 2601 439 2632 armamenta,
477 2598 572 2634 remi,
612 2601 689 2627 vela
712 2604 771 2627 etc.
804 2598 844 2627 cf.
871 2598 903 2636 5,

106 2642 156 2675 15.
183 2658 226 2661 —
253 2639 381 2671 detulit
407 2642 446 2671 cf.
470 2641 507 2679 2,
534 2643 586 2671 75.

149 2686 225 2715 300.
256 2684 379 2716 Saevit
405 2692 436 2716 et
462 2687 552 2723 furit,
583 2691 613 2716 ut
639 2689 790 2723 Baccha;
819 2696 902 2723 quae

103 2733 305 2768 comparatio
337 2732 433 2761 etiam
459 2740 511 2768 ap.
541 2734 600 2761 Ov.
627 2736 717 2762 Fast.
745 2732 784 2770 4,
817 2734 901 2770 4573

104 2779 159 2807 ubi
183 2779 284 2807 Ceres
310 2777 375 2807 filia
398 2782 492 2813 rapta
525 2776 649 2807 mentis
676 2776 777 2818 inops
807 2777 904 2819 rapi-

104 2826 180 2861 tur,
219 2820 341 2863 quales
378 2821 503 2853 audire
535 2820 684 2853 solemus
723 2821 904 2854 Threicias

102 2865 218 2909 passis
247 2866 445 2898 Maenadas
471 2866 521 2897 ire
546 2866 661 2897 comis.

149 2913 226 2943 301.
256 2910 430 2943 Bacchari
463 2918 513 2943 est
547 2915 660 2949 vagari
694 2914 903 2944 furibundum

105 2958 145 2988 cf.
174 2958 249 2988 666.
285 2958 316 2996 6,
341 2959 395 2988 78.
431 2959 483 2990 10.
507 2958 545 2988 41
575 2957 710 2989 medias
735 2958 904 2990 bacchata

103 3012 164 3043 per
194 3002 306 3034 nrbes.
343 3020 384 3024 —
419 3002 632 3034 commoveri
658 3013 761 3034 sacra
791 3007 905 3034 dicun—

105 3054 173 3086 tur,
211 3057 295 3085 quae
327 3055 495 3086 portantur
519 3051 550 3080 in
583 3058 700 3086 pompa
726 3051 904 3080 Bacchica.

945 1098 1096 1135 „Mox-eri
1123 1104 1220 1126 sacra
1245 1096 1438 1124 dicebamur
1464 1102 1561 1129 quum
1587 1095 1747 1124 solemni-

947 1147 1007 1172 bus
1043 1144 1159 1172 diebus
1196 1141 1429 1177 aperiebantur
1465 1142 1585 1176 templa
1619 1141 1747 1169 instau-

946 1189 1038 1217 randi
1070 1188 1223 1218 sacrificii
1256 1184 1416 1215 caussas*k
1471 1188 1503 1214 S.
1536 1189 1568 1214 ut
1601 1188 1670 1216 Val.
1697 1189 1745 1215 ΕΙ.

944 1234 981 1269 3,
1009 1234 1075 1263 232
1098 1232 1200 1263 motis
1225 1229 1406 1261 ululantia
1435 1227 1611 1270 Dindyma
1637 1230 1748 1262 sacris

946 1280 1025 1308 dixit
1073 1281 1111 1308 de
1161 1285 1282 1314 pompa
1323 1278 1479 1311 Cybeles.
1528 1292 1573 1296 —
1621 1275 1746 1307 Escita

951 1322 1082 1365 Thyias
1123 1325 1236 1354 audito
1278 1330 1448 1352 sacrorum
1495 1322 1651 1358 strepitu;
1703 1324 1746 1353 ita

945 1373 1023 1400 Hor.
1058 1372 1094 1400 C.
1130 1370 1169 1407 3,
1212 1368 1267 1401 15,
1307 1368 1348 1397 10
1384 1366 1486 1408 pulso
1527 1365 1658 1407 Thyias
1694 1366 1748 1398 uti

945 1414 1081 1446 concita
1107 1418 1284 1455 tympano.

992 1461 1068 1490 302.
1097 1462 1239 1496 Thyias,
1273 1459 1395 1495 Evias,
1425 1460 1580 1494 Maenas,
1613 1459 1746 1487 Baccha

945 1512 1085 1536 vocatur
1120 1508 1250 1539 mulier,
1297 1512 1381 1539 quae
1415 1504 1446 1532 in
1481 1504 1656 1533 Bacchicis
1690 1511 1747 1533 sa-

946 1554 1011 1581 cris
1037 1558 1097 1581 est.
1130 1569 1174 1573 —
1204 1551 1328 1581 Bacchi
1358 1550 1490 1578 nomina
1520 1551 1621 1578 multa
1643 1550 1747 1578 attulit

948 1600 1007 1628 Ov.
1036 1602 1076 1627 Μ.
1102 1598 1132 1630 ⁴.
1161 1598 1212 1626 12.
1236 1612 1280 1616 —
1301 1593 1496 1625 stimulant.
1535 1595 1582 1624 Cf.
1607 1595 1639 1623 in
1661 1597 1746 1624 hanc

946 1652 1013 1673 rem
1039 1645 1151 1679 Eurip.
1181 1645 1301 1672 Bacch.
1328 1639 1369 1670 64
1393 1648 1442 1674 sq,

993 1689 1069 1719 303.
1102 1687 1214 1730 Orgia
1234 1689 1383 1717 dicuntur
1398 1690 1576 1715 nocturnae
1593 1686 1748 1715 commis-

947 1736 1096 1765 sationes
1138 1736 1171 1763 in
1208 1734 1333 1763 Bacchi
1368 1735 1525 1761 honorem
1556 1731 1665 1760 factae
1705 1731 1746 1761 cf.

949 1785 1042 1810 Serv.
1075 1782 1114 1810 ad
1148 1777 1323 1809 trieterica
1361 1778 1492 1813 „Liberi
1529 1778 1615 1806 enim
1649 1785 1748 1806 sacra

950 1826 1113 1862 [Thebis]
1146 1826 1238 1854 tertio
1271 1832 1401 1859 quoque
1429 1831 1514 1852 anno
1539 1823 1747 1851 innovaban-

950 1877 1011 1901 tur.
1061 1875 1149 1900 Sane
1173 1871 1344 1899 sciendum
1365 1866 1469 1909 orgia
1493 1869 1577 1903 apud
1599 1871 1746 1897 Graecos

949 1918 1011 1946 dici
1037 1925 1133 1946 sacra
1156 1917 1275 1951 omnia,
1301 1916 1385 1944 sicut
1409 1916 1494 1949 apud
1512 1914 1647 1942 Latinos
1670 1921 1748 1943 cae-

948 1961 1120 1992 rimoniae
1167 1963 1329 1990 (licuntur.
1400 1961 1465 1988 Sed
1505 1960 1568 1988 iam
1607 1960 1747 1988 abusive

948 2016 1047 2038 sacra
1072 2008 1180 2037 Liberi
1207 2008 1299 2042 orgia
1326 2004 1518 2034 voc-amun*
1551 2008 1582 2034 S.
1633 2005 1680 2034 Cf.
1706 2006 1747 2033 ad

948 2055 985 2089 7,
1015 2053 1082 2082 385
1115 2062 1165 2088 sq.
1203 2069 1248 2072 —
1290 2049 1493 2081 Nocturnus
1525 2051 1545 2079 i.
1582 2059 1609 2077 e.
1648 2055 1748 2079 noctu

948 2099 1026 2128 490.
1061 2102 1099 2128 G.
1124 2098 1156 2136 3,
1181 2097 1249 2126 538
1276 2102 1308 2126 ut.
1333 2094 1530 2126 matutinus
1549 2097 1682 2125 Aeneas
1709 2104 1747 2125 se

949 2145 1013 2179 agit
1045 2144 1065 2172 i.
1090 2152 1118 2172 e.
1145 2151 1241 2172 mane
1273 2143 1310 2180 8,
1341 2141 1419 2170 465.
1468 2141 1516 2171 cf.
1543 2144 1595 2170 Gr.
1624 2140 1645 2176 S
1669 2140 1746 2170 367.

948 2205 992 2209 —
1006 2191 1042 2217 In
1058 2189 1264 2225 Cithaerone,
1288 2188 1446 2216 Boeotiae
1462 2192 1581 2224 monte,
1604 2188 1747 2215 maxime

948 2239 1017 2263 erat
1043 2234 1166 2263 Bacchi
1192 2236 1300 2262 cultus
1326 2232 1366 2260 cf.
1392 2233 1453 2260 Ov.
1478 2235 1553 2260 Met.
1580 2230 1617 2267 3,
1645 2231 1723 2260 702.

995 2279 1071 2308 305.
1104 2277 1213 2319 Spero
1250 2286 1323 2307 cum
1364 2277 1519 2305 infinitivo
1559 2277 1746 2312 praesentis

949 2326 1092 2360 iungitur
1130 2328 1162 2352 ut
1194 2322 1270 2352 338.
1314 2322 1353 2360 2,
1388 2321 1464 2350 658.
1508 2321 1546 2358 5,
1582 2321 1633 2350 18.
1697 2324 1747 2351 Ita

947 2368 1149 2412 promittere
1174 2368 1251 2398 487.
1302 2368 1348 2398 Cf.
1375 2370 1427 2397 Gr.
1451 2367 1473 2402 ς
1499 2365 1583 2403 469,
1605 2368 1668 2396 An.
1695 2366 1724 2397 1.

996 2415 1073 2444 307.
1105 2412 1174 2444 Nec
1196 2417 1229 2444 te
1253 2418 1314 2443 etc.
1339 2421 1446 2448 neque
1475 2421 1526 2441 me
1552 2420 1663 2450 amas,
1688 2421 1748 2441 ne-

952 2470 1015 2497 que
1033 2462 1126 2490 fidem
1149 2468 1168 2490 a
1192 2465 1221 2489 te
1243 2462 1351 2489 datam
1374 2466 1484 2497 curas,
1508 2466 1614 2493 neque
1635 2463 1664 2487 te
1683 2458 1747 2487 mei

951 2508 1095 2544 miseret,
1122 2514 1206 2541 quae
1233 2506 1314 2534 mori
1334 2513 1445 2539 cogor.
1494 2506 1543 2533 Ita
1566 2508 1673 2533 autem
1698 2503 1746 2532 fe-

952 2554 1069 2589 stinas,
1097 2557 1127 2581 ut
1150 2554 1205 2580 vel
1228 2552 1333 2580 hieme
1355 2550 1393 2586 (i.
1412 2558 1439 2578 e.
1465 2550 1573 2578 sidere
1592 2550 1746 2585 hibern0;

952 2599 1097 2628 siderum
1130 2598 1216 2626 enim
1250 2601 1279 2625 et
1312 2601 1381 2625 ortu
1416 2599 1447 2624 et
1475 2602 1599 2624 occasu
1624 2595 1746 2629 antiqui

952 2645 1028 2673 anni
1063 2648 1211 2678 tempora
1241 2643 1480 2677 distinguebant
1510 2640 1551 2669 cf.
1579 2642 1657 2669 Tac.
1683 2641 1745 2669 An.

953 2689 982 2726 l,
1008 2688 1052 2717 70
1073 2686 1185 2717 sidere
1209 2684 1443 2727 aequinoctii]
1469 2687 1553 2715 velis
1576 2686 1746 2722 navigare,

951 2735 1005 2763 ubi
1030 2735 1138 2763 omnia
1157 2734 1257 2762 maris
1280 2733 1429 2767 pericula
1445 2732 1642 2767 impendent.
1686 2733 1745 2760 Vel

951 2781 981 2809 si
1000 2781 1135 2815 patriam
1154 2784 1295 2815 peteres,
1313 2778 1507 2806 morandum
1525 2781 1636 2813 esset3
1659 2784 1746 2805 nunc

950 2833 1047 2863 vero,
1091 2832 1188 2859 quum
1221 2824 1354 2858 ignotae
1391 2827 1498 2852 terrae
1536 2823 1745 2857 quaerendae

951 2876 1038 2907 sunt,
1066 2877 1201 2904 quarum
1219 2876 1311 2898 amor
1333 2877 1411 2898 esse
1431 2877 1496 2898 non
1521 2873 1648 2904 potest:
1671 2869 1747 2896 nul-

951 2918 1015 2945 lam
1039 2917 1078 2944 ob
1105 2922 1263 2944 caussam
1286 2915 1376 2944 abire
1400 2915 1494 2951 cupis
1516 2914 1624 2951 aliam,
1649 2920 1746 2947 quam

951 2962 1036 2995 quod
1072 2968 1122 2989 me
1158 2960 1264 2997 fugis;
1305 2964 1494 2995 tantumque
1526 2963 1673 2988 remotus
1707 2966 1744 2985 es

951 3008 991 3035 ab
1019 3013 1129 3035 amore
1156 3006 1231 3043 mei,
1259 3011 1290 3034 ut
1315 3008 1402 3035 bona
1430 3005 1539 3033 omnia
1564 3005 1745 3039 relinquam,

951 3053 1046 3081 modo
1074 3057 1107 3081 ut
1134 3052 1227 3081 absis
1254 3059 1273 3080 a
1298 3059 1358 3080 me.
