2044 3329
785 68 1022 103 AENEIDOS
1047 71 1135 104 LIB.
1160 71 1187 104 1.

1753 72 1806 111 29

159 184 355 238 Namque
384 183 574 225 humeris
607 182 660 226 de
688 197 808 226 more
837 183 1028 226 habilem
1061 182 1344 238 suspenderat
1372 197 1521 227 arcum

158 242 369 284 Venatrix
396 241 661 296 dederatque
691 256 860 283 comam
889 241 1125 284 diffundere
1154 243 1304 295 ventis,

156 300 285 342 Nuda
308 313 418 353 genu
447 299 650 352 nodoque
679 300 796 341 sinus
826 300 1009 342 collecta
1035 299 1230 342 fluentes.

157 358 220 400 Ao
252 358 389 411 prior,
417 356 550 408 Heus,
574 358 735 411 inquit,
761 358 950 408 iuvenes,
982 362 1239 409 monstrate,
1270 370 1464 400 mearum

157 414 338 457 Vidistis
363 415 399 455 si
427 429 556 468 quam
584 415 654 457 hic
685 419 902 457 errantem
929 416 1041 457 forte
1071 430 1279 466 sororum,

157 472 429 514 Succinctam
458 473 665 526 pharetra
693 477 735 515 et
764 474 1009 515 maculosae
1039 474 1225 527 tegmine
1253 472 1402 527 lyncis,

157 532 245 572 Aut
273 531 513 584 spumantis
543 531 639 584 apri
669 545 841 573 cursum
868 532 1056 573 clamore
1088 535 1364 586 prementem.

275 588 344 630 Sic
371 589 531 641 Venus3
563 593 605 630 et
629 590 807 631 Veneris
837 594 987 631 contra
1020 590 1081 631 sic
1110 590 1222 631 filius
1254 602 1397 630 orsus:

1722 590 1746 630 <22

1753 591 1775 630 tc)

1782 591 1805 630 01

156 646 288 687 Nulla
318 650 492 688 tuarum
518 646 669 689 audita
699 648 804 689 mihi
831 662 967 702 neque
994 648 1085 689 visa
1118 661 1327 689 sororum.

158 703 193 745 O
224 718 353 758 quam
378 708 421 746 te
452 718 702 757 memorem,
728 706 878 760 virgo?
907 719 1093 759 namque
1124 705 1242 747 haud
1271 704 1352 746 tibi
1381 703 1522 746 voltus

157 761 377 815 Mortalis,
403 776 481 805 nec
509 777 593 805 vox
616 763 832 806 hominem
860 767 1002 806 sonat:
1037 763 1071 805 Ο
1100 763 1181 805 dea
1207 766 1343 814 certe3

158 905 268 941 palyci
292 906 374 942 filia,
401 914 500 943 quae,
533 907 566 935 in
591 907 690 935 silvis
714 907 868 941 educata,
901 913 957 933 ve-

158 953 288 980 natibus
321 957 351 981 et
385 953 535 981 cursibus
567 962 602 981 se
633 954 817 981 duraverat.
867 953 958 980 Hanc

157 999 429 1032 comparationem
448 1008 489 1028 ex
507 1007 564 1027 suo
590 1004 729 1034 tempore
751 998 855 1032 posuit
872 998 958 1033 ἵζει,

158 1052 222 1072 non
241 1045 322 1078 quod
336 1046 467 1073 Aeneas
481 1047 660 1079 spartanas
677 1044 822 1077 virgines
842 1051 959 1076 cogno-

158 1091 252 1119 verit.
286 1105 323 1109 ——
359 1087 511 1119 Hebrum
535 1092 615 1118 Mss.
650 1105 688 1109 -
724 1087 856 1117 Eurum
883 1089 957 1116 Edd.

157 1137 268 1171 plures
310 1144 351 1164 ex
386 1136 578 1165 coniectura.
615 1151 652 1155 -—
695 1136 821 1163 Hebrus
863 1135 959 1166 enim,

157 1181 212 1216 qui
244 1189 328 1210 nunc
352 1182 493 1210 Maritza
519 1182 648 1217 dicitur,
683 1189 781 1215 quum
814 1181 897 1208 lenis
929 1185 957 1207 et

158 1227 305 1262 placidus
339 1226 458 1256 fluvius
500 1232 605 1256 esset.
648 1227 703 1261 qui
737 1236 793 1255 nec
826 1228 958 1255 volucer

157 1274 221 1301 dici
256 1277 381 1309 posset,
418 1282 476 1302 nec
510 1274 683 1301 celeritatis
722 1273 753 1300 in
791 1280 959 1307 compara-

157 1320 274 1348 tionem
306 1320 450 1353 assumi,
483 1324 593 1348 contra
619 1319 774 1347 solemnis
800 1323 884 1347 esset
909 1327 959 1347 ce-

158 1366 236 1393 leris
258 1373 373 1393 cursus
394 1374 466 1394 cum
485 1366 592 1394 ventis
611 1365 806 1399 comparatio
827 1369 855 1392 ct
875 1365 961 1398 apud

158 1411 266 1446 ipsum
294 1412 466 1445 Virgilium
491 1411 548 1445 (cf.
575 1409 611 1440 7.
642 1409 717 1439 sor.
753 1412 789 1441 S.
817 1408 902 1444 223)
931 1414 959 1438 et

157 1458 244 1486 alios
271 1457 330 1491 (cf.
356 1459 415 1485 ΟΥ.
444 1460 486 1486 M.
518 1455 572 1493 13,
605 1456 713 1492 806),
746 1459 824 1485 baec
853 1461 959 1484 ann-m

159 1504 220 1532 duo
251 1505 411 1532 vocabula
439 1501 558 1532 Eurus
591 1508 619 1532 et
648 1500 785 1531 Hebrus
816 1508 844 1531 et
880 1503 959 1531 alibi

159 1549 192 1578 in
216 1552 296 1578 Mss.
322 1549 606 1583 confunderentur,
632 1554 664 1578 ut
690 1557 740 1584 ap.
769 1551 842 1577 lior.
869 1550 902 1577 (⁴.
932 1547 959 1583 1,

158 1593 213 1627 25,
245 1594 287 1623 20
312 1604 368 1630 pro
391 1592 504 1624 Hebro
531 1596 671 1624 omnium
694 1598 772 1623 Mss.
800 1596 961 1630 scriptura

162 1638 261 1670 Euro
292 1643 459 1678 legendum
482 1646 545 1670 est:
583 1646 743 1670 mutarunt
775 1642 873 1670 etiam
903 1644 962 1669 hoc

158 1689 228 1716 loco
247 1687 446 1723 interpretes.
467 1703 504 1707 —
528 1689 589 1716 Sed
606 1688 742 1723 primum
760 1688 874 1716 celeris
888 1696 962 1717 cur-

159 1741 218 1762 sus
248 1742 321 1763 cum
354 1734 454 1763 celeri
492 1734 620 1763 flumine
659 1734 856 1768 comparatio
897 1742 961 1761 non

159 1782 284 1808 absona
317 1784 382 1815 est,
424 1785 517 1814 grata
553 1781 650 1809 etiam
690 1780 785 1815 patrii
820 1780 960 1808 fluminis

160 1826 436 1860 commemoratum
462 1827 573 1855 deinde
598 1827 695 1861 potuit
714 1827 787 1860 vgt.
813 1827 961 1860 ignorare

161 1872 267 1900 amnis
288 1873 455 1908 longinqui
480 1878 644 1905 naturam,
670 1877 754 1901 certe
775 1874 810 1901 G.
834 1872 871 1905 4,
893 1870 959 1900 523

162 1917 295 1946 fluvium
318 1920 410 1946 habet
437 1920 588 1951 celerem,
617 1919 776 1953 siquidem
802 1924 885 1948 recte
910 1919 960 1946 in-

162 1964 271 1999 telligo
290 1966 405 1992 verba:
449 1961 600 2004 Gurgite
618 1972 721 2002 quum
744 1963 857 1993 medio
881 1972 960 2002 por—

163 2011 245 2039 tans
273 2006 450 2048 Oeagrius
475 2006 611 2038 Hebrus
643 2007 821 2045 Volverel,
854 2015 881 2038 et
915 2014 964 2038 est

161 2062 213 2090 ap.
238 2057 315 2083 Stat.
339 2056 436 2083 Theb.
467 2053 496 2087 9,
523 2052 587 2082 438
620 2052 789 2093 spumifer
816 2052 962 2084 Hebrus.

162 2102 302 2130 Fluvius
326 2106 432 2129 autem
462 2102 586 2135 longior
613 2109 675 2128 non
700 2100 796 2129 facile
828 2102 961 2129 eundem

162 2155 293 2177 cursum
317 2151 443 2183 servat,
480 2152 509 2175 et
532 2154 630 2181 quum
655 2148 781 2175 Hebrus
806 2155 822 2175 e
847 2147 962 2175 monti-

161 2195 223 2222 bus
247 2194 393 2222 decurrat
415 2193 597 2227 altissimis,
622 2193 788 2227 probabile
806 2197 864 2225 est,
890 2201 963 2221 eum

162 2240 261 2269 celeri
283 2248 382 2268 cursu
407 2239 524 2268 deferri
547 2239 581 2267 in
604 2239 779 2273 planitiem.
839 2239 892 2267 Sic
913 2239 961 2267 Pl.

163 2287 202 2314 Η.
229 2287 264 2314 N.
293 2285 324 2319 5,
351 2282 394 2313 10
419 2286 451 2314 ἰη
470 2285 540 2313 Nilo
565 2290 718 2313 memorat
744 2285 889 2319 rapidam
912 2293 964 2313 ce—

163 2332 329 2360 leritatem.
356 2347 394 2351 -
422 2333 533 2366 Itaque
556 2331 670 2359 malim
695 2332 814 2359 erroris
840 2331 964 2366 pericu-

163 2379 231 2405 lum
260 2386 333 2406 cum
358 2378 567 2413 KlopstocKio
599 2377 709 2405 subire
745 2376 820 2412 (qui
845 2377 961 2411 (win-

165 2422 234 2459 golf
267 2421 305 2459 1)
356 2420 421 2452 Dic
460 2421 604 2452 {Vasscr
644 2419 779 2451 Hebrus
813 2420 964 2452 wcilzzen

164 2465 228 2498 mit
259 2465 416 2498 Adlereil
452 2466 512 2498 des
548 2465 666 2498 Ceben
708 2465 836 2508 Leyer)
869 2476 964 2503 qnam

165 2523 239 2543 cum
278 2515 356 2543 aliis
391 2515 458 2544 vim
499 2519 610 2549 poetae
642 2514 770 2543 inferre.
828 2516 963 2544 Accedit

165 2561 247 2596 quod
273 2561 374 2589 Silius
399 2561 476 2597 Vgli
507 2561 662 2595 imitator,
694 2561 825 2596 scripsit
852 2559 890 2596 2,
921 2558 963 2589 73

171 2604 303 2645 Quales
323 2603 505 2635 Threiciae
524 2603 716 2646 Rhodopen
798 2604 964 2642 lustrant,

167 2660 338 2691 cursuque
371 2650 538 2692 fatigant
570 2649 721 2680 Hebrum
754 2657 782 2681 et
822 2651 857 2690 3,
899 2651 963 2681 306

167 2695 303 2727 levibus
327 2706 416 2739 gens
441 2696 550 2738 ignea
573 2695 720 2737 plantiS,
748 2696 804 2727 cui
827 2696 964 2738 sonipes

167 2752 281 2780 cursu,
306 2741 363 2773 cui
387 2741 526 2773 cesserit
549 2741 677 2772 incitus
699 2741 822 2773 uranie.
872 2746 964 2774 Hunc

167 2791 285 2819 Silium
317 2790 383 2819 iam
412 2794 559 2824 corrupto
586 2789 664 2826 Vgti
695 2791 875 2825 exemplari
909 2793 963 2820 de-

167 2841 293 2872 ceptum
329 2844 403 2865 esse
439 2836 541 2865 sumit
584 2832 644 2864 Rb.
684 2851 722 2855 —
768 2833 873 2877 Fuga
917 2841 965 2866 est

167 2883 273 2911 omnis
302 2884 386 2911 celer
416 2887 538 2917 motus,
574 2881 621 2909 ita
650 2883 735 2911 celer
758 2882 908 2912 incessus
934 2881 964 2919 4,

168 2926 235 2956 430
254 2929 369 2957 celeris
392 2928 560 2964 navigatio
581 2924 612 2960 7,
639 2925 692 2956 23.
727 2930 811 2957 celer
834 2931 965 2958 volatus

169 2972 201 3010 9,
228 2971 278 3002 15.
326 2976 377 3003 Ita
397 2973 530 3014 sugere
546 2971 577 3007 3,
606 2971 681 3002 268.
703 2971 779 3003 258.
796 2990 834 2994 -
859 2972 965 3004 Prae-

169 3018 315 3050 vertitur
337 3021 484 3058 „transit,
511 3020 649 3049 dicimus
675 3024 782 3049 autem
807 3025 838 3050 et
861 3029 965 3062 prae-

1005 902 1108 934 vertit
1138 904 1197 939 (cf.
1224 902 1262 937 7,
1291 901 1379 939 807)
1411 907 1440 932 et
1471 903 1742 942 praevenitur-fl
1775 910 1807 937 S.

1010 947 1199 979 Praeverlo
1223 951 1366 979 activum
1387 954 1434 977 est
1452 955 1483 978 ut
1506 953 1710 988 anteverto‚·
1736 955 1809 982 inde

1004 997 1209 1035 praevortar
1236 997 1318 1031 quod
1353 998 1491 1030 anteeo,
1523 997 1683 1030 transeo.
1715 1005 1743 1027 et
1776 1005 1809 1029 ut

1007 1044 1087 1070 baec
1113 1044 1223 1071 verba.
1252 1048 1446 1076 quamquam
1472 1048 1555 1076 raro,
1581 1046 1807 1074 accusativum

1006 1088 1077 1115 eius
1109 1088 1163 1121 qui
1199 1088 1337 1121 (cursu)
1367 1087 1522 1123 vincitur,
1560 1091 1708 1118 assumit.
1759 1092 1807 1120 Cf.

1007 1134 1113 1161 Plaut.
1142 1135 1216 1162 Cas.
1252 1131 1290 1165 2,
1316 1132 1353 1162 8.
1381 1130 1422 1160 75
1450 1131 1571 1172 pulcre
1599 1140 1810 1174 praevortar

1005 1176 1110 1208 viros.
1152 1180 1248 1214 Apud
1271 1179 1400 1207 Livium
1422 1183 1468 1207 est
1491 1180 1606 1209 etiam:
1631 1180 1810 1222 coac-lique

1006 1222 1164 1254 consules
1203 1222 1360 1254 omuibus
1399 1232 1475 1254 eam
1518 1234 1590 1255 rem
1628 1227 1809 1267 praeverti

1006 1269 1044 1307 8,
1075 1268 1124 1299 13.

1054 1314 1129 1345 318.
1158 1314 1200 1345 de
1218 1325 1312 1345 more
1327 1324 1371 1345 sc.
1390 1318 1577 1347 venatricis.
1595 1335 1632 1338 —
1646 1316 1809 1356 habilem,

1008 1372 1101 1398 (niem
1135 1363 1230 1392 facile
1265 1368 1364 1398 potest
1396 1369 1533 1397 gestare.
1598 1367 1646 1394 Ita
1677 1364 1810 1405 clipeus

1009 1406 1137 1438 habilis
1169 1408 1216 1442 12,
1245 1406 1320 1437 4:32.
1369 1408 1478 1449 galea
1509 1409 1539 1442 9,
1567 1409 1643 1440 305.
1689 1420 1810 1441 currus

1008 1458 1067 1483 ov.
1099 1458 1141 1484 M.
1179 1454 1213 1484 2.
1248 1454 1324 1484 531.
1376 1453 1485 1485 calcei
1510 1458 1575 1486 Cic.
1604 1459 1642 1487 de
1667 1463 1745 1487 orat.
1784 1458 1809 1495 Ι,

1009 1499 1070 1534 54,
1097 1500 1171 1530 231.

1054 1546 1130 1576 319,
1157 1544 1303 1577 dederat
1328 1547 1366 1577 cf.
1391 1545 1443 1576 66.

1054 1592 1130 1622 320.
1158 1591 1302 1622 collecta
1331 1591 1428 1622 sinus
1456 1601 1563 1624 accus.
1591 1603 1729 1630 graecus
1755 1597 1809 1631 qui

1009 1640 1141 1671 dicitur:
1180 1640 1219 1669 cf.
1256 1638 1290 1668 2.
1326 1638 1399 1669 273.
1451 1642 1496 1669 De
1525 1650 1558 1670 re
1589 1642 1627 1671 cf.
1662 1641 1697 1677 4,
1737 1642 1808 1672 139.

1010 1685 1040 1719 6,
1068 1685 1143 1715 301.
1189 1684 1219 1716 9,
1245 1684 1321 1714 582.
1371 1688 1429 1715 Ov.
1457 1689 1498 1715 Μ.
1527 1687 1578 1719 10,
1604 1687 1669 1717 536
1705 1685 1811 1718 Nuda

1007 1741 1104 1773 genu
1147 1734 1274 1761 vestem
1321 1729 1391 1761 ritu
1437 1731 1611 1763 suerint-la
1662 1732 1809 1764 Dianae.

1009 1779 1119 1807 Vestis
1146 1788 1185 1807 ne
1210 1779 1305 1807 celeri
1335 1780 1445 1807 cursui
1470 1782 1612 1814 obesset,
1644 1783 1811 1810 succincta

1008 1825 1040 1853 in
1067 1826 1160 1853 sinus
1196 1826 1415 1861 colligebatur.
1452 1841 1489 1844 —
1525 1823 1652 1856 Fluere
1682 1830 1811 1862 amplae

1007 1876 1035 1899 et
1063 1873 1159 1899 laxae
1184 1876 1292 1900 vestes
1311 1879 1410 1906 saepe
1429 1872 1594 1909 dicuntur3
1624 1882 1696 1902 nos:
1722 1871 1810 1903 wal—

1008 1914 1128 1946 lendes
1158 1914 1326 1947 Gewand.

1056 1972 1131 2003 322.
1160 1977 1344 2012 errantem,
1363 1980 1535 2012 vagantem
1551 1981 1581 2005 ut
1602 1977 1809 2006 venatricem.

1057 2029 1131 2060 323.
1163 2029 1336 2072 Succingi
1353 2030 1493 2072 gladio,
1512 2033 1612 2072 sciro
1637 2035 1699 2062 dici
1718 2037 1811 2071 solet,

1010 2079 1065 2105 sed
1095 2078 1191 2106 etiam
1219 2075 1408 2117 pharetra,
1441 2076 1564 2108 balteo.
1614 2081 1694 2115 Quid
1728 2082 1811 2116 quod

1010 2123 1127 2151 Livius
1151 2124 1231 2152 dixit
1259 2121 1296 2160 7,
1324 2124 1342 2151 5
1371 2123 1567 2154 succinctus
1592 2124 1713 2155 cultro.
1756 2126 1810 2164 21,

1014 2167 1053 2196 10
1078 2177 1103 2197 s.
1125 2168 1235 2197 armis
1258 2167 1534 2210 legionibusque.
1584 2169 1654 2201 Mv.
1681 2173 1811 2208 scripsit

1008 2210 1195 2253 pharetra,
1229 2217 1259 2244 el
1354 2212 1463 2254 lyncis
1495 2219 1557 2246 aut
1582 2226 1675 2252 quem
1701 2224 1811 2247 contra

1010 2264 1095 2288 recte
1121 2265 1225 2288 monet
1244 2257 1306 2288 Rb.
1331 2262 1470 2300 tegmen
1493 2270 1556 2289 non
1581 2263 1644 2292 dici
1664 2265 1702 2292 de
1727 2266 1811 2299 pelle

1011 2307 1134 2335 bestiae
1173 2306 1238 2334 nisi
1276 2307 1316 2334 ad
1353 2314 1469 2340 corpus
1506 2310 1682 2338 humanum
1713 2318 1811 2344 quum

1011 2353 1180 2381 adhibetur
1203 2352 1241 2381 cf.
1271 2350 1306 2382 7.
1338 2350 1413 2380 666.
1455 2352 1512 2388 11,
1544 2352 1627 2388 576,
1660 2356 1716 2383 sed
1739 2356 1811 2390 ipse

1011 2404 1139 2433 arrepta
1163 2399 1323 2433 scriptura
1349 2398 1423 2426 libri
1448 2407 1476 2437 γ.
1526 2398 1685 2439 tegmina
1711 2404 1812 2430 verba

1011 2446 1121 2474 eodem
1162 2446 1253 2473 modo
1290 2445 1428 2479 disponit
1467 2452 1512 2474 sc.
1543 2450 1577 2474 ut
1609 2447 1810 2477 concinnitas

1011 2492 1067 2520 sit:
1101 2491 1251 2526 persequi
1288 2488 1449 2529 tegmina
1487 2492 1518 2519 et
1556 2489 1716 2521 cursum!
1772 2496 1812 2523 Et

1012 2538 1198 2566 necessaria
1222 2541 1288 2565 erat
1307 2536 1447 2572 virginis
1467 2537 1610 2567 vestium
1629 2540 1810 2577 descriptio,

1012 2588 1042 2612 ut
1069 2584 1200 2612 Aeneas
1225 2591 1295 2611 eam
1319 2587 1517 2619 agnosceret.

1059 2627 1134 2658 324.
1159 2636 1336 2668 premens,
1366 2629 1542 2663 insequens
1567 2626 1642 2658 467.
1667 2628 1704 2667 9,
1732 2629 1809 2660 793.

1011 2676 1084 2705 sive
1103 2683 1232 2709 urgens.
1257 2675 1440 2709 opprimens
1458 2672 1488 2711 9,
1515 2673 1590 2704 330.
1630 2674 1709 2706 telis
1731 2686 1809 2718 pre-

1010 2729 1102 2751 mere
1129 2719 1165 2758 8,
1196 2718 1270 2749 249.
1309 2718 1346 2756 9,
1372 2718 1449 2749 793.
1491 2718 1528 2758 2,
1555 2719 1631 2750 530.

1057 2777 1132 2807 326.
1160 2776 1285 2806 audita
1309 2775 1416 2807 mihi.-

1008 2826 1099 2861 six-03
1126 2824 1165 2853 cf.
1193 2822 1269 2852 440.

1059 2880 1134 2911 328.
1165 2878 1300 2910 Sonare
1317 2889 1390 2911 cum
1406 2882 1595 2912 accusativo
1611 2886 1659 2912 est
1680 2883 1810 2919 referre,

1011 2929 1192 2963 significare
1226 2927 1264 2956 cf.
1293 2928 1358 2957 Cic.
1391 2927 1446 2956 off.
1482 2927 1517 2958 3.
1550 2926 1588 2957 21
1625 2930 1708 2957 haec
1741 2928 1810 2957 duo

1012 2973 1116 3004 verba
1143 2973 1233 3003 inter
1258 2981 1293 3002 se
1316 2971 1533 3014 discrepare,
1566 2982 1602 3003 re
1626 2983 1732 3004 unum
1756 2984 1810 3004 so-

1012 3029 1098 3050 nare
1123 3018 1284 3050 videntur
1304 3020 1344 3050 cf.
1368 3021 1420 3049 Gr.
1446 3020 1468 3056 S
1493 3018 1570 3050 294.
1596 3023 1625 3049 b.

1465 2779 1604 2808 Dativus
1631 2788 1703 2809 cum
1733 2788 1810 2815 pas-
