2023 3350
801 82 1040 126 AENEIDOS
1070 86 1155 118 LIB.
1181 86 1242 118 VI.

194 195 386 250 Corripit
424 195 495 237 hic
534 195 680 239 subita
719 197 916 251 trepidus
950 198 1181 241 formidine
1217 200 1382 242 ferrum

192 254 377 305 Aeneas,
424 254 712 308 strictamque
750 256 888 297 aciem
926 257 1195 299 venientibus
1233 258 1387 310 obfert,

190 311 265 362 Et,
304 311 348 352 ni
389 311 521 353 docta
557 326 700 354 comes
743 316 894 356 tenues
935 315 1026 357 sine
1060 329 1243 370 corpore
1282 317 1394 358 vitas

191 368 439 411 Admoneat
471 369 654 412 volitare
694 384 800 412 cava
842 372 921 413 sub
953 373 1141 427 imagine
1181 373 1361 426 formae,

190 426 344 468 Inruat
375 431 417 469 et
458 427 623 469 frustra
658 427 774 470 ferro
812 429 1055 472 diverberet
1092 431 1282 473 umbras.

305 484 418 526 Hinc
450 485 536 537 via,
575 486 773 528 Tartarei
811 501 923 541 quae
958 487 1045 530 fert
1079 489 1341 531 Acherontis
1384 489 1440 532 ad
1479 490 1638 532 undas:
1767 493 1848 533 295

190 541 408 584 Turbidus
444 542 515 584 hic
547 557 682 585 caeno
723 549 932 600 vastaque
966 547 1173 600 voragine
1213 561 1370 601 gurges

193 599 378 641 Aestuat
411 604 544 654 atque
575 615 743 643 omnem
777 603 939 658 Cocyto
973 608 1143 646 eructat
1179 619 1367 647 arenam.

190 657 389 700 Portitor
427 658 506 701 has
544 659 787 703 horrendus
829 675 966 715 aquas
1005 666 1047 704 et
1077 662 1255 704 fiumina
1292 667 1436 705 servat

189 715 393 758 Terribili
428 717 630 771 squalore
663 718 852 771 Charon,
890 720 959 761 cui
997 720 1186 774 plurima
1225 724 1370 763 mento

192 773 382 815 Canities
417 775 583 816 inculta
619 776 753 828 iacet,
794 781 912 819 stant
950 778 1115 820 lumina
1152 778 1339 830 flamma,
1766 780 1849 819 οΟΟ

191 831 401 873 Sordidus
444 846 496 874 ex
532 833 722 876 humeris
758 835 872 877 nodo
910 835 1125 889 dependet
1157 837 1353 878 amictus.

190 889 290 943 Ipse
324 894 465 932 ratem
505 895 632 933 conto
676 892 856 947 subigit,
900 894 1091 948 velisque
1128 895 1360 946 ministrat,

189 947 248 989 Et
288 946 537 1002 ferruginea
577 949 803 993 subvectat
835 965 1020 1005 corpora
1058 951 1224 1006 cymba,

189 1005 283 1047 Iam
317 1007 476 1058 senior,
518 1007 593 1049 sed
632 1008 767 1050 cruda
807 1008 886 1051 deo
920 1009 1155 1063 viridisque
1187 1013 1395 1051 senectus.

192 1062 290 1105 Huc
327 1065 465 1106 omnis
499 1065 632 1106 turba
669 1065 725 1108 ad
763 1067 882 1121 ripas
923 1066 1058 1109 effusa
1098 1067 1265 1118 ruebat,

1767 1067 1847 1106 305

192 1121 358 1164 Matres
395 1126 526 1177 atque
561 1123 660 1175 viri,
707 1123 999 1179 defunctaque
1031 1138 1219 1178 corpora
1252 1124 1344 1165 vita

193 1179 520 1233 Magnanimum
559 1181 758 1233 heroum,
799 1183 923 1236 pueri
958 1183 1253 1236 innuptaeque
1288 1181 1470 1235 puellae,

189 1237 477 1293 Impositique
517 1240 636 1294 rogis
674 1240 848 1282 iuvenes
891 1244 992 1282 ante
1031 1254 1109 1282 ora
1145 1244 1399 1294 parentum:

191 1296 330 1347 Quam
365 1297 505 1339 multa
539 1298 583 1339 in
621 1297 739 1340 silvis
777 1298 997 1341 auctumni

239 1459 315 1491 29⁰.
339 1458 672 1502 Snbitaformidine
683 1464 849 1499 trepidans
865 1465 997 1492 Aeneas

192 1515 258 1536 non
288 1513 452 1542 movetur,
489 1516 586 1544 quam
619 1514 652 1538 ut
682 1511 826 1543 gladium
858 1511 997 1547 stringat

191 1557 221 1583 et
246 1554 358 1584 stricto
383 1555 491 1591 gladio
517 1556 660 1590 periculo
687 1561 844 1585 occurrat.

237 1598 313 1628 292.
344 1597 392 1630 Ni
409 1616 453 1620 —
468 1598 670 1637 admoneat,
698 1599 814 1631 irruat
836 1611 878 1631 ex
904 1610 996 1637 prae-

192 1646 276 1674 senti
301 1650 442 1682 tempore
471 1648 678 1677 construitur.
735 1645 785 1676 ΡΙ.
813 1649 895 1677 coni.
922 1656 996 1676 cor-

188 1699 273 1732 pore
292 1691 435 1728 formas
461 1715 468 1722 .
562 1691 624 1722 sub
651 1691 811 1732 imagine
837 1692 940 1722 uitae.

239 1735 315 1766 293.
349 1735 508 1768 solitare
530 1742 664 1768 umbrae
690 1740 841 1768 videntur
866 1748 922 1774 per
951 1740 997 1768 le-

192 1783 329 1812 vitatem
359 1791 471 1820 suam,
509 1785 553 1814 ita
585 1783 660 1813 329.
699 1801 738 1805 —-
789 1783 885 1813 Cava
916 1791 999 1813 recte

194 1830 312 1858 dicitur
335 1836 375 1858 ea
398 1827 534 1870 imagO.
559 1831 591 1859 in
611 1838 675 1865 qua
695 1828 768 1859 vita
788 1831 917 1859 inclusa
940 1835 999 1861 est.

191 1875 240 1904 sic
266 1883 354 1903 cava
379 1873 504 1905 nubila
532 1874 566 1910 9,
596 1874 672 1905 671.
716 1884 806 1904 cava
830 1874 938 1905 nubes
972 1873 999 1911 1,

191 1919 269 1949 516.
294 1920 325 1955 5,
353 1918 430 1950 810.
461 1919 513 1956 10,
539 1919 616 1958 636,
644 1923 676 1950 in
701 1930 766 1957 qua
795 1923 869 1958 quis
892 1923 998 1952 inclu-

191 1967 278 1996 ditur
298 1974 338 1997 ac
361 1967 488 2003 tegitur.

190 2043 410 2076 295—336.
465 2043 676 2076 Animarum
716 2054 909 2078 concursus
955 2044 998 2077 ad

471 2088 721 2123 Acherontem.

239 2148 315 2179 295.
342 2151 506 2183 Acheron,
526 2151 676 2187 Cocytos,
704 2153 797 2187 Styx.
818 2151 994 2186 Pyriphle—

191 2199 319 2233 gethon,
343 2197 417 2226 Orci
438 2196 549 2229 fluvii,
575 2204 673 2231 saepe
697 2197 893 2230 miscentur,
917 2197 995 2225 alii-

192 2251 254 2277 que
277 2243 345 2271 alia
367 2243 546 2271 attribuunt
570 2244 654 2272 loca.
683 2259 721 2262 —
749 2245 867 2272 Omnes
898 2244 993 2277 palu-

192 2289 266 2316 dum
294 2290 385 2317 modo
410 2295 515 2323 aquas
542 2291 700 2318 obscuras
726 2294 755 2318 et
781 2289 906 2317 luridas
932 2292 992 2317 lia—

191 2336 283 2367 bent,
311 2334 456 2369 interque
480 2342 516 2363 se
541 2335 712 2364 confluunt.
757 2335 914 2371 Singulos
939 2336 993 2364 de-

191 2380 303 2409 scribit
328 2380 386 2408 Sil.
414 2376 467 2414 13,
490 2377 568 2409 571.

239 2423 315 2454 297.
343 2433 486 2454 arenam
515 2426 554 2455 cf.
579 2427 621 2455 ad
643 2424 670 2463 1,
692 2423 768 2454 107.
791 2442 836 2445 —
867 2424 992 2465 Cocyto

193 2472 251 2509 „in
279 2471 452 2507 cocytum:
479 2472 605 2501 scilicet
629 2481 685 2507 per
707 2470 874 2508 Stygem.“·
899 2474 931 2500 S.

238 2514 315 2545 298.
348 2514 499 2546 Portitor
538 2514 619 2546 Orri
651 2519 781 2547 Charon
811 2519 927 2548 dicitnr
956 2519 991 2546 G.

191 2561 224 2600 4,
245 2560 323 2591 502.
360 2562 399 2592 cf.
425 2563 521 2598 Prop.
548 2560 579 2600 4,
607 2560 659 2597 11,
685 2561 715 2592 7.
746 2569 776 2592 et
810 2568 857 2593 est
883 2564 917 2592 in
941 2564 994 2592 his

189 2609 274 2639 locis
312 2613 433 2638 custos.
491 2609 713 2646 „Usurpative
753 2609 870 2639 dicitur
910 2609 995 2639 sicut

190 2654 345 2684 vector.“
365 2656 396 2683 S.
422 2658 452 2683 et
485 2651 688 2683 Porthmeus
709 2655 826 2684 dicitur
849 2663 902 2690 ap.
922 2657 994 2684 Iuv.

191 2699 222 2739 3,
250 2698 325 2729 206.
383 2701 445 2729 Sed
478 2697 629 2739 partitor
660 2701 758 2729 etiam
795 2708 815 2730 a
852 2703 998 2741 portare

191 2748 289 2776 sumit
315 2746 583 2783 significationem
607 2751 640 2775 ut
669 2747 709 2775 sit
733 2755 790 2781 pro
819 2749 995 2786 portator,

191 2797 225 2822 ut
244 2795 274 2822 h.
295 2794 315 2820 l.
341 2793 415 2821 iicet
439 2792 610 2827 explicari.
630 2808 667 2812 -
693 2790 846 2821 Servare
861 2793 901 2822 cf.
917 2790 994 2821 556.

239 2837 314 2867 300.
346 2836 452 2867 Stant
477 2835 612 2867 lumina
627 2835 779 2876 flamma
794 2838 832 2868 cf.
851 2836 901 2873 12.
918 2836 995 2867 409.

184 2882 336 2924 flamma
351 2881 678 2923 §12P'tmflammae
695 2882 864 2923 MlP2Ry.
886 2886 996 2914 Flam-

191 2931 256 2960 mei
278 2934 385 2960 autem
407 2938 519 2959 omnes
540 2931 671 2959 deorum
693 2931 780 2959 oculi
806 2930 845 2960 ct'.
865 2930 897 2967 5,
918 2929 994 2960 648.

192 2976 343 3015 Attende,
367 2976 442 3012 quid
466 2968 603 3015 Χάρων
625 2977 711 3012 apud
729 2978 870 3006 Graecos
891 2978 996 3014 signi-

192 3021 271 3052 ficet.

1038 1297 1202 1352 frigore
1235 1298 1376 1352 primo

1094 1461 1169 1492 301.
1203 1465 1290 1493 Idem
1334 1472 1365 1492 v.
1405 1463 1558 1498 repetitur
1598 1471 1618 1492 a
1665 1463 1848 1492 Claudiano

1046 1510 1154 1544 Epigr.
1190 1508 1242 1539 38.
1293 1510 1385 1539 Adde
1423 1512 1495 1538 Seu.
1534 1511 1627 1539 Herc.
1663 1511 1735 1538 Fur.
1771 1507 1848 1538 763.

1045 1557 1161 1593 „Hunc
1192 1561 1303 1586 servat
1340 1565 1468 1585 amnem
1502 1558 1589 1585 cuitu
1631 1561 1658 1583 et
1696 1557 1850 1590 adspectu

1045 1603 1205 1632 horridus.
1234 1603 1443 1637 pavidosque
1463 1605 1578 1631 Manes
1599 1603 1770 1637 squalidus
1794 1611 1849 1636 ge-

1044 1653 1107 1677 stat
1135 1658 1248 1678 senex.
1298 1651 1433 1684 Impexa
1459 1650 1570 1683 pendet
1598 1651 1715 1678 barba.
1745 1648 1850 1677 defor-

1044 1702 1126 1723 mem
1151 1696 1260 1723 sinum
1286 1697 1396 1723 Nodus
1423 1700 1562 1725 coercet.
1599 1702 1766 1724 concavae
1798 1697 1849 1723 iu-

1046 1745 1114 1768 rent
1134 1748 1250 1774 genae:
1277 1741 1370 1774 negiu
1394 1741 1464 1775 ipse
1487 1745 1579 1769 conto
1603 1742 1735 1775 portitor
1753 1742 1847 1775 longo

1046 1790 1182 1814 ratems·
1232 1788 1345 1820 Itaque
1371 1786 1524 1815 amictum
1550 1795 1644 1815 suum
1671 1791 1765 1819 tenet,
1791 1795 1849 1815 ex-

1047 1832 1158 1860 tremis
1182 1833 1328 1867 partibus
1356 1833 1388 1860 in
1416 1834 1549 1861 humero
1575 1833 1756 1866 colligatis,
1785 1842 1849 1861 non

1045 1878 1143 1906 fibula
1168 1878 1282 1913 nexis,
1322 1878 1376 1913 qui
1400 1883 1467 1906 erat
1492 1886 1562 1907 mos
1585 1879 1752 1907 hominum
1779 1880 1849 1908 cul-

1044 1924 1171 1952 tiorum.

1093 1968 1167 1998 302.
1199 1967 1374 2008 &abigere
1407 1974 1454 1999 est
1489 1978 1570 1998 suae
1599 1971 1758 2000 subiicere
1792 1979 1848 2005 po—

1045 2016 1164 2045 testati.
1192 2024 1320 2050 cogere:
1346 2016 1394 2045 sic
1416 2018 1452 2044 G.
1480 2014 1506 2052 1,
1529 2013 1590 2044 201
1620 2014 1766 2045 lembum
1795 2024 1848 2045 re-

1043 2058 1168 2101 migiis
1194 2060 1359 2101 subigere
1380 2062 1509 2095 legitur.
1550 2078 1588 2082 ——
1629 2060 1715 2092 velis
1745 2060 1851 2091 mini-

1045 2109 1147 2136 strat.
1169 2108 1253 2135 velis
1279 2107 1382 2136 iuvat.
1407 2113 1440 2136 ut
1462 2109 1563 2142 possit
1589 2109 1689 2138 navis
1719 2117 1849 2138 currere

1040 2153 1187 2182 celerius.
1238 2154 1324 2181 Idem
1355 2151 1403 2182 10.
1427 2150 1503 2182 218.
1554 2156 1662 2189 Neque
1691 2152 1776 2183 velis·
1800 2160 1849 2183 est

1041 2199 1186 2233 dativus,
1215 2199 1297 2233 quod
1318 2203 1449 2226 sumunt
1480 2196 1560 2227 Wd.
1582 2197 1645 2230 Fb.
1673 2202 1729 2229 sed
1755 2203 1849 2229 abia-

1041 2245 1150 2275 tiwis:
1183 2244 1221 2273 cf.
1248 2245 1323 2272 Tac.
1346 2246 1449 2272 Germ.
1476 2241 1517 2271 ⁴4
1545 2252 1605 2273 nec
1632 2243 1718 2274 velis
1744 2243 1848 2274 mini-

1042 2291 1158 2319 strant
1192 2289 1338 2325 (naves)
1371 2297 1432 2318 nec
1476 2297 1585 2318 remae
1622 2288 1657 2319 in
1691 2289 1847 2320 ordinem

1042 2333 1212 2365 lateribus
1249 2333 1466 2375 adiungunt.
1520 2336 1596 2364 Yai.
1639 2338 1685 2365 Fl.
1728 2335 1768 2370 3,
1804 2335 1847 2366 38

1041 2379 1115 2421 ipse
1151 2383 1260 2410 ratem
1298 2383 1400 2409 vento
1440 2378 1620 2420 stellisque
1657 2379 1848 2414 ministrat.

1041 2428 1095 2457 Sic
1127 2429 1206 2456 Stat.
1243 2424 1280 2463 7,
1310 2424 1375 2454 752
1413 2423 1488 2466 ipse
1526 2426 1688 2463 (Apollo)
1725 2425 1849 2457 sedens

1040 2471 1120 2504 telis
1143 2470 1346 2511 pariterque
1370 2470 1546 2502 ministrat
1569 2470 1724 2502 habenis.

1089 2517 1164 2547 303.
1186 2515 1402 2561 ferruginea
1425 2518 1576 2554 „nigra.“
1602 2521 1633 2547 S.
1661 2520 1699 2548 cf.
1718 2518 1749 2554 9,
1770 2518 1847 2549 582.

1040 2580 1085 2585 -—
1126 2572 1292 2605 corpora:
1334 2565 1456 2595 ..Omne
1486 2566 1569 2600 quod
1603 2569 1704 2600 potest
1732 2567 1849 2604 videri,

1042 2620 1160 2646 corpus
1187 2608 1337 2639 dicitur.“
1365 2612 1395 2637 S.

1091 2654 1167 2685 304.
1194 2653 1322 2684 cruda.
1348 2656 1474 2692 rigens,
1499 2647 1601 2694 ω’μὸυ
1624 2652 1750 2695 γῆρας.
1800 2659 1847 2687 Cf.

1044 2705 1117 2732 Sen.
1140 2705 1214 2732 Oed.
1238 2700 1300 2730 166
1328 2699 1388 2740 qui
1412 2699 1537 2741 capaci
1561 2699 1702 2731 turbida
1728 2702 1848 2743 cymba

1034 2746 1190 2789 flumina
1208 2749 1324 2776 servat
1345 2744 1454 2775 durus
1472 2744 1567 2776 senio
1586 2746 1713 2778 navita
1731 2747 1848 2780 crudo.

1044 2809 1087 2815 -
1116 2791 1241 2823 viridis
1264 2795 1422 2822 senectus
1446 2793 1485 2822 cf.
1511 2793 1542 2830 5,
1565 2791 1642 2823 295.

1092 2839 1166 2868 305.
1194 2837 1261 2868 huc
1285 2855 1328 2858 —
1354 2836 1401 2867 ad
1429 2836 1528 2878 ripas
1548 2839 1586 2869 cf.
1612 2842 1653 2869 ad
1679 2840 1710 2877 5,
1733 2839 1810 2870 609.

1091 2883 1252 2914 :306—8.
1279 2886 1362 2913 idem
1388 2893 1420 2913 v.
1455 2887 1490 2914 G.
1519 2882 1550 2923 4,
1577 2883 1763 2916 475—77.
1799 2887 1847 2916 ef.

1044 2933 1082 2961 H.
1112 2933 1168 2962 Od.
1201 2928 1260 2967 11,
1287 2928 1329 2958 38
1355 2938 1403 2965 sq.
1435 2946 1472 2950 —-
1505 2930 1776 2973 magnanimum
1808 2933 1848 2963 cf.

1044 2980 1097 3006 Gr.
1117 2978 1139 3011 ς
1162 2975 1204 3005 75
1224 2978 1288 3006 An.
1309 2976 1339 3004 5.

1091 3021 1167 3052 309.
1195 3023 1328 3052 Similes
1352 3023 1612 3058 comparationes
1645 3025 1680 3053 G.
1707 3020 1745 3062 4,
1770 3022 1847 3054 473.
