2023 3350
149 191 272 235 Unde
314 206 448 246 genus
485 192 608 233 ducis
621 206 630 244 ;

149 250 398 304 Compressi
439 253 483 292 et
518 249 686 292 rabiem
726 254 896 292 tantam
934 251 1129 304 caelique
1169 251 1400 305 marisque.

147 309 238 350 Nec
279 309 421 349 minor
456 308 501 349 in
537 309 685 360 terris,

147 369 320 408 Aeneae
355 366 461 407 mihi
499 380 604 408 cura
644 366 720 408 tui.

148 425 411 466 Exanimata
449 438 632 478 sequens
662 425 924 478 impingeret
962 425 1136 479 agmina
1171 425 1318 476 muris,

147 482 272 524 Milia
313 482 452 523 multa
492 482 617 524 daret
655 483 761 534 leto,

147 542 327 592 Amnes,

148 598 199 640 In
238 611 359 640 mare
402 612 445 640 se
481 598 701 640 Xanthus:

148 656 438 710 Congressum
475 657 652 698 Aenean
687 670 765 698 nec
804 656 870 699 dis
903 671 982 698 nec
1022 656 1188 698 viribus
1228 655 1381 709 aequis

146 713 271 755 Nube
309 728 414 757 cava
453 715 598 769 rapui,
645 728 846 769 cuperem
890 728 1025 768 quum
1064 717 1234 756 vertere
1275 713 1330 755 ab
1369 713 1456 755 imo

148 772 324 814 Structa
361 773 467 814 meis
506 772 704 814 manibus
741 773 944 826 periurae
981 772 1152 814 moenia
1189 772 1357 814 Troiae.

145 829 270 871 Nunc
309 844 480 885 quoque
522 845 641 872 mens
681 830 831 872 eadem
867 833 1036 884 perstat
1075 829 1203 881 mihi3

146 888 282 929 Tutus
323 902 433 942 quos
472 892 598 942 optas
640 892 794 943 portus
833 887 1013 930 accedet
1042 888 1215 929 Averni.

146 945 268 988 Unus
303 947 386 988 erit
424 950 616 999 tantum,
663 947 869 988 nnissum
907 960 1035 1000 quem
1075 945 1249 1000 gurgite
1288 946 1486 996 quaeret3

770 77 1007 112 AENEIDOS
1035 79 1122 112 LIB.
1149 80 1190 113 V.
1731 82 1812 121 259

672 193 811 234 merui
848 206 1043 247 quoque:
1094 206 1224 246 saepe
1260 192 1432 235 furores

736 309 958 350 Xanthum
999 308 1309 363 Simoentaque
1345 311 1497 362 testor,

782 367 924 418 Quum
966 367 1096 408 Troia
1134 367 1327 408 Achilles

1725 427 1809 465 805

809 487 1116 536 gemerentque
1153 482 1309 536 repleti

374 554 453 582 nec
488 541 679 594 reperire
717 541 830 582 viam
867 545 999 595 atque
1038 540 1233 582 evolvere
1273 542 1422 594 posset

745 598 923 643 Pelidae
959 602 1064 640 tunc
1104 612 1183 651 ego
1224 598 1329 640 forti

1725 715 1809 755 810

1247 829 1360 884 pelle
1394 828 1611 870 timorem.

1721 1000 1804 1039 815

145 1003 290 1045 Unum
326 1018 405 1058 pro
440 1004 589 1046 multis
629 1004 806 1046 dabitur
840 1007 982 1058 caput.

145 1060 225 1103 His
261 1061 336 1104 ubi
374 1062 492 1104 laeta
532 1062 636 1104 deae
670 1062 899 1116 permulsit
941 1064 1122 1115 pectola
1158 1057 1305 1100 dictis:

145 1119 293 1173 Iungit
329 1133 466 1174 equos
500 1133 607 1161 auio
640 1120 831 1174 genitor,

875 1117 1211 1173 spumantiaque
1248 1113 1373 1156 addit

144 1177 287 1219 Irena
323 1177 447 1230 felis,
487 1177 776 1231 manibusque
815 1190 964 1219 omnes
1004 1175 1188 1218 effundit
1221 1171 1428 1215 habenas.

190 1328 267 1359 801.
301 1328 400 1361 Unde
421 1338 536 1372 genus
563 1328 682 1367 ducis5
705 1338 780 1359 nam
810 1340 826 1359 e
851 1329 953 1358 maris

143 1384 263 1412 spuma
294 1381 365 1406 orta
392 1377 512 1407 dicitur
537 1378 674 1414 Cym-is,
703 1369 951 1414 ἅναδυομένη.

145 1424 233 1452 1110111
253 1423 365 1452 Venus
390 1425 536 1458 Neptuno
561 1423 639 1452 dicit
659 1425 718 1452 ov.
742 1424 817 1450 Met.
835 1419 866 1458 4,
884 1419 949 1448 535

145 1465 269 1508 aliqua
305 1471 337 1498 el
369 1465 457 1498 mihi
489 1466 616 1509 gralia
648 1470 756 1509 ponto
795 1469 866 1503 est,
911 1464 951 1496 Si

144 1516 262 1543 tamen
300 1512 335 1543 iu
370 1512 429 1544 dio
465 1512 641 1554 quondam
676 1515 837 1543 comreta
867 1519 951 1552 pro-

139 1557 257 1597 fumlo
293 1568 417 1600 spuma
449 1557 795 1611 f11i‚G1ainmque
832 1561 951 1588 manet

142 1603 229 1634 mihi
252 1614 375 1634 nomen
402 1603 444 1635 ab
468 1603 534 1635 illa
558 1598 808 1644 (Ἀφροδίτη);
835 1609 864 1634 et
884 1605 951 1633 alio

141 1652 212 1681 loco
246 1652 320 1681 Her.
356 1649 517 1689 19,160.
567 1652 783 1687 Yenusipsa
815 1651 950 1687 saxebit,

142 1698 267 1727 sternet
289 1702 319 1727 et.
346 1705 537 1736 aequoreas,
561 1705 715 1738 aequore
737 1699 840 1735 nala,
861 1697 948 1725 viaS.

145 1758 183 1763 —
217 1742 351 1784 Saepe:
390 1745 453 1773 'l'er
484 1745 617 1773 Aeneas
647 1744 681 1771 in
712 1743 795 1772 mari
828 1747 949 1778 tempe-

143 1793 227 1818 state
248 1798 385 1824 pressus
409 1794 457 1818 est
484 1788 512 1827 1,
542 1786 618 1818 125.
658 1787 688 1826 3,
714 1787 787 1817 192.
827 1789 859 1825 5,
893 1787 947 1824 10;

143 1836 228 1864 unde
254 1843 353 1870 (ntum
377 1840 531 1864 servatus
563 1838 668 1868 esset,
699 1842 761 1863 non
788 1835 887 1870 potuit
915 1834 947 1862 iu

143 1881 211 1910 fieri
245 1881 317 1909 sine
354 1881 495 1916 Neptuni
532 1882 717 1917 voluntate,
757 1884 787 1908 et
822 1878 849 1918 1,
884 1877 946 1908 125

143 1927 215 1962 ipse
241 1929 407 1961 Neptunus
432 1927 604 1956 succurrit.
636 1942 673 1945 —
714 1927 816 1955 Furor
841 1930 871 1954 et
895 1933 950 1955 ra-

142 1973 214 2002 hies
247 1972 395 2009 iungitur
426 1973 512 2002 Flor.
544 1969 662 2010 2,19,
690 1969 709 1999 4
747 1969 851 2012 quasi
887 1979 952 2012 per

143 2015 275 2047 rabiem
301 2020 333 2047 el
357 2017 535 2057 furorem.

190 2072 267 2104 805.
295 2071 527 2115 impingeret:
562 2075 638 2104 Tac.
670 2075 709 2103 H.
746 2071 782 2112 2,
808 2070 847 2102 ⁴1
884 2081 952 2114 quo

143 2119 259 2150 minus
281 2118 317 2149 in
344 2118 479 2149 vallum
502 2117 798 2160 impingerentur.
825 2121 869 2148 al.
906 2119 954 2148 Cf.

142 2163 327 2208 gekeillin
352 2163 547 2207 drangvoll
566 2162 822 2204 silrcklerliche
840 2163 954 2206 Fuge.

190 2221 268 2252 806.
283 2225 588 2263 gemerentque—
600 2219 775 2252 A'.anlhus
786 2223 850 2258 Ap.
861 2223 953 2251 Hom.

148 2271 187 2298 Il.
215 2267 269 2307 21,
297 2267 362 2298 219
396 2271 548 2300 Xanthus
575 2269 665 2298 dicit:
699 2262 855 2319 Πλήθει
882 2261 956 2318 γὰρ

145 2307 192 2354 δή
217 2321 282 2353 μοι
308 2307 447 2344 νεκύων
473 2308 642 2353 ἐρατεινὰ
666 2306 956 2367 &isam-0136&

144 2355 180 2389 τί
207 2367 258 2400 πῃ
289 2353 452 2398 δύναμαι
484 2354 653 2399 προχέειν
685 2353 775 2411 ῥᾷον
801 2354 851 2394 εἰς
878 2350 951 2387 ἅλα

146 2401 244 2434 δῖαν.
286 2421 324 2426 -
366 2408 518 2436 Xanthus
552 2406 638 2435 idem
670 2406 725 2442 qui
753 2406 953 2435 Scamander

146 2451 287 2481 'lroaclis
310 2451 432 2481 fluvius
460 2455 519 2481 est.

191 2494 269 2525 808.
302 2494 448 2527 Pelidae
471 2513 516 2517 -—
540 2494 666 2538 rapui:
690 2497 729 2527 cf.
756 2499 795 2526 Il.
814 2494 869 2535 20,
888 2493 952 2525 156

148 2541 277 2571 -350,

190 2585 268 2617 809.
301 2584 370 2617 Nec
400 2586 455 2617 dis
477 2597 539 2618 nec
564 2585 695 2617 uiribus
721 2585 862 2637 aequis:
901 2585 955 2625 20,

145 2631 211 2662 334
249 2625 290 2668 ὃς
319 2633 446 2670 (Ach.)
484 2630 546 2663 σεῦ
573 2634 699 2670 (Aen.)
733 2625 812 2672 ἅμα
839 2628 954 2672 κρείσ-

146 2684 220 2708 σων
246 2674 308 2708 καὶ
336 2675 506 2719 φίλτερος
531 2672 795 2709 demutato-w.

191 2733 269 2766 810.
297 2733 406 2776 rapui
441 2738 484 2765 M.
519 2738 563 2765 al.
602 2736 622 2765 i.
656 2744 684 2765 e.
721 2736 854 2766 abstuli.
903 2737 952 2766 Cf.

144 2782 219 2812 Liv.
247 2781 277 2819 4,
304 2780 346 2811 28
377 2779 472 2820 Quid
497 2779 552 2811 hic
577 2778 753 2812 stantibus
779 2780 854 2822 spei
879 2778 957 2812 est?

145 2836 193 2857 an
219 2825 331 2858 Deum
359 2825 513 2868 aliquem
536 2830 779 2868 protecturum
806 2836 868 2857 vos
898 2836 957 2857 ra-

143 2875 356 2914 pturumque
381 2870 461 2903 1ιίπο
484 2869 650 2914 putatis?
678 2889 723 2893 -
748 2870 866 2914 eripui
887 2875 956 2903 ΒΡ.

147 2923 196 2994 {sit
217 2919 465 2994 Ιὶηῑὲὗροιᾶῑιιιῐι.
503 2935 541 2940 -
577 2921 712 2950 vertere
741 2917 785 2949 ab
816 2916 885 2949 imo
916 2920 955 2951 cf.

236 2987 245 3004 ,
315 2988 322 2995 .

193 3007 272 3041 811.
301 3009 453 3042 Periura
485 3008 593 3041 Troia
624 3019 681 3041 cur
711 3011 838 3041 dicatur
862 3011 901 3042 cf.
923 3010 956 3050 3,

1001 1325 1077 1357 248.
1111 1329 1279 1363 Neptunus
1305 1333 1356 1361 ap.
1386 1325 1561 1353 Homerum
1585 1327 1650 1352 stat
1673 1330 1692 1352 a
1718 1326 1808 1359 parto

999 1376 1206 1403 Graecorum.

1044 1428 1123 1459 813.
1158 1426 1284 1459 Portus
1302 1424 1435 1458 Averni
1454 1432 1503 1455 est
1519 1427 1698 1463 Cumanus,
1714 1434 1809 1461 quein

999 1485 1097 1513 prope
1122 1478 1217 1506 lacus
1241 1480 1290 1504 est
1313 1475 1481 1503 Avernus.

1043 1531 1121 1562 814.
1156 1530 1253 1562 Unus
1279 1536 1329 1562 est
1354 1531 1544 1560 Palinurus.
1575 1545 1612 1549 -—
1645 1526 1809 1567 Quaeret,

998 1581 1084 1615 quod
1107 1582 1216 1616 abest,
1251 1575 1458 1611 vermissem·
1499 1575 1687 1605 desiderare
1712 1575 1751 1605 cf.
1781 1574 1808 1611 1,

998 1624 1084 1662 2Ι7;
1122 1627 1203 1655 aude
1228 1625 1303 1653 Ποῖ.
1332 1624 1366 1653 C.
1393 1620 1424 1659 4,
1451 1622 1482 1659 5,
1509 1620 1547 1650 16
1574 1619 1716 1661 quaerit
1741 1630 1808 1661 pa-

997 1670 1069 1702 lria
1107 1670 1314 1705 Caesarem,
1347 1672 1407 1699 Ov.
1432 1671 1475 1697 M.
1505 1666 1545 1706 2,
1575 1666 1639 1696 239
1667 1665 1808 1707 quaerit

1000 1714 1150 1746 Boeotia
1184 1714 1323 1750 Circen,
1358 1716 1453 1749 Prop.
1481 1711 1509 1750 1,
1535 1712 1566 1750 9,
1596 1711 1644 1742 12.
1677 1714 1746 1743 Tib.
1776 1711 1807 1750 2,

996 1762 1027 1800 3,
1055 1761 1108 1792 26.
1150 1762 1230 1800 Cic..
1248 1762 1340 1790 Verr.
1366 1759 1396 1797 3,
1426 1758 1476 1796 18,
1502 1757 1544 1788 47
1580 1762 1616 1788 ul
1643 1756 1679 1788 iu
1707 1758 1806 1789 uber-

993 1807 1086 1839 rima
1117 1805 1266 1837 Siciliae
1294 1808 1400 1847 parte
1429 1802 1591 1836 Siciliam
1625 1812 1809 1844 quaerere-

996 1863 1085 1885 mus.

1042 1898 1121 1929 816.
1147 1897 1244 1929 laeta
1280 1900 1427 1938 pectora
1463 1892 1651 1936 permulsit
1698 1897 1738 1926 cf.
1778 1894 1808 1933 4,

1000 1944 1054 1975 22.
1085 1946 1277 1983 „permulsit
1303 1948 1330 1973 et
1357 1946 1445 1972 laeta
1470 1943 1556 1979 fecit,
1580 1947 1614 1972 ut
1633 1940 1809 1972 animum-

997 2001 1063 2032 que
1089 1990 1267 2021 labantem
1293 1986 1473 2030 impulit.“
1499 1991 1531 2017 S.

1045 2046 1123 2077 817.
1151 2045 1273 2088 iungit
1314 2054 1414 2076 auro.
1486 2047 1607 2075 Nomen
1651 2047 1808 2076 materiae

1000 2101 1235 2128 nonnunquam
1260 2093 1389 2127 ponitur
1413 2100 1469 2127 pro
1492 2100 1536 2129 re,
1558 2099 1642 2127 quae
1666 2093 1740 2122 inde
1765 2093 1807 2122 fit.

1003 2140 1115 2169 Facile
1141 2143 1249 2168 autem
1273 2138 1467 2173 intelligitur
1489 2146 1507 2166 e
1530 2140 1705 2167 verborum
1731 2147 1809 2168 con-

1002 2194 1089 2214 nexu
1122 2191 1281 2220 apparere
1315 2185 1446 2220 debere,
1484 2190 1568 2218 quae
1599 2190 1640 2212 ea
1672 2184 1808 2218 potissi-

1002 2239 1089 2260 mum
1122 2239 1175 2260 res
1205 2222 1288 2258 sin'
1307 2230 1357 2257 Ita
1382 2236 1442 2257 aes
1474 2236 1531 2262 pro
1563 2229 1669 2265 signis
1693 2230 1807 2258 aeneis

1003 2276 1034 2314 6,
1057 2274 1140 2313 648,
1175 2274 1316 2313 ferrum
1348 2282 1404 2309 pro
1436 2273 1545 2310 gladio
1570 2279 1599 2303 et
1625 2275 1663 2303 de
1688 2276 1808 2309 quovis

1002 2325 1083 2361 telo,
1115 2323 1161 2351 ita
1186 2322 1377 2362 argentum
1403 2320 1441 2348 de
1466 2319 1561 2348 vasis
1586 2321 1750 2357 argenteis
1779 2317 1807 2359 1,

1001 2367 1085 2406 640,
1130 2375 1257 2397 aurum
1288 2374 1346 2401 pro
1377 2367 1494 2401 poculo
1524 2366 1667 2402 aliisque
1691 2369 1805 2403 rebus;

1000 2418 1060 2444 1100
1083 2416 1154 2443 1000
1180 2421 1236 2448 pro
1263 2419 1388 2450 curru,
1414 2413 1497 2447 quod
1524 2411 1623 2441 facile
1647 2420 1665 2441 e
1685 2409 1808 2453 iungit

1001 2469 1108 2501 equos
1138 2462 1289 2495 apparet;
1331 2461 1366 2487 ut
1400 2455 1431 2495 7,
1458 2455 1524 2486 279
1559 2466 1601 2486 ex
1632 2455 1808 2488 mandunt

1001 2514 1128 2536 aarum
1160 2502 1240 2544 equi
1273 2512 1333 2533 nec
1363 2504 1473 2533 minus
1502 2512 1545 2532 ex
1573 2511 1661 2533 auro
1680 2502 1808 2541 frenat

1003 2560 1127 2592 equum
1155 2551 1269 2580 Claud.
1292 2551 1338 2579 Id.
1369 2548 1397 2587 l,
1423 2547 1466 2578 86
1491 2556 1593 2579 aurea
1618 2558 1692 2579 esse
1713 2549 1808 2579 frena

1000 2598 1229 2634 intelligimus.
1277 2596 1332 2625 Sic
1365 2593 1395 2633 3,
1421 2592 1487 2623 517
1522 2597 1684 2624 armatus
1719 2603 1807 2625 auro

1000 2648 1050 2673 est
1078 2644 1179 2673 armis
1202 2642 1331 2678 aureis3
1351 2640 1382 2678 4,
1407 2638 1471 2670 138
1492 2638 1605 2670 crines
1625 2638 1809 2672 nodantur

1001 2687 1037 2719 in
1073 2697 1217 2724 aarum,
1259 2688 1295 2717 in
1331 2695 1467 2716 aureum
1503 2691 1578 2716 rete.
1635 2688 1808 2717 Audacius

1000 2736 1116 2765 Claud.
1151 2736 1219 2763 ΒΡ.
1252 2732 1290 2771 2,
1317 2732 1360 2761 69
1395 2729 1566 2762 madidae
1596 2741 1685 2762 auro
1722 2733 1743 2762 i.
1777 2742 1804 2763 e.

1003 2782 1114 2811 ebriae
1153 2781 1234 2810 vino
1281 2787 1324 2809 ex
1363 2779 1474 2808 aureis
1511 2779 1639 2814 poculis
1677 2782 1805 2809 hausto.

1004 2828 1121 2857 Omnia
1156 2830 1266 2856 autem
1302 2832 1494 2860 superorum
1534 2826 1666 2855 deorum
1705 2833 1808 2855 aurea

1139 2874 1240 2902 Nulla
1264 2872 1363 2908 igitur
1385 2871 1420 2899 in
1443 2873 1504 2900 hoc
1526 2872 1598 2901 1000
1625 2871 1710 2902 inest
1734 2879 1806 2901 am-

1002 2919 1157 2956 biguitas.
1212 2920 1295 2947 Eam
1327 2920 1436 2959 tamen
1475 2916 1600 2952 opinati
1632 2921 1710 2947 sunt
1746 2918 1807 2946 alii

1001 2966 1233 2995 removendam
1260 2963 1468 2993 coniecturis
1522 2963 1578 2993 Sic
1610 2960 1697 3004 Wg.
1730 2972 1807 2993 0011-

1000 3011 1078 3042 iecit
1114 3007 1236 3052 iungit
1268 3017 1375 3049 equos
1404 3017 1495 3038 aura
1531 3005 1675 3050 genitos
1716 3009 1738 3039 i.
1778 3018 1806 3039 0.

1003 2878 1089 2903 sunt.
