2023 3350
159 2172 161 2174 ·
198 2160 291 2188 disse
325 2165 354 2188 et
384 2160 499 2188 iratum
531 2160 593 2188 sibi

214 161 295 200 128

212 273 375 324 Coipoi
377 285 420 323 a,

778 157 814 189 Ρ.
839 157 1036 192 VIRGILII
1061 158 1271 194 MARONIS

470 273 562 311 tum
598 269 765 310 steriles
808 283 984 312 exurere
1022 271 1156 314 Sirius
1192 286 1340 327 agros3

208 329 400 390 Aiebant
432 327 610 377 heibae,
654 330 696 367 61
730 326 890 369 vietum
926 342 1045 381 seges
1084 344 1214 383 aegia
1250 330 1449 384 negabat.

229 390 369 428 {ursus
405 385 461 426 ad
501 399 549 426 οΓ
552 360 691 425 16111111
731 383 935 439 Oitygiae
971 386 1271 441 Phoebumque
1306 402 1499 431 1611161130

208 445 419 485 Hortatut
452 446 576 495 patei
610 442 674 482 116
703 443 833 494 maii,
871 443 1122 498 veniamque
1153 446 1333 498 precari,

208 506 343 552 (inam
381 499 503 541 fessis
542 498 669 540 finem
702 499 831 541 iebus
869 500 1000 554 ferat,

207 560 389 601 Tentare
429 556 635 598 auxilium
673 556 840 609 iubeat,

320 616 417 657 Nox
453 618 567 665 erat,

206 673 380 726 Effigies
417 686 564 714 sacrae
600 671 739 713 divom
776 673 1037 727 Phrygiique
1077 675 1268 727 Penates,

206 733 320 782 Quos
357 744 521 771 1116611111
560 743 586 771 a
615 730 743 771 Troia
778 731 1016 785 mediisque
1053 745 1104 773 ex
1138 733 1307 786 ignibus
1347 733 1467 775 urbis

204 788 470 840 Extuleram,

204 848 254 888 In
289 846 464 898 301111113,

517 787 595 829 visi
629 792 729 830 ante
765 789 912 831 0611103
946 789 1120 831 adstare
1154 790 1334 832 iacentis

503 846 640 887 multo
672 846 888 888 manifesti
924 847 1104 898 lumine,

202 905 334 946 Plena
364 917 441 957 per
475 904 659 946 insertas
689 904 896 946 fundebat
929 905 1033 947 luna
1065 905 1297 957 fenest1²as3

203 963 309 1004 Tum
340 963 401 1003 316
437 961 578 1004 adfari
611 965 653 1003 et
686 976 810 1004 ouras
849 962 916 1004 1113
952 963 1122 1005 demere
1159 963 1304 1004 dietis:

203 1019 327 1071 Quod
360 1020 441 1061 tibi
476 1019 619 1061 delato
659 1019 882 1075 Ortygiam
918 1020 1110 1062 dicturus
1145 1021 1301 1076 Apollo
1339 1023 1414 1071 est,

203 1078 285 1120 Hic
323 1077 438 1118 canit
449 1111 458 1128 ,

202 1136 291 1177 Nos
326 1138 391 1187 16,
434 1135 655 1177 Dardania
687 1136 881 1187 incensa,

203 1194 292 1235 Nos
326 1192 538 1234 tumidum
573 1193 650 1234 sub
686 1197 730 1235 te
763 1195 975 1248 permensi
1015 1194 1222 1236 classibus
1264 1208 1439 1248 aequor,

202 1251 323 1293 Idem
355 1254 557 1292 venturos
594 1250 792 1292 tollemus
825 1252 870 1293 in
908 1256 1028 1294 astra
1063 1256 1252 1306 nepotes,

201 1309 520 1363 Imperiumque
555 1308 654 1350 urbi
688 1309 896 1351 dabimus.

201 1367 360 1421 Magna
389 1380 517 1421 para,

201 1524 290 1549 recte
311 1520 429 1548 dictum
449 1524 509 1553 631,
531 1528 626 1554 quam
646 1518 765 1549 anima
786 1529 842 1550 eos
860 1518 995 1560 linque-

202 1564 272 1595 bat.
320 1566 372 1594 Sic
397 1566 445 1593 du
449 1566 471 1593 ιι
496 1567 667 1595 Terentius
696 1564 858 1596 immam
887 1564 994 1595 relin-

201 1620 305 1651 quam
328 1608 461 1651 potius,
486 1620 589 1651 quam
621 1610 717 1640 illam
750 1610 905 1642 deseram
933 1614 993 1642 Ad.

201 1658 240 1693 3,
271 1657 308 1693 5,
341 1657 394 1685 5·³.
451 1658 562 1686 Simile
600 1658 679 1686 illud
714 1659 809 1687 Lucr.
850 1658 888 1697 5,
926 1658 993 1687 987

206 1700 332 1731 Dulcia
351 1700 554 1742 linquebant
574 1700 721 1733 labentis
735 1701 869 1733 lumina
889 1701 992 1733 vitae.

249 1747 321 1776 141.
349 1746 482 1777 steriles
508 1757 616 1789 agros
641 1757 783 1779 exurere
808 1750 849 1778 cf.
876 1749 912 1784 4,
938 1749 992 1779 22.

200 1809 244 1813 —
277 1791 391 1822 Sirius
414 1794 454 1822 cf.
485 1793 541 1825 10,
565 1793 641 1823 273.
666 1811 709 1814 -—
734 1793 890 1824 Erurere
920 1796 991 1824 infi-

199 1840 322 1869 nitivus
341 1840 527 1875 historicus,
554 1840 594 1868 cf.
613 1840 643 1874 2,
672 1840 743 1869 132.
765 1857 809 1860 -6
826 1843 990 1870 Pestilen—

199 1886 275 1914 tiam
293 1886 539 1921 descripserunt
564 1888 665 1915 Thuc.
684 1885 715 1916 2.
739 1884 791 1915 47.
838 1889 932 1916 Lucr.
958 1885 989 1925 4,

201 1930 298 1961 1143.
343 1933 379 1960 v.
408 1934 442 1960 G.
467 1930 502 1965 3,
526 1930 601 1960 473.
643 1933 702 1960 ov.
729 1935 770 1961 M.
794 1933 828 1968 7,
855 1933 932 1961 520.

251 1976 321 2006 143.
352 1974 520 2006 Remenso
537 1982 587 2006 est
607 1979 777 2012 passivum
799 1977 838 2006 cf.
859 1978 890 2016 2,
910 1976 988 2007 422.

248 2022 320 2051 144.
355 2020 567 2062 seniumque
595 2021 734 2063 precari
766 2023 807 2052 cf.
841 2024 876 2061 1,
911 2024 986 2053 519.

198 2071 279 2097 Nam
311 2076 353 2096 ex
386 2069 571 2103 pestilentia
603 2073 632 2096 et
665 2070 831 2098 diversum
864 2072 903 2098 ab
937 2078 987 2107 eo,

198 2122 295 2148 quem
318 2115 439 2148 Apollo
464 2115 673 2149 indicaverit,
701 2117 807 2143 locum
833 2124 870 2144 se
896 2116 987 2144 inse-

631 2161 725 2189 deum
761 2166 882 2195 putant.
937 2162 988 2190 Ab

198 2206 353 2240 Apolline
376 2206 458 2234 enim
486 2206 589 2234 omnis
616 2207 800 2241 pestilentia
824 2208 922 2235 oritur
947 2208 987 2236 cf.

198 2253 290 2280 Hom.
314 2253 351 2279 ΙΙ.
383 2250 416 2287 1,
444 2249 498 2279 43.

247 2296 318 2325 145.
349 2294 459 2334 Quam
477 2294 586 2335 finem
614 2297 654 2325 cf.
680 2296 712 2331 2,
739 2296 816 2326 554.
834 2314 878 2317 -
907 2295 989 2326 Fes-

197 2350 257 2370 sne
289 2350 341 2370 res
372 2347 445 2371 sunt
474 2342 623 2372 afflictae.
675 2344 728 2372 Sic
755 2341 859 2379 fessis
890 2342 989 2372 rebus

196 2396 395 2417 succurrere
426 2388 480 2423 11,
510 2387 587 2417 335.
635 2391 685 2417 Ita
717 2397 769 2417 res
798 2397 930 2429 egenae
956 2394 987 2417 ut

196 2431 230 2462 in
258 2431 357 2463 rebus
380 2431 501 2474 egenis
527 2434 558 2466 6,
586 2434 637 2462 91.
682 2434 729 2467 10,
756 2433 831 2463 367.
882 2436 985 2462 Plaut.

197 2481 289 2514 Capt.
312 2478 344 2512 2,
368 2478 398 2515 3,
423 2478 475 2508 45.
518 2481 618 2508 Poen.
646 2479 674 2515 1,
702 2480 729 2514 1,
756 2479 782 2508 1.
827 2477 896 2508 Res
919 2482 988 2508 tre-

194 2522 321 2565 pidae:
359 2527 436 2553 Hor.
463 2526 498 2554 C.
525 2524 561 2561 3,
586 2524 624 2562 2,
657 2524 678 2553 5
706 2522 814 2554 vitam
842 2522 987 2563 trepidis

197 2572 286 2610 agat
311 2567 347 2599 in
376 2568 486 2599 rebus.
535 2572 604 2600 Tib.
630 2570 668 2604 2,
697 2570 737 2607 3,
767 2569 807 2598 21
840 2568 985 2609 trepidis

194 2618 309 2654 petere
330 2614 474 2645 oracula
497 2614 605 2645 rebus.
654 2617 724 2644 Liv.
749 2615 779 2650 4,
808 2615 846 2644 17
876 2615 988 2644 Sena-

197 2662 252 2689 tus
275 2663 311 2690 ut
337 2659 371 2690 in
398 2659 542 2700 trepidis
565 2659 664 2691 rebus
690 2659 892 2690 dictatorem
917 2658 987 2690 clici

202 2702 305 2735 Mam.
328 2704 509 2736 Aemilium
538 2705 649 2736 iussit.
673 2723 717 2726 —-
744 2704 812 2735 Res
835 2714 987 2736 mersae:

200 2751 258 2778 Ov.
284 2755 324 2780 M.
359 2752 388 2786 Ι,
415 2752 483 2781 380
515 2751 634 2781 mersis
666 2751 720 2787 fer
753 2760 847 2791 opem
876 2750 984 2781 rebus.

197 2796 293 2824 Trist.
331 2796 363 2833 l,
393 2796 430 2833 4,
456 2798 499 2827 35
529 2796 629 2827 rebus
656 2795 847 2826 succurrite
876 2794 984 2836 lapsis

198 2840 237 2869 cf.
269 2839 335 2870 Res
360 2840 449 2872 <lura
478 2843 505 2875 l.
528 2844 611 2877 563;
640 2849 669 2872 et
693 2851 776 2878 quae
794 2844 880 2878 apud
900 2844 983 2878 opti-

196 2893 282 2914 mum
307 2895 482 2922 quemque:
516 2887 616 2919 rebus
638 2886 815 2922 secundis.
841 2896 984 2928 prospe-

195 2928 260 2968 ris,
301 2929 465 2972 integris,
497 2932 664 2964 adversis.
721 2936 827 2969 Atque
867 2935 899 2962 in
931 2935 982 2963 his

196 2976 345 3006 formulis
371 2979 517 3008 omnibus
537 2982 705 3010 Romanos
729 2981 879 3009 videmus
903 2988 983 3009 con-

196 3023 294 3051 cretis
318 3023 461 3052 indicare
485 3028 591 3064 malle,
618 3034 702 3061 quae
723 3034 784 3055 nos
808 3026 982 3055 abstractis

197 3069 355 3097 solemus.
404 3069 450 3099 Cf.
477 3072 530 3099 Gr.
555 3071 577 3106 §
601 3071 685 3110 373,
709 3073 772 3101 An.
795 3070 827 3100 2.

563 1367 823 1421 longumque
863 1367 990 1421 fugae
1030 1382 1083 1410 ne
1118 1368 1265 1423 linque
1298 1367 1503 1409 laborem.

1045 501 1158 543 unde
1191 503 1390 545 laborum
1761 505 1839 544 145

886 572 972 611 quo
1012 562 1178 602 vertere
1217 574 1377 603 cursus.

613 617 655 655 et
690 615 818 656 terris
849 616 1053 658 animalia
1091 632 1262 659 somnus
1296 619 1504 661 habebat:

1761 793 1840 832 150

1148 862 1233 901 qua
1274 861 1318 889 se

506 1081 549 1118 et
587 1081 666 1119 tua
701 1092 779 1120 nos
814 1092 866 1120 en
904 1079 1020 1121 ultro
1055 1079 1112 1121 ad
1149 1079 1299 1120 limina
1334 1078 1480 1120 mittit.
1759 1080 1837 1118 155

927 1140 1088 1191 tuaque
1124 1151 1245 1178 arma
1277 1137 1422 1187 3661111,

955 1310 1017 1351 Τ11
1051 1311 1219 1352 moenia
1257 1309 1424 1362 magnis
1782 1367 1804 1406 6

1755 1369 1773 1407 1
1809 1368 1836 1406 Ο

1044 1519 1149 1550 147——
1162 1519 1231 1550 191.
1276 1517 1307 1550 Α
1322 1515 1513 1549 Penatibus
1528 1516 1682 1548 monitus
1696 1514 1834 1549 Aeneas

1164 1564 1300 1597 Cretam
1327 1573 1406 1596 eum
1432 1563 1506 1595 suis
1532 1563 1709 1605 relinquit.

1086 1634 1160 1664 148
1192 1632 1346 1676 Effigies
1370 1633 1483 1664 divom
1511 1631 1727 1685 Phrygiique
1752 1634 1835 1670 (ex-

1038 1681 1228 1716 plicativum
1254 1682 1324 1716 est]
1356 1678 1542 1710 Penates.
1538 1673 1595 1717 ,ἓν
1619 1674 1680 1708 διὰ
1706 1676 1833 1708 δυοῖν“

1039 1730 1070 1755 S.
1121 1727 1168 1756 Cf.
1199 1726 1246 1755 12.
1269 1743 1313 1747 —
1333 1724 1400 1755 visi
1425 1724 1458 1755 in
1484 1709 1612 1755 somnis
1635 1725 1676 1754 cf
1697 1725 1729 1761 2,
1753 1725 1833 1755 271.

1091 1783 1161 1811 150.
1187 1781 1330 1812 adstare
1355 1783 1394 1812 cs.
1415 1785 1474 1812 Ov.
1491 1785 1581 1812 Fast.
1606 1782 1637 1817 3,
1664 1781 1729 1811 639
1754 1780 1831 1812 Nox

1037 1831 1127 1863 erat.
1153 1832 1234 1857 ante
1260 1832 1370 1858 torum
1398 1827 1507 1858 visum
1531 1830 1580 1858 est
1607 1826 1752 1857 adstare
1778 1837 1833 1857 so-

1035 1872 1124 1904 roris
1154 1872 1252 1903 Dido.

1087 1920 1158 1948 151.
1185 1920 1232 1950 cr.
1252 1922 1323 1950 vat.
1343 1922 1390 1948 rt.
1420 1919 1446 1955 1,

1036 1962 1070 1994 in
1108 1964 1246 1995 lumine.
1301 1967 1405 2000 Spitta
1444 1966 1529 1994 coni.
1569 1963 1733 1994 insomnis

1035 2012 1119 2040 coni.
1144 2009 1178 2040 in
1205 2009 1327 2041 stratis
1352 2008 1409 2051 (Ι)

1083 2056 1156 2085 152.
1188 2054 1252 2086 Per
1280 2055 1430 2087 insertas
1457 2055 1612 2092 [parietD
1640 2055 1829 2095 fenestras.

1035 2103 1075 2132 cf.
1109 2105 1203 2132 Lucr.
1242 2102 1279 2138 2,
1323 2102 1384 2131 114
1427 2100 1687 2142 Contemplator
1724 2100 1828 2141 cuim,

1035 2157 1139 2189 quum
1184 2146 1277 2178 Solis
1318 2146 1451 2178 lumina
1496 2156 1630 2187 cunque
1671 2145 1828 2177 Insertim

1028 2192 1189 2233 fundunt
1215 2192 1335 2223 radios
1359 2202 1420 2234 per
1449 2202 1560 2232 opaca
1586 2191 1776 2222 domorum.

1083 2250 1156 2280 153.
1182 2253 1271 2280 Idem
1303 2259 1333 2279 v.
1365 2250 1403 2285 2,
1436 2249 1511 2278 775.
1561 2252 1595 2277 S.
1629 2250 1661 2278 in
1695 2251 1825 2285 aliquo:

1034 2298 1115 2331 ..Hic
1141 2305 1262 2325 versus
1288 2297 1320 2325 in
1347 2297 1456 2324 multis
1481 2303 1546 2323 non
1572 2296 1744 2333 invenitur,
1772 2297 1828 2331 qui

1035 2347 1143 2371 tamen
1177 2343 1349 2371 admodum
1380 2341 1594 2370 necessarius
1628 2341 1710 2370 eslf*
1760 2344 1823 2372 Sed

1034 2388 1119 2416 inest
1143 2389 1175 2417 in
1200 2391 1280 2416 mss.
1313 2388 1387 2424 „An
1416 2388 1576 2422 integrum
1609 2385 1670 2415 153
1694 2389 1765 2423 Ygl.
1792 2389 1825 2417 in

1035 2434 1169 2462 schedis
1196 2434 1384 2467 induxerat,
1418 2434 1517 2461 alium
1549 2437 1667 2467 postea
1693 2434 1725 2462 in
1751 2435 1823 2463 eius

1033 2481 1141 2507 locum
1170 2479 1392 2508 substiturus·'·
1418 2478 1465 2514 (l)
1494 2475 1558 2507 Rb.

1082 2523 1153 2553 155.
1181 2527 1307 2554 Versus
1343 2526 1455 2553 decem
1486 2529 1680 2553 accentuum
1713 2525 1757 2554 cf.
1791 2526 1823 2563 2,

1032 2569 1109 2598 701.
1130 2586 1174 2588 -
1199 2568 1244 2598 ar!
1269 2567 1391 2599 limina
1415 2579 1461 2599 sc.
1486 2570 1626 2599 cubiculi
1650 2571 1704 2607 tui,
1730 2579 1823 2600 nam-

1034 2623 1094 2649 que
1121 2616 1152 2644 in
1177 2618 1270 2644 domo
1298 2618 1336 2645 ad
1360 2623 1449 2645 aram
1476 2619 1737 2646 asservabantur
1761 2626 1821 2646 eae

1033 2661 1157 2693 effigies
1184 2669 1311 2691 sacrae.
1337 2678 1381 2682 —
1404 2659 1496 2691 ultro
1520 2661 1561 2690 cf.
1592 2661 1647 2700 12,
1673 2660 1703 2690 3.

1081 2707 1152 2736 157.
1180 2705 1347 2736 claesibus
1372 2707 1411 2736 cf.
1441 2707 1477 2743 7,
1502 2706 1556 2736 93.

1471 1919 1535 1948 105
1553 1917 1620 1949 visi
1641 1917 1830 1957 manifesto

1778 1962 1829 1995 ΡΙ.

1082 2752 1153 2781 158.
1188 2750 1334 2792 Nepotes
1352 2753 1535 2788 ..significat
1554 2754 1588 2782 C.
1604 2755 1718 2781 lulium
1735 2753 1819 2782 Cae-

1031 2805 1151 2831 sarem,
1173 2799 1225 2833 qui
1249 2799 1370 2834 primus
1394 2800 1478 2827 inter
1498 2800 1578 2827 deos
1597 2800 1723 2827 relatus
1746 2798 1819 2827 est⁴'·

1031 2847 1063 2872 S.
1093 2849 1122 2872 et
1149 2846 1344 2880 Augustum,
1372 2852 1466 2879 quem
1490 2845 1573 2872 inter
1598 2851 1657 2872 eos
1681 2845 1818 2873 relatum

1028 2889 1067 2918 iri
1092 2895 1160 2918 erat
1187 2890 1412 2918 certissimum.
1462 2889 1509 2919 cf.
1537 2888 1576 2924 6,
1603 2888 1679 2917 792.

1077 2934 1150 2964 159.
1177 2933 1254 2964 urbi
1276 2937 1423 2972 „Romae
1446 2926 1522 2962 κατ’
1546 2927 1695 2974 ἐξοχήνί*
1721 2937 1753 2964 S.
1774 2951 1817 2955 —

1028 2978 1171 3020 magnis
1193 2982 1232 3012 ..1.
1257 2989 1284 3009 e.
1311 2977 1517 3015 nepotibus.“
1544 2982 1577 3009 S.

1079 3025 1150 3054 160.
1180 3024 1296 3056 Para.-
1340 3027 1497 3055 consulto
1534 3025 1642 3060 posuit
1678 3028 1814 3055 verbum

1029 3072 1232 3107 ambiguum,
1275 3080 1340 3100 non
1380 3068 1541 3105 condere3
1585 3078 1691 3106 neque
1729 3072 1814 3101 enim
