2023 3350
717 171 951 206 AENEIDOS
981 174 1064 207 LIB.
1092 175 1153 207 111.

1675 176 1754 216 137

123 284 322 327 Postibus
359 285 549 329 adversis
585 285 692 340 figo,
735 290 778 328 et
811 301 901 329 rem
940 288 1128 330 carmine
1160 288 1299 343 signo:

120 354 303 388 AENEAS
342 355 464 389 HAEC
505 356 566 388 DE
607 356 777 388 DANAIS
817 356 1091 389 VICTORIBUS
1129 356 1274 389 ARMA.

124 404 337 457 Linquere
375 409 467 447 tum
504 408 656 459 portus
692 405 818 448 iubeo
858 410 899 447 et
934 405 1155 448 considere
1192 405 1406 447 transtris.

124 461 332 504 Certatim
368 463 473 504 socii
512 463 671 505 feriunt
706 478 825 505 mare
858 467 901 505 et
940 477 1130 516 aequora
1166 466 1351 505 verrunt.

121 519 323 562 Protinus
359 521 498 563 aerias
537 521 776 563 Phaeacum
814 521 1112 563 abscondimus
1154 535 1286 573 arces,

119 577 355 632 Litoraque
392 579 515 633 Epiri
550 579 730 633 legimus
769 583 981 633 portuque
1015 578 1205 620 subimus

123 635 314 677 Chaonio
351 640 394 678 et
429 637 585 678 celsam
619 637 821 679 Buthroti
854 636 1094 678 accedimus
1130 636 1292 678 urbem.

238 693 320 735 Hic
353 695 617 737 incredibilis
650 709 793 737 rerum
832 694 948 736 fama
981 698 1163 749 occupat
1200 708 1336 746 aures,

120 749 363 794 Priamiden
397 752 604 794 Helenum
638 752 789 795 Graias
829 766 1009 806 regnare
1046 767 1124 806 per
1152 751 1290 803 urbes,
1678 755 1758 794 295

123 808 331 864 Coniugio
368 809 580 852 Aeacidae
608 811 761 864 Pyrrhi
797 811 1061 864 sceptrisque
1098 811 1294 864 potitum,

120 867 179 909 Et
214 868 356 921 patrio
396 868 724 910 Andromachen
761 869 917 910 iterum
955 868 1131 909 cessisse
1161 868 1330 910 marito.

125 925 343 980 Obstipui,
390 926 585 980 miroque
615 927 832 968 incensum
867 929 1016 980 pectus
1056 939 1203 967 amore

127 983 394 1038 Compellare
426 984 565 1025 virum
598 988 641 1026 et
677 998 800 1026 casus
837 997 1096 1037 cognoscere
1139 986 1296 1024 tantos.

123 1041 385 1095 Progredior
421 1045 571 1096 portu,
615 1042 770 1084 classes
810 1045 853 1083 et
883 1041 1015 1083 litora
1050 1041 1256 1094 linquens,

1676 1041 1758 1081 300

126 1099 359 1141 Sollemnes
394 1114 523 1154 quum
554 1100 666 1141 forte
699 1099 830 1153 dapes
867 1102 909 1140 et
942 1098 1086 1140 tristia
1122 1098 1234 1139 dona

124 1275 202 1304 aliis
234 1275 337 1310 poetis
374 1283 486 1304 nomen
526 1276 701 1311 acceperit,
748 1275 914 1305 incertum.

123 1321 216 1350 Abas
242 1322 372 1356 quidam
398 1325 465 1350 erat
490 1322 585 1356 clipei
617 1322 782 1357 inventor,
822 1322 916 1350 cuius

124 1368 249 1402 clipeus
273 1368 373 1404 Argis
404 1370 616 1403 servabatur3
653 1372 681 1396 et
711 1375 762 1402 ap.
789 1369 848 1396 ΟΥ.
872 1369 916 1395 Μ.

124 1409 179 1451 15,
205 1411 267 1441 163
290 1414 397 1450 Argos
421 1414 536 1443 dicitur
560 1414 752 1442 Abanteum.

174 1467 249 1498 287.
282 1467 429 1499 Carmen
455 1471 530 1506 quid
555 1471 597 1499 sit
623 1468 653 1502 6,
681 1467 734 1499 74.

172 1524 248 1556 288.
275 1528 427 1556 Solebam
459 1528 600 1557 Romani
628 1529 735 1563 spolia
771 1528 803 1557 in
845 1528 922 1557 fori-

127 1575 188 1601 bus
215 1574 403 1608 templorum
427 1575 639 1608 suspendere,
673 1574 839 1609 inscriptis
866 1583 923 1603 no-

126 1619 267 1648 minibus
298 1623 326 1648 et
363 1619 434 1648 eius
466 1621 521 1655 qui
552 1621 753 1657 detraxerat,
795 1625 825 1649 et
851 1621 922 1649 eius

126 1665 179 1694 cui
217 1666 358 1694 detracta
395 1670 486 1694 erant
523 1666 561 1695 cf.
597 1665 633 1701 5,
663 1664 739 1695 360.
783 1664 820 1702 9,
845 1664 921 1694 408.

125 1711 199 1739 Liv.
231 1709 291 1746 22,
317 1709 369 1739 57.
413 1709 473 1747 24,
498 1709 550 1740 21.
599 1714 707 1747 Neque
744 1713 851 1742 minus
890 1713 923 1740 in

125 1757 271 1785 domibus
298 1758 448 1792 privatis.
499 1758 545 1787 Cf.
570 1756 600 1795 7,
624 1755 699 1786 183.

175 1811 250 1842 289.
281 1811 381 1842 Iubeo
405 1811 560 1854 linquere
583 1817 705 1854 portus
732 1814 770 1844 cf.
796 1812 826 1851 2,
852 1813 883 1842 3.

175 1869 250 1899 299.
286 1869 440 1909 Aequora
474 1874 615 1900 verrunt
652 1871 806 1906 remiges,
850 1879 924 1899 ver-

126 1918 205 1946 tunt
228 1917 327 1945 venti.
377 1917 430 1945 Sic
457 1924 589 1945 verrere
613 1916 687 1945 208.
724 1916 753 1953 4,
779 1915 855 1946 583.
891 1917 921 1954 5,

127 1960 202 1990 141.
229 1959 305 1990 775,
335 1959 365 1997 6,
392 1959 466 1990 320.

174 2016 250 2046 291.
277 2015 438 2056 protinus
465 2019 502 2047 cf.
533 2015 608 2047 416.
646 2035 683 2039 —-
722 2017 838 2048 aerias
867 2028 925 2047 ar-

128 2072 201 2098 cem
227 2064 268 2099 ,.i.
295 2072 321 2092 e.
349 2063 466 2094 altas,²'
487 2066 517 2092 S.
546 2065 583 2093 cf.
609 2063 639 2101 8,
658 2062 731 2093 221.
757 2081 795 2084 -
820 2064 926 2093 Arccs

127 2114 203 2139 sunt
232 2114 356 2139 montes
387 2110 424 2139 cf.
460 2108 493 2141 2,
520 2108 594 2138 322.
636 2125 673 2129 —-
725 2107 919 2138 Phaeacum

130 2157 329 2191 ..Corcyram
352 2157 495 2184 insulam
519 2156 603 2185 dicit.
625 2157 679 2184 uhi
701 2156 846 2192 regnavit
864 2156 925 2183 Al-

131 2202 278 2231 cinonsst‘
299 2204 329 2230 S.
353 2202 407 2236 qui
431 2203 513 2230 satis
538 2211 578 2230 ex
594 2203 730 2230 Homero
754 2206 847 2230 notus
867 2206 924 2229 est.

131 2263 169 2267 -—-
218 2245 464 2276 Abscondimus
508 2249 681 2283 ..nauticus
722 2256 825 2276 sermo
861 2252 924 2281 est;

131 2301 210 2322 sane
235 2294 317 2322 mira
342 2302 422 2322 usus
445 2298 494 2322 est
518 2295 690 2325 celeritate,
715 2298 748 2322 ut
772 2298 846 2322 ante
868 2295 925 2321 ab·

127 2340 325 2375 sconditam,
352 2347 448 2374 quam
473 2340 581 2368 visam
605 2340 747 2368 insulam
773 2338 921 2368 diceret*

130 2386 162 2413 S.
209 2383 423 2413 Abscondere
448 2386 552 2420 ipsam
578 2390 693 2414 terram
717 2386 866 2414 dicuntur
891 2385 926 2418 ii,

129 2431 248 2465 quibus
297 2431 447 2459 euntibus
494 2432 702 2461 absconditur
742 2432 925 2461 recedendo.

129 2477 242 2505 Claud.
279 2477 345 2504 ΒΡ.
385 2476 420 2511 3,
454 2474 516 2504 140
556 2475 735 2506 Sicaniam
777 2474 924 2516 quaerit,

130 2530 233 2560 quum
254 2518 397 2550 necdum
421 2521 639 2552 absconderit
661 2520 753 2552 Iden.
781 2523 826 2551 Cf.
843 2524 926 2551 Plat.

132 2568 218 2596 Prot.
251 2565 326 2595 338.
362 2568 393 2595 A
426 2561 571 2606 φεύγειν
605 2564 654 2603 εἰς
683 2562 723 2597 τὸ
761 2562 928 2607 πέλαγος,

132 2605 407 2650 ἀποκρύψαντα
434 2610 510 2652 γῆν.
544 2630 581 2634 —
616 2615 669 2643 Sic
700 2621 750 2649 ap.
777 2614 851 2642 Val.
882 2615 930 2642 Fl.

131 2656 162 2695 2,
185 2656 203 2685 7
228 2661 351 2687 Nautae
377 2662 539 2699 mergunt
565 2657 694 2698 templa
722 2657 869 2688 Dianae.

177 2713 252 2743 292.
281 2713 432 2752 legimus
472 2713 595 2744 litora.-
641 2717 929 2751 praetervehimur.

132 2763 184 2790 Ita
209 2761 404 2796 saepissime
429 2763 513 2795 apud
534 2763 666 2791 Livium
693 2761 747 2797 [cf.
770 2763 865 2791 Fabri
890 2764 931 2791 ad

132 2805 186 2841 21,
217 2805 285 2843 51.]
317 2808 402 2836 alios
427 2811 459 2835 ut
487 2809 545 2836 Ov.
571 2810 612 2836 M.
644 2806 695 2842 15,
722 2805 798 2836 709.
838 2809 872 2837 F.
901 2806 930 2845 4,

135 2851 210 2881 289.
232 2851 307 2881 292.
339 2853 440 2882 Aliud
465 2858 511 2882 est
533 2851 650 2892 legere
671 2861 766 2882 mare
786 2851 860 2882 317.
889 2870 927 2873 —

129 2901 233 2938 portu
257 2900 292 2927 P.
332 2900 453 2938 portus
482 2896 638 2928 Chaonio
664 2901 705 2927 Μ.
752 2896 856 2928 Portu
884 2904 929 2929 est

132 2946 195 2973 ahl.
215 2945 278 2973 loci
302 2949 335 2973 ut
361 2942 424 2972 135
451 2942 640 2974 subductae
661 2941 762 2973 litore
783 2953 930 2985 puppes.

134 2987 164 3027 4,
191 2988 254 3018 373
279 2988 421 3019 eiectum
450 2988 559 3019 litore.

182 3044 257 3075 293.
284 3044 399 3076 urbem
428 3044 605 3081 Buthroti,
633 3048 672 3077 cf.
697 3048 727 3084 ὁ,
748 3045 800 3077 52.
838 3048 933 3078 Circa

136 3092 325 3122 Buthrotum
350 3090 508 3123 Chaones
531 3094 729 3123 habitabant.

963 1272 1184 1304 294-355.
1238 1269 1375 1303 Aeneas
1411 1268 1692 1302 Andromacham
1731 1273 1764 1302 et

1187 1317 1362 1349 Helenum
1392 1315 1534 1348 ini-enit.

1010 1379 1186 1412 Helenum,
1218 1377 1341 1406 Priami
1373 1376 1493 1412 filium,
1531 1367 1764 1404 οἰωνοπόλων

966 1416 1018 1463 ὄχ’
1055 1415 1223 1462 ἄριστον,
1266 1422 1324 1457 (11.
1364 1420 1402 1455 6,
1436 1420 1499 1458 76]
1538 1424 1578 1450 ab
1623 1421 1764 1451 Achivis

968 1474 1115 1505 captum.
1139 1474 1168 1498 et
1200 1470 1479 1503 Andromacham,
1512 1468 1658 1496 Hectoris
1682 1476 1764 1496 uxo-

968 1525 1052 1549 rem,
1080 1523 1099 1544 a
1126 1517 1330 1550 Neoptolemo
1356 1516 1525 1543 abductam
1552 1522 1625 1542 esse
1650 1513 1765 1542 Graeci

968 1563 1135 1591 tradidere.
1185 1563 1218 1590 Is
1249 1570 1291 1590 ex
1319 1561 1421 1596 patrio
1445 1560 1638 1588 Thessaliae
1666 1567 1764 1596 regno

969 1610 1084 1643 pulsus
1110 1607 1213 1643 (1111011
1239 1608 1339 1636 nescit
1365 1607 1523 1635 Homerus
1549 1607 1603 1635 011.
1631 1603 1659 1641 3,
1678 1603 1764 1641 ise)

970 1655 1003 1683 in
1036 1654 1167 1689 Epirum
1197 1653 1373 1684 concessit.
1414 1660 1597 1687 novumque
1633 1659 1765 1688 regnum

970 1701 1125 1735 condidit;
1169 1704 1279 1735 postea
1311 1699 1519 1733 Hermionen,
1555 1698 1695 1726 Menelai
1735 1701 1765 1726 et

971 1748 1114 1775 Helenae
1136 1746 1252 1778 filiam,
1291 1746 1322 1773 in
1351 1744 1591 1774 matrimonium
1613 1745 1766 1772 ducturus

971 1795 1010 1821 ab
1037 1794 1148 1821 Oreste
1173 1793 1212 1821 ad
1242 1792 1334 1826 ipsas
1357 1798 1433 1819 aras
1460 1790 1587 1819 occisus
1612 1794 1677 1825 est,
1710 1797 1766 1818 su-

972 1838 1102 1873 perstite
1121 1840 1263 1866 Molosso
1289 1845 1330 1866 ex
1353 1837 1582 1865 Andromacha
1611 1835 1684 1864 filio.
1716 1837 1765 1864 Ex

971 1885 1024 1912 his
1058 1888 1147 1918 poeta
1185 1891 1280 1912 suum
1317 1883 1478 1912 contexuit
1510 1885 1705 1917 phantasma
1737 1885 1767 1910 et

972 1930 1221 1964 pulcherrimam
1260 1929 1357 1957 huius
1399 1928 1473 1956 libri
1515 1933 1646 1962 partem.
1696 1929 1766 1955 Iam

971 1984 1048 2004 1111111
1071 1981 1199 2010 potuere
1224 1975 1358 2004 brevius
1385 1979 1413 2002 et
1438 1974 1610 2002 venustius
1639 1973 1767 2002 narrari

971 2029 1054 2056 quae
1078 2026 1152 2050 sunt
1178 2030 1210 2050 v.
1239 2018 1431 2048 295—97?

1019 2065 1093 2095 297.
1121 2065 1260 2095 cessis-se
1298 2066 1336 2096 cf.
1372 2064 1447 2094 333.
1511 2062 1693 2101 .,0655ἰ556
1731 2066 1768 2093 116

972 2112 1041 2141 iure
1067 2116 1123 2149 est,
1149 2113 1219 2141 cedi
1244 2113 1330 2140 enim
1351 2113 1512 2140 hereditas
1538 2110 1683 2141 dicitur.‘'
1711 2113 1742 2140 S.

1019 2155 1094 2185 298.
1122 2165 1220 2186 amor
1244 2166 1270 2186 c.
1296 2159 1381 2186 infin.
1409 2158 1448 2187 cf.
1473 2158 1504 2187 5.
1524 2156 1600 2185 638.

1020 2212 1094 2242 300.
1123 2211 1300 2252 linquens:
1341 2215 1543 2248 ..Notandum
1570 2222 1664 2249 sane,
1697 2214 1768 2242 fini—

971 2264 1037 2288 tum
1062 2268 1134 2288 esse
1159 2267 1291 2287 versum
1322 2257 1525 2298 participio,
1552 2261 1633 2293 quod
1659 2267 1768 2288 rarum

972 2306 1058 2340 apud
1084 2305 1218 2333 Latinos
1244 2308 1308 2334 est.
1345 2306 1430 2339 apud
1456 2307 1595 2334 Graecos
1622 2305 1768 2333 vitiosis-

973 2352 1123 2380 simumst'·
1147 2352 1177 2378 S.
1228 2350 1390 2386 Significat
1415 2348 1642 2389 participium
1664 2358 1768 2389 prae-

975 2395 1100 2426 51611τί5.
1128 2397 1208 2431 quod
1233 2397 1329 2432 gravi
1353 2397 1521 2424 admodum
1544 2404 1621 2424 sono
1647 2396 1768 2433 incidit,

974 2444 1029 2478 111ιί
1055 2447 1209 2479 repugnat
1236 2442 1414 2470 sententiae
1434 2442 1578 2474 levitati:
1614 2449 1689 2470 nam
1711 2443 1768 2470 ad-

975 2489 1076 2525 iungit
1094 2488 1214 2523 aliquid
1234 2488 1469 2517 secundarium.
1490 2489 1566 2516 laxe
1581 2488 1768 2517 adiunctum

974 2535 1145 2570 prioribus.
1179 2536 1289 2568 Itaque
1316 2535 1398 2562 male
1422 2535 1559 2567 positum
1584 2538 1631 2562 est
1652 2534 1686 2562 in
1709 2534 1769 2563 fine

976 2589 1105 2611 versus,
1131 2580 1159 2608 si
1181 2580 1301 2609 claudit
1326 2580 1535 2609 enuntiatum.
1558 2588 1618 2614 11110
1643 2580 1677 2608 in
1699 2581 1768 2609 loco

977 2628 1074 2656 etiam
1099 2627 1218 2655 vitavit
1249 2633 1345 2660 prosa
1375 2626 1493 2661 oratio;
1530 2633 1595 2654 non
1627 2626 1769 2663 offendet,

977 2674 1006 2702 si
1032 2678 1079 2701 est
1103 2673 1204 2700 medio
1231 2672 1262 2699 in
1293 2672 1473 2705 enuntiato,
1516 2672 1597 2705 quod
1630 2680 1686 2707 per
1717 2680 1769 2700 se-

978 2723 1124 2753 quentem
1149 2726 1282 2746 versum
1308 2718 1498 2746 extenditur.
1548 2719 1636 2747 Haec
1663 2722 1768 2747 autem

979 2765 1062 2794 dicta
1087 2768 1158 2792 sunt
1190 2765 1279 2791 modo
1302 2764 1339 2791 de
1362 2763 1577 2797 nominativo;
1602 2764 1660 2792 alii
1683 2765 1769 2792 enim

978 2818 1093 2840 casus.
1135 2817 1231 2844 quum
1262 2810 1383 2838 arctius
1415 2810 1479 2838 sint
1513 2810 1626 2838 ceteris
1661 2810 1769 2838 verbis

978 2856 1139 2886 adiuncti,
1176 2863 1239 2883 non
1272 2855 1427 2883 offendunt
1453 2859 1593 2884 extremo
1619 2857 1688 2885 loco
1713 2864 1769 2891 po-

977 2903 1032 2931 siti
1058 2902 1095 2931 cf.
1122 2902 1163 2930 A.
1184 2899 1212 2936 1,
1230 2898 1307 2928 324.
1335 2898 1366 2936 2,
1395 2898 1469 2930 111.
1496 2898 1571 2930 144.
1596 2898 1670 2930 149.
1691 2899 1768 2930 570.

978 2946 1054 2975 729.
1088 2945 1118 2980 3,
1145 2944 1219 2975 313.
1240 2944 1316 2974 425.

1025 3001 1100 3032 301.
1127 3005 1305 3033 sollemnes
1333 3002 1634 3040 „anniversarias.“
1665 3006 1697 3033 S.
1729 3020 1766 3024 —

983 3047 1119 3090 Dapes,
1152 3046 1234 3085 224,
1273 3048 1335 3077 diis
1358 3050 1510 3080 Manibus
1536 3050 1706 3080 offeruntur
1730 3050 1769 3081 cf.

980 3094 1011 3133 6,
1039 3094 1113 3124 225.
