2023 3350
195 132 275 171 232

766 127 801 159 P.
828 127 1027 161 VIRGILII
1051 128 1259 162 MARONIS

195 241 390 283 I'uniceis
432 240 553 282 ibant
593 238 747 280 evincti
786 242 982 292 tempora
1017 240 1192 282 taeniis:

195 299 333 349 Quum
368 311 491 339 saevo
524 312 545 338 e
583 295 758 349 scopulo
797 296 936 337 multa
966 296 1037 337 vix
1072 301 1166 339 arte
1202 299 1393 341 revolsus

194 355 374 396 Amissis
410 354 538 395 remis
574 358 707 405 atque
746 352 895 394 ordine
935 352 1087 395 debilis
1125 369 1211 396 uno

193 412 374 453 Inrisam
413 411 503 451 sine
541 410 706 451 honore
744 413 884 451 ratem
927 409 1151 463 Sergestus
1190 412 1358 463 agebat.

195 468 342 518 Qualis
381 481 506 520 saepe
543 468 637 508 viae
677 466 911 520 deprensus
945 467 988 507 in
1026 481 1183 521 aggere
1221 482 1406 522 serpens,

195 527 333 566 Aerea
370 539 494 578 quem
533 524 755 578 obliquum
793 528 890 565 rota
930 525 1120 575 transiit,
1174 529 1249 566 aut
1285 527 1426 579 gravis
1466 527 1555 569 ictu

196 582 457 624 Semineeem
490 581 619 634 liquit
658 595 761 623 saxo
798 581 1074 635 lacerumque
1111 581 1262 633 viator,

194 638 497 692 Nequidquam
532 640 684 691 longos
714 638 880 692 fugiens
915 639 990 680 (lat
1029 653 1212 692 corpore
1246 643 1407 691 tortus3

195 697 322 737 Parte
359 696 498 747 ferox,
550 696 791 749 ardensque
830 696 982 747 oculis,
1028 700 1070 738 et
1111 696 1238 738 sibila
1280 697 1391 737 eolla

195 753 365 794 Arduus
405 753 625 805 attollens3
676 767 777 806 pars
817 754 990 795 volnere
1028 753 1184 795 clauda
1214 757 1402 795 retentat

195 811 423 852 Nixantem
456 811 580 852 nodis
619 824 749 863 seque
788 811 833 852 in
867 824 945 852 sua
982 811 1174 853 membra
1211 811 1465 865 plin-antem:

195 868 287 909 Tali
324 868 502 921 remigio
536 869 656 909 navis
694 882 738 909 se
775 868 904 910 tarda
939 868 1154 910 movebat:

195 925 302 966 Vela
342 925 448 967 facit
487 929 632 966 tamen
670 928 712 966 et
746 926 850 967 velis
888 926 1003 967 subit
1045 926 1158 967 ostia
1194 925 1345 978 plenis.

198 983 445 1036 Sergestum
483 984 647 1024 Aeneas
684 983 894 1036 promisso
928 997 1102 1025 munere
1139 982 1282 1033 donat,

197 1039 419 1081 Servatam
458 1040 512 1081 ob
552 1053 703 1081 navem
740 1040 881 1081 laetus
922 1041 1148 1094 sociosque
1184 1040 1398 1081 reductos,

197 1096 282 1138 Olli
323 1111 447 1138 serva
487 1097 634 1147 (latur,
677 1111 853 1150 operum
891 1097 1009 1139 haud
1042 1098 1195 1151 ignara
1233 1097 1463 1147 Minervae,

197 1154 350 1196 Cressa
390 1168 543 1207 genus,
587 1154 766 1205 Pholoe,
814 1155 1055 1208 geminique
1093 1154 1171 1196 sub
1201 1154 1335 1195 ubere
1372 1154 1474 1196 nati.

311 1211 404 1252 Hoe
440 1212 535 1265 pius
574 1212 741 1252 Aeneas
777 1212 906 1253 misso
945 1213 1178 1253 certamine
1213 1211 1354 1252 tendit

197 1268 472 1310 Gra-mineum
504 1269 548 1309 in
588 1283 806 1322 eampum,
856 1283 981 1322 quem
1021 1269 1202 1310 collibus
1238 1269 1425 1324 undique
1463 1267 1603 1310 curvis

199 1325 438 1379 (fingebant
473 1326 626 1376 silvae,
669 1326 894 1380 mediaque
927 1327 971 1368 in
1009 1326 1120 1368 valle
1156 1326 1317 1368 ’theatri

198 1499 262 1518 rem
295 1491 469 1526 significat.
508 1499 572 1526 qua
602 1492 675 1526 quis
703 1491 885 1526 extollitur.
927 1500 992 1526 qua

196 1537 269 1570 quis
305 1537 463 1571 superbit3
505 1537 550 1565 ita
583 1538 685 1565 tauro
717 1534 882 1576 superbus
915 1535 991 1573 473,

196 1578 318 1618 spoliis
344 1579 511 1621 superbus
536 1580 567 1616 8,
594 1580 669 1610 202.
703 1580 733 1617 2,
765 1580 846 1616 504,
880 1591 992 1622 popu-

197 1623 240 1654 lis
265 1635 292 1654 s.
321 1625 349 1661 2.
371 1626 455 1656 556.
496 1636 522 1656 s.
546 1625 634 1656 bello
665 1625 693 1662 1,
722 1626 774 1656 21.
825 1629 877 1657 Sic
901 1630 992 1657 ostro

196 1669 361 1710 superbus
395 1673 513 1701 dieitur
545 1676 637 1702 homo
675 1670 725 1710 12,
754 1670 816 1701 126
848 1679 874 1702 et
902 1675 993 1703 ostro

197 1714 365 1756 euperlme
391 1722 499 1747 vestes
526 1716 552 1754 1,
579 1716 652 1746 639.

243 1761 316 1791 269.
343 1763 383 1791 Ut
420 1772 461 1792 ex
498 1772 528 1792 v.
567 1760 628 1791 1l9
667 1768 696 1792 et
736 1760 800 1791 494
846 1769 991 1801 apparet.

196 1808 335 1837 victores
361 1809 487 1838 coronis
520 1809 723 1838 temnis-catis
755 1810 859 1838 ornati
893 1814 993 1846 erant,

195 1861 278 1888 quae
308 1859 399 1882 erant
429 1856 466 1883 de
497 1855 665 1883 frondibus
695 1859 724 1883 et
751 1854 863 1884 fasciis
892 1856 996 1884 disco-

196 1900 328 1928 loribus.

242 1943 316 1973 271.
345 1942 466 1973 ordine
512 1953 581 1973 uno
629 1942 763 1976 debilis.
838 1946 997 1975 Sinistrae

195 1991 281 2019 enim
304 1991 405 2025 partis
431 1999 534 2019 remos
560 1993 715 2025 scopulus
739 1992 878 2019 detersit.

242 2033 317 2063 272.
345 2037 500 2066 Fuerunt.
543 2037 596 2071 qui
633 2037 788 2072 dicerent,
823 2041 990 2071 propterea

197 2083 382 2117 Sergestum
412 2089 451 2110 ea
482 2082 659 2115 ignominia
689 2082 834 2111 affectum
868 2090 939 2111 esse
970 2090 990 2112 a

197 2132 300 2161 poeta.
326 2128 408 2161 quod
434 2136 474 2155 ex
501 2127 613 2163 Sergia
644 2132 736 2163 gente
760 2127 877 2156 fuisset
903 2129 989 2157 Cati-

195 2172 281 2201 lina!

242 2215 316 2246 273.
346 2214 460 2257 Saepe
496 2218 530 2246 in
560 2218 854 2253 comparationibus
888 2219 926 2247 ef.
961 2216 990 2255 1,

197 2260 270 2291 148.
314 2278 351 2282 -—
392 2260 499 2298 „viae
534 2260 569 2292 in
600 2271 756 2303 aggere:
791 2265 901 2300 Agger
943 2269 991 2293 est

195 2309 300 2337 media
324 2309 402 2337 viae
423 2309 613 2342 eminentia.
647 2310 848 2346 coaggeratis
871 2310 991 2344 lapidi-

194 2356 254 2382 bus
274 2358 386 2383 strata.
435 2355 524 2383 Unde
546 2355 622 2383 viae
647 2362 797 2391 aggerem
821 2353 936 2384 dixit.“
958 2357 990 2384 S.

194 2399 231 2428 cf.
259 2397 289 2435 9,
312 2397 388 2428 567.

241 2443 316 2473 276.
343 2442 405 2473 dat
432 2445 555 2480 tortus,
579 2445 617 2474 ef.
644 2443 674 2481 2,
697 2443 773 2474 698.

240 2488 315 2518 277.
343 2487 446 2518 sibila
473 2499 499 2519 c.
529 2488 558 2525 2.
586 2487 660 2518 211.

240 2533 315 2564 278.
343 2532 486 2564 Arduus
522 2532 593 2564 sich
633 2532 718 2564 hoch
750 2532 920 2564 erhebeud
959 2539 992 2564 ut

194 2579 224 2617 8,
248 2578 323 2609 298.
363 2578 414 2617 10,
439 2578 524 2615 917;
563 2582 600 2609 de
632 2585 741 2609 struet.
772 2581 809 2610 cf.
836 2577 909 2609 137.
952 2597 989 2600 —

200 2623 358 2654 Clandae
396 2633 500 2655 naves
536 2627 700 2662 dicuntur,
741 2627 771 2654 si
808 2626 928 2655 fractae
963 2631 989 2655 et

194 2676 369 2705 quassatae
398 2677 472 2700 sunt
505 2672 543 2701 cf.
572 2673 646 2701 Tac.
675 2673 738 2699 An.
767 2669 797 2706 2,
821 2669 862 2698 24
893 2670 991 2700 clau·
1032 2669 1137 2708 fectis
1179 2670 1348 2708 referunt.

194 2713 260 2744 dae
286 2724 393 2744 naves
419 2725 499 2745 raro
522 2715 671 2757 remigio
697 2718 877 2745 revertere.

239 2758 315 2789 279.
340 2758 520 2791 nixantem
546 2760 611 2790 Ml.
651 2777 689 2783 —-
728 2764 912 2790 nexantem
946 2764 988 2790 al.

195 2806 308 2834 Simile
334 2803 364 2838 4,
387 2804 462 2835 217.

240 2848 316 2880 281.
350 2848 435 2879 Γοία
458 2850 564 2888 facit.
592 2854 718 2888 pand'm
759 2852 895 2880 formula
920 2853 988 2880 usi-

194 2900 278 2933 tata,
311 2896 393 2931 quod
417 2903 547 2931 apparet
579 2908 596 2925 e
625 2899 689 2927 Cic.
716 2899 809 2927 Tusc.
837 2895 866 2929 4,
893 2897 922 2931 4,
951 2896 986 2933 9·,

194 2943 248 2973 cll.
275 2942 306 2977 5,
332 2940 360 2969 9.
411 2943 503 2970 Adde
529 2945 600 2971 Sen.
629 2945 720 2973 Herc.
747 2944 819 2971 Fur.
842 2940 918 2971 869.
946 2959 983 2962 —

199 2983 329 3015 Tamen
355 2988 388 3016 in
413 2985 552 3015 tandem
580 2993 679 3017 mutat
713 2986 761 3017 Pl.
789 3003 826 3007 —
857 2989 889 3016 et
914 2986 988 3026 ple-

195 3027 248 3059 nis
273 3040 297 3060 s.
325 3041 354 3061 ο.
381 3028 463 3062 uelis
488 3034 530 3060 M.
556 3042 616 3062 rec.
639 3031 703 3062 Ld.
734 3031 819 3068 Rb.‚·
842 3035 874 3062 et
901 3031 988 3063 velis

1752 300 1833 340 270

1752 585 1833 624 275

1754 872 1836 910 280

1755 1154 1836 1193 285

1039 1500 1065 1521 s.
1107 1500 1137 1522 ο.
1174 1489 1287 1532 plenis
1329 1493 1436 1530 PRNy
1474 1498 1536 1519 rec.
1575 1486 1660 1530 Wg.
1724 1490 1839 1518 Totum

1039 1538 1126 1567 elicit
1152 1539 1286 1573 Bryant.

1087 1581 1161 1611 282.
1207 1580 1378 1611 Promisso
1433 1587 1593 1617 munere,
1655 1580 1840 1615 quicunque

1040 1629 1140 1664 enim,
1178 1629 1232 1662 qui
1258 1633 1418 1657 certamen
1444 1627 1518 1663 init,
1548 1627 1683 1654 donatur
1715 1626 1754 1655 cf.
1781 1624 1835 1655 70.

1041 1673 1116 1702 305.
1137 1671 1213 1701 365.

1087 1717 1162 1747 285.
1186 1715 1392 1755 Geminique
1409 1724 1432 1744 s.
1450 1725 1482 1744 n.
1498 1725 1531 1744 n.
1549 1713 1837 1746 eiicit.5‘vh11·enclc

1042 1767 1126 1793 Mus.
1147 1766 1261 1799 Rben„
1285 1763 1423 1791 defendit
1452 1759 1515 1790 Rb.
1563 1764 1633 1790 Non
1658 1770 1699 1791 ex
1728 1767 1837 1792 nostro

1043 1819 1129 1839 more
1152 1811 1184 1838 id
1209 1811 1325 1837 donum
1349 1809 1554 1837 iudicandum
1575 1811 1633 1835 est.
1683 1809 1748 1836 Nos
1772 1817 1835 1836 non

1043 1860 1194 1891 putamus
1219 1855 1365 1883 homines
1388 1861 1461 1882 esse
1486 1861 1611 1888 pecora.
1647 1853 1693 1882 Cf.
1711 1852 1742 1889 3,
1761 1852 1836 1882 323.

1044 1902 1147 1930 Etiam
1177 1902 1261 1936 apud
1296 1901 1467 1928 Homerum
1496 1901 1534 1927 Il.
1564 1897 1622 1934 23,
1649 1896 1712 1926 263
1739 1907 1838 1928 serva

1044 1949 1196 1976 donatur.
1233 1951 1261 1974 et
1299 1948 1377 1974 Stat.
1418 1946 1513 1973 Theb.
1553 1944 1590 1980 6,
1617 1941 1692 1973 5⁴9.
1748 1946 1838 1979 Quae

1044 1993 1108 2021 sint
1130 1999 1227 2027 opera
1242 1992 1410 2019 Minervae
1430 1990 1467 2019 cf.
1487 1988 1518 2027 8,
1538 1987 1614 2019 805.
1640 2005 1678 2009 -
1713 1988 1837 2020 Cressa

1038 2046 1151 2078 genus
1175 2037 1214 2067 cf.
1241 2034 1272 2066 S.
1296 2034 1368 2065 114.

1129 2113 1195 2145 286
1212 2131 1255 2136 -
1275 2113 1352 2145 361.
1403 2112 1537 2144 Cursus
1563 2115 1745 2144 certamen.

1083 2170 1158 2201 286.
1187 2170 1309 2210 misso,
1334 2172 1477 2200 dimisso.
1527 2173 1594 2201 Cic.
1623 2174 1711 2202 Fam.
1738 2173 1769 2211 5,
1796 2171 1836 2202 12

1037 2220 1119 2246 ante
1145 2215 1305 2246 ludorum
1332 2214 1540 2246 missionem.

1084 2261 1159 2292 288.
1181 2264 1312 2292 Aeneas
1332 2262 1428 2290 tendit
1453 2263 1487 2290 in
1516 2269 1666 2298 campum
1692 2265 1831 2294 collibus

1039 2309 1128 2337 silva
1155 2310 1246 2338 tectis
1278 2309 1432 2343 cinctum3
1465 2315 1566 2342 eaque
1591 2309 1625 2337 in
1651 2312 1741 2339 valle
1767 2319 1835 2340 me-

1038 2354 1093 2383 dia
1115 2353 1247 2388 (campo
1273 2353 1434 2382 montibus
1459 2354 1594 2389 clauso)
1626 2359 1694 2384 erat
1728 2356 1834 2385 circus

1038 2400 1163 2435 theatri,
1190 2400 1210 2427 i.
1237 2408 1262 2427 e.
1291 2406 1412 2428 caveae
1438 2398 1476 2427 ef.
1498 2397 1574 2428 340.
1625 2397 1731 2438 „Quo
1757 2401 1834 2436 (pro

1038 2447 1116 2480 hum
1153 2445 1290 2473 relativo
1316 2445 1479 2473 continuat
1506 2446 1682 2474 orationem
1713 2447 1751 2476 ef.
1781 2445 1832 2484 12,

1040 2488 1114 2526 65.)
1147 2498 1182 2518 se
1208 2491 1340 2519 Aeneas
1367 2490 1505 2518 medium
1530 2491 1601 2519 tulit
1624 2499 1697 2520 cum
1720 2493 1833 2521 multis
1879 2526 1882 2527 ⁷

1039 2536 1182 2564 millibus
1214 2540 1243 2564 et
1275 2537 1446 2564 exstructo
1479 2544 1637 2564 consessu
1667 2535 1835 2566 resedit.“

1040 2583 1071 2608 S.
1121 2581 1245 2609 Similis
1275 2582 1350 2609 ordo
1379 2583 1549 2610 verborum
1581 2578 1612 2618 S,
1638 2580 1702 2610 306
1738 2580 1834 2612 Exin

1038 2634 1073 2654 se
1103 2624 1217 2655 cuncti
1247 2623 1376 2654 divinis
1404 2624 1502 2654 rebus
1529 2623 1577 2654 ar!
1607 2624 1722 2655 urbem
1752 2635 1834 2666 per-

1415 2673 1588 2701 Praeterea
1631 2673 1663 2700 id
1705 2680 1834 2711 novum,

1038 2718 1120 2750 quod
1147 2725 1323 2745 consessus
1344 2716 1459 2745 dicitur
1479 2718 1517 2745 de
1541 2718 1625 2746 sede.
1659 2719 1739 2746 Eum
1760 2726 1834 2747 ver-

1037 2764 1148 2791 borum
1189 2763 1331 2791 ordinem
1372 2762 1588 2797 improbantes
1623 2763 1682 2791 alii
1721 2767 1834 2797 putant

1038 2816 1196 2836 consessu
1230 2808 1408 2836 ablativum
1442 2815 1536 2842 posse
1572 2809 1610 2836 de
1644 2809 1732 2843 loco,
1770 2817 1832 2843 quo

1035 2853 1108 2887 quis
1154 2854 1268 2889 tendit,
1319 2853 1474 2889 intelligi;
1535 2859 1632 2887 quam
1674 2853 1832 2883 rationem

1035 2907 1161 2927 omnem
1192 2898 1343 2933 loquendi
1375 2906 1468 2927 usum
1498 2902 1731 2932 pervertentem
1757 2907 1832 2934 pro-

1035 2946 1110 2972 bare
1133 2949 1289 2973 conantur
1313 2945 1382 2972 loco
1405 2941 1435 2978 4,
1453 2940 1518 2970 373
1546 2940 1691 2972 eiectum
1715 2940 1831 2981 litore,

1034 2989 1089 3017 ubi
1121 2989 1298 3025 significari
1331 2989 1472 3023 aliquem
1504 2988 1559 3022 qui
1603 2988 1669 3017 iam
1704 2986 1832 3019 eiectus

1035 3031 1144 3063 estin
1170 3031 1289 3071 litore,
1324 3041 1386 3062 non
1419 3029 1480 3072 qui
1510 3029 1648 3062 eiicitur
1681 3031 1718 3063 in
1749 3031 1834 3065 litus
