2023 3350
750 108 986 142 AENEIDOS
1013 110 1098 143 LIB.
1124 110 1163 144 V.

141 221 265 262 Nunc
303 220 478 265 dextros
515 222 681 265 solvere
717 223 856 275 sinus3
908 238 993 266 una
1026 224 1164 267 ardua
1197 229 1401 279 torquent

145 279 320 321 Cornua
359 279 720 335 detorquentque3
762 281 905 324 ferunt
937 297 1016 325 sua
1044 283 1220 326 flamina
1258 283 1446 326 classem.

1693 111 1770 150 261

142 337 348 391 Princeps
383 343 483 381 ante
518 353 662 381 omnes
700 339 875 382 densum
914 340 1142 383 Palinurus
1173 341 1332 396 agebat

142 395 324 449 Agmen3
370 397 425 438 ad
464 396 578 439 hunc
617 397 691 439 alii
735 412 904 440 cursum
941 399 1198 442 contendere
1232 400 1348 442 iussi.

142 453 320 507 Iamque
358 454 447 496 fere
486 455 670 497 mediam
708 456 815 497 caeli
854 470 939 498 nox
975 457 1152 500 humida
1188 461 1348 500 metam

1693 458 1775 499 835

143 512 413 566 Contigerat3
450 513 624 567 placida
658 513 866 556 laxabant
903 515 1095 557 membra
1127 516 1270 570 quiete

142 569 231 612 Sub
272 571 401 612 remis
437 570 522 613 fusi
565 585 644 626 per
686 570 796 614 dura
833 572 986 614 sedilia
1017 578 1196 616 nautae:

141 628 280 678 Quum
319 628 421 670 levis
455 629 660 671 aetheriis
697 630 898 684 delapsus
930 631 1111 674 Somnus
1144 631 1199 673 ab
1235 631 1366 673 astris

139 687 253 728 Aera
288 685 470 728 dimovit
507 687 780 730 tenebrosum
816 692 858 730 et
893 688 1072 743 dispulit
1103 689 1291 737 umbras,

138 744 216 796 Te,
257 744 477 797 Palinure,
516 750 686 800 petens,
726 746 807 788 tibi
843 747 1009 789 somnia
1046 748 1190 789 tristia
1229 750 1410 802 portans

1693 744 1777 785 840

138 803 325 854 Insonti3
366 803 590 858 puppique
627 804 732 846 deus
775 804 970 847 consedit
1006 805 1051 847 in
1085 806 1185 857 alta,

139 860 377 902 Phorbanti
416 862 586 912 similis,
624 861 853 916 funditque
892 862 970 905 has
1010 877 1083 905 ore
1122 863 1337 917 loquelas:

138 918 280 960 Iaside
312 919 532 971 Palinure,
572 919 717 962 serunt
754 920 851 975 ipsa
891 934 1081 975 aequora
1115 922 1306 972 classem,

140 977 362 1030 Aequatae
403 977 571 1031 spirant
609 992 759 1029 aurae,
802 978 930 1020 datur
968 978 1075 1020 hora
1105 979 1260 1033 quieti:

139 1034 253 1076 Pone
290 1038 440 1089 caput,
483 1035 705 1090 fessosque
744 1036 888 1077 oculos
924 1036 1070 1078 furare
1103 1037 1255 1078 labori.

1694 1032 1776 1071 845

143 1093 240 1146 Ipse
274 1107 352 1147 ego
394 1093 615 1147 paulisper
651 1107 730 1148 pro
769 1098 813 1135 te
848 1098 924 1135 tua
958 1108 1136 1136 munera
1170 1093 1301 1136 inibo.

142 1150 221 1192 Cui
257 1151 327 1192 vix
366 1151 570 1193 attollens
603 1151 829 1192 Palinurus
871 1151 1034 1193 lumina
1066 1151 1203 1194 fatur:

138 1208 262 1251 Mene
294 1208 396 1250 salis
435 1208 597 1262 placidi
637 1209 801 1250 voltum
835 1208 1077 1263 fluctusque
1120 1209 1291 1264 quietos

138 1267 346 1321 Ignorare
387 1266 539 1308 iubes?
579 1280 702 1308 mene
736 1266 836 1309 huic
876 1267 1089 1310 confidere
1124 1268 1345 1310 monstro?

137 1325 310 1367 Aenean
347 1324 519 1367 credam
561 1324 666 1379 quid
702 1325 813 1367 enim
854 1324 1084 1368 fallacibus
1118 1326 1247 1377 auris,

1693 1320 1778 1360 850

136 1383 193 1424 Et
233 1382 339 1425 caeli
377 1383 538 1425 totiens
577 1382 781 1437 deceptus
813 1382 965 1425 fraude
1001 1384 1174 1426 sereni?

136 1440 257 1483 Talia
296 1441 412 1483 dicta
447 1440 601 1493 dabat,
641 1441 893 1495 clavumque
933 1441 1102 1485 adfixus
1135 1446 1178 1485 et
1211 1441 1393 1484 haerens

136 1499 359 1553 Nusquam
395 1499 654 1551 amittebat,
690 1499 922 1554 oculosque
957 1501 1035 1542 sub
1076 1505 1197 1543 astra
1227 1499 1415 1543 tenebat.

180 1614 257 1646 832.
285 1625 349 1646 sua
366 1615 522 1656 flamina
550 1616 753 1655 ..ριόειιεπειιι
780 1620 812 1647 S.
834 1618 874 1648 cf.
899 1616 931 1656 3,

133 1660 210 1692 493.

182 1708 261 1738 8:33.
288 1710 481 1747 Palinurus,
514 1710 597 1739 Iasii
623 1710 709 1739 filius
740 1715 795 1739 aut
822 1718 932 1747 ηεροδ,

138 1758 333 1791 gubernator
356 1761 425 1785 erat
447 1757 590 1793 Aeneae,
616 1757 710 1785 cuius
736 1757 836 1785 navis
858 1761 932 1786 ante

135 1802 223 1831 alias
248 1802 366 1839 fertur,
402 1803 443 1831 ad
465 1809 562 1838 quam
585 1807 711 1832 ceterae
730 1811 860 1832 cursum
884 1803 933 1831 di-

136 1848 254 1885 rigum.

181 1892 259 1922 8:35.
289 1891 530 1933 Iam—quum
560 1893 598 1925 cf.
625 1890 655 1929 4,
679 1891 756 1922 586.
785 1910 829 1913 -
860 1891 934 1923 Me-

137 1941 208 1969 tam
237 1940 270 1968 in
295 1939 379 1969 circo
405 1940 459 1974 qui
483 1939 607 1977 attigit,
638 1940 779 1969 medium
803 1948 933 1970 cursum

136 1986 283 2016 confecit.
332 1987 445 2020 Itaque
475 1986 582 2014 media
611 1990 660 2014 est
691 1994 773 2021 nox,
823 1994 934 2016 omnes

135 2032 256 2062 circum
282 2032 443 2061 dormiunt
466 2031 617 2069 remiges,
643 2039 746 2066 neque
772 2032 859 2060 enim
883 2040 935 2061 re-

135 2078 199 2109 mis
224 2087 304 2114 opus
333 2083 419 2112 erat;
467 2085 551 2106 unus
572 2082 719 2112 superest
744 2078 935 2114 Palinurus,

138 2133 232 2160 quem
257 2125 290 2153 in
316 2124 414 2153 laniis
437 2124 580 2153 silentiis
606 2131 718 2153 somno
743 2132 934 2159 oppressum

136 2179 212 2200 esse
237 2171 354 2200 mirum
380 2178 441 2199 non
468 2174 526 2199 est.

182 2215 260 2246 738.
291 2215 442 2245 Somnus
469 2224 525 2251 per
558 2218 708 2245 tenebras
743 2219 770 2244 et
803 2218 935 2245 umbras

138 2264 288 2299 pervolat
310 2264 351 2292 ad
376 2263 580 2300 Palinurum,
601 2262 633 2290 id
662 2266 711 2291 est
736 2259 883 2291 dimovit
906 2266 935 2291 et

136 2306 296 2346 dispulit.

184 2352 262 2383 841.
285 2351 435 2383 insonti.-
494 2355 608 2389 Itaque
655 2354 833 2383 Palinurus
881 2361 937 2390 pro

138 2401 287 2430 omnihus
318 2400 532 2436 sacrificatur,
580 2408 685 2428 unum
721 2408 785 2437 pro
818 2397 939 2428 multis

141 2443 250 2475 datur
275 2448 381 2485 caput
407 2449 437 2475 et
465 2446 557 2474 datur
583 2445 708 2483 insons,
734 2446 843 2482 qualis
866 2453 940 2475 esse

139 2493 242 2525 debet,
265 2492 320 2527 qui
343 2500 400 2527 pro
426 2491 503 2520 aliis
528 2492 627 2520 detur.

185 2536 262 2567 842.
291 2534 446 2567 Phorbas
478 2537 600 2572 aliquis
637 2538 670 2566 in
699 2537 779 2566 navi
805 2538 939 2567 Aeneae

141 2585 245 2614 fuisse
269 2585 431 2619 putandus
454 2587 513 2619 est,
546 2583 627 2612 artis
653 2584 853 2620 gubernandi
875 2592 938 2612 non

141 2630 323 2666 imperitus.
349 2645 394 2649 —
420 2626 596 2669 loquelas,
626 2632 728 2658 verba
752 2630 849 2659 Varr.
873 2630 938 2672 111...

142 2675 173 2714 6,
202 2677 246 2705 57
279 2676 385 2713 „Hinc
416 2675 545 2710 quidam
590 2676 752 2710 loquelam
789 2676 940 2705 dixerunt

140 2726 287 2759 verbum,
312 2723 396 2757 quod
424 2722 455 2750 in
483 2722 644 2755 loquendo
667 2721 862 2752 efferimus“.

186 2767 263 2798 846.
287 2765 472 2809 paulisper
495 2767 535 2796 cf.
562 2765 592 2803 6,
618 2764 695 2797 382.

183 2813 260 2844 847.
289 2812 349 2843 vix
378 2810 544 2843 attollens
579 2810 740 2842 lumt'na:
785 2815 836 2843 Ila
859 2821 940 2843 suae

140 2863 188 2892 rei
211 2863 354 2891 intentus
380 2865 448 2895 est,
489 2864 523 2888 ut
553 2868 593 2888 ne
625 2859 788 2895 adspiciat
810 2860 938 2895 quidem

142 2909 370 2938 Phorbanlem.
397 2906 505 2935 Aliler
524 2907 632 2935 Serv.:
659 2906 825 2943 „numinis
844 2914 938 2941 prae-

141 2955 247 2984 sentia
285 2956 534 2990 praegravatus.
584 2953 666 2981 Nam
709 2957 740 2981 et
798 2960 939 2987 sequens

145 3001 216 3029 eius
241 3000 344 3029 oratio
368 3001 497 3028 turbata
520 3002 587 3036 est,
626 2998 709 3033 quod
734 3002 765 3027 et
788 2999 938 3034 semiple-

143 3054 204 3075 nae
229 3047 370 3076 indicant
397 3042 631 3075 elocutiones.“
681 3044 833 3074 Servium
845 3045 938 3075 mulli

983 1621 1088 1650 secuti
1114 1626 1200 1657 sunt,
1224 1620 1279 1655 qui
1303 1619 1400 1649 eliam
1426 1627 1498 1648 cum
1523 1626 1559 1647 eo
1593 1618 1693 1647 verba
1715 1615 1780 1643 Pa-

981 1667 1082 1696 linuri
1109 1667 1154 1696 ita
1180 1667 1416 1699 dissecuerunt,
1439 1669 1474 1694 ut
1503 1664 1597 1694 modo
1627 1662 1780 1697 semiple-

979 1721 1041 1743 nae
1067 1718 1225 1742 reslarent
1249 1712 1439 1742 sententiae.

1025 1766 1103 1799 848.
1132 1777 1239 1798 mene.
1289 1769 1336 1798 Cf.
1372 1769 1468 1797 Lucr.
1505 1765 1542 1804 2,
1572 1763 1639 1794 557
1673 1760 1780 1801 Infidi

979 1813 1088 1845 maris
1130 1812 1282 1844 insidias
1320 1811 1480 1854 viresque
1520 1809 1718 1852 dolumque
1741 1811 1780 1840 ut

978 1859 1093 1891 vitare
1118 1858 1239 1898 velint,
1264 1869 1348 1890 neue
1367 1857 1608 1898 ullotemporc
1624 1855 1782 1894 credant,

980 1905 1128 1937 subdola
1170 1916 1274 1948 quum
1316 1903 1406 1936 ridet
1445 1902 1584 1946 placidi
1623 1900 1781 1945 pellacia

978 1951 1088 1994 ponti.

1026 2009 1104 2040 850.
1132 2010 1213 2045 Quid
1237 2019 1294 2047 ego
1320 2010 1448 2040 credam
1473 2010 1607 2039 Aeneae
1639 2009 1778 2037 salutem

981 2057 1090 2085 ventis
1118 2056 1318 2086 fallacibuse
1366 2057 1402 2085 Id
1426 2056 1512 2085 enim
1537 2059 1596 2088 est.
1621 2056 1703 2089 quod
1729 2062 1779 2082 me

979 2102 1072 2131 iubes
1095 2102 1212 2132 facere.
1252 2117 1296 2122 -—
1325 2103 1408 2131 Nam
1430 2103 1608 2130 Palinurus
1630 2108 1694 2129 non
1719 2109 1781 2135 pu-

982 2152 1027 2176 tat
1068 2148 1171 2177 alium
1209 2149 1370 2184 regendae
1400 2148 1500 2176 navis
1535 2153 1601 2177 tam
1642 2147 1779 2182 peritum

981 2202 1071 2228 esse,
1116 2202 1211 2229 quam
1247 2202 1292 2222 se.
1341 2195 1388 2222 De
1421 2193 1541 2223 iunctis
1575 2190 1657 2231 quid
1689 2190 1779 2221 euim

982 2241 1021 2270 cf.
1063 2237 1146 2270 395:
1197 2237 1283 2279 quid
1322 2243 1352 2268 et
1392 2236 1481 2267 enim
1526 2238 1674 2273 postponi
1708 2242 1781 2274 post

983 2288 1084 2316 verba
1107 2287 1202 2320 plura
1227 2285 1386 2319 exemplis
1410 2287 1537 2319 probat,
1572 2289 1602 2314 et
1622 2284 1779 2314 rationem

986 2340 1050 2368 qua
1074 2332 1124 2361 fiat
1157 2332 1261 2367 aperit
1287 2332 1380 2360 Hand
1403 2331 1498 2360 Turs.
1529 2331 1561 2359 11
1586 2338 1616 2365 p.
1641 2327 1705 2358 397
1731 2338 1780 2366 sq.

1033 2376 1109 2407 851.
1137 2380 1172 2407 Et
1198 2386 1249 2407 me
1272 2377 1362 2406 iubes
1396 2376 1503 2407 facere
1539 2376 1590 2413 id,
1625 2376 1681 2411 qui
1706 2384 1780 2406 sae·

986 2425 1120 2460 pissime
1161 2424 1262 2453 maris
1296 2427 1449 2459 expertus
1489 2430 1562 2452 sum
1599 2421 1779 2453 fallaciam.

986 2473 1054 2500 lam
1076 2471 1222 2506 apertius
1245 2477 1397 2499 caussam
1424 2469 1561 2505 indicat,
1586 2475 1686 2504 quare
1710 2476 1781 2497 me-

985 2525 1027 2546 ne
1053 2525 1123 2547 cum
1148 2517 1185 2546 vi
1210 2516 1344 2551 dixerim
1374 2520 1405 2545 et
1429 2515 1572 2550 explicat
1597 2515 1650 2544 hic
1662 2523 1781 2544 versus

986 2564 1104 2599 priora.
1145 2579 1190 2582 —
1231 2564 1264 2591 et
1291 2570 1347 2598 pro
1381 2563 1412 2591 et
1437 2558 1576 2601 quidem
1600 2560 1642 2590 cf.
1667 2559 1698 2598 2,
1725 2558 1779 2590 49.

986 2626 1028 2629 —
1054 2612 1166 2644 Itaque
1204 2617 1267 2637 non
1308 2612 1357 2637 est
1397 2609 1477 2637 haec
1515 2607 1782 2638 obdormiscentis

985 2656 1097 2686 oratio.
1123 2671 1167 2676 —-
1191 2651 1290 2684 auris
1315 2655 1347 2683 et
1373 2651 1483 2691 caelo,
1510 2650 1574 2682 Rb.

1030 2721 1108 2753 853.
1137 2720 1320 2763 „Nusquam
1347 2722 1396 2752 sic
1425 2722 1532 2751 Plaut.
1560 2724 1645 2752 Men.
1681 2722 1718 2761 5,
1748 2719 1780 2761 2,

984 2768 1026 2800 30
1043 2767 1227 2810 Nusquam
1249 2765 1406 2808 equidem
1429 2765 1620 2808 quidquam
1636 2765 1782 2810 deliqui.

990 2818 1100 2851 Neque
1144 2820 1251 2844 tamen
1288 2822 1461 2854 nusquam
1502 2822 1559 2849 pro
1599 2823 1779 2856 nunquam

988 2863 1107 2892 dictum
1135 2870 1208 2891 esse
1232 2869 1295 2890 uno
1320 2869 1362 2890 ex
1393 2861 1463 2890 loco
1488 2861 1702 2891 demonstrari
1724 2870 1782 2898 po-

987 2913 1065 2947 lest,
1095 2916 1193 2944 quum
1217 2909 1319 2936 obstet
1341 2913 1423 2936 vera
1447 2906 1540 2936 ratio.
1588 2909 1701 2943 Itaque
1722 2917 1781 2938 ve-

985 2955 1044 2984 lim
1068 2954 1248 2990 explicare:
1275 2954 1529 2989 gubernaculum
1547 2955 1647 2983 tenuit
1668 2956 1782 2984 amba-

985 3004 1057 3030 bus·
1106 3002 1144 3028 Et
1168 3000 1202 3028 hi
1231 3007 1350 3028 versus
1375 2999 1485 3029 docent
1507 3008 1540 3028 v.
1563 2997 1629 3028 847
1654 3009 1714 3031 nos
1739 3011 1781 3032 ex

984 3046 1117 3081 Virgilii
1136 3049 1241 3075 meme
1265 3053 1339 3074 esse
1363 3045 1598 3081 interpretatos.
