2023 3350
689 99 924 134 AENElDOS
949 102 1034 134 LIB.
1061 103 1104 135 X.

1626 103 1709 142 489

75 218 312 273 Gorytique
338 216 450 258 leves
483 213 672 256 humeris
712 217 754 255 et
791 213 934 257 letifer
966 229 1104 257 arcus.

74 276 171 318 Una
207 278 353 317 torvus
389 272 523 315 Abas:
562 271 662 313 huic
701 274 840 313 totum
869 273 1106 327 insignibus
1143 272 1274 315 armis

1631 274 1711 313 170

73 334 255 387 Agmen,
297 335 339 373 et
378 333 530 374 aurato
568 328 764 384 fulgebat
804 331 1004 384 Apolline
1040 331 1207 385 puppis.

74 391 303 433 Sexcentos
338 388 402 432 illi
442 387 621 429 dederat
656 387 894 442 Populonia
929 392 1068 430 mater

74 449 288 502 Expertos
327 444 429 487 belli
468 445 658 496 iuvenes;
694 449 762 487 ast
797 446 889 487 Ilva
927 450 1155 496 trecentos,

73 506 218 548 Insula
249 503 514 545 inexhaustis
550 503 787 557 Chalybum
826 518 1033 557 generosa
1066 502 1263 544 metallis.

74 563 239 605 Tertius
277 561 350 602 ille
391 561 611 602 hominum
647 561 873 615 divomque
908 563 1120 616 interpres
1156 560 1310 612 Asilas,

76 620 151 663 Cui
183 618 393 673 pecudum
429 619 582 671 fibrae,
623 620 731 661 caeli
768 620 837 661 cui
875 620 1016 661 sidera
1051 622 1215 674 parent,

71 678 128 719 Et
167 677 340 731 linguae
379 677 617 730 volucrum,
650 680 693 719 et
718 679 919 732 praesagi
956 677 1146 719 fulminis
1181 676 1323 730 ignes,

70 854 103 882 A
132 853 292 882 Romanis
319 862 356 882 eo
386 855 522 883 deducta
547 855 676 884 colonia
710 859 759 884 est
784 862 813 884 a.
839 863 870 883 u.

70 897 147 928 479.
174 900 274 928 Fabio
303 900 439 928 Claudio
465 909 529 930 css.
550 901 634 929 Vell.
660 903 730 930 Pat.
759 898 787 939 1,
817 898 870 929 14.

70 946 144 974 Liv.
184 947 240 980 Ep.
284 943 335 974 14.
384 947 468 975 Plin.
502 944 532 983 3,
572 944 614 974 58
669 945 758 976 Cosa
790 944 871 975 lol-

71 988 235 1020 cz'entium
264 990 314 1026 [a.
341 1000 372 1020 u.
399 990 464 1020 472
490 992 671 1029 victorum]
696 1001 717 1021 α
740 990 870 1032 populo

75 1035 236 1066 Romano
269 1035 434 1067 deducta.
488 1039 635 1068 Rutilius
672 1036 872 1067 111111011τί-

71 1091 159 1123 quas
185 1079 283 1111 nullo
312 1081 452 1113 011310(Ιο
482 1082 607 1113 ruinas
634 1086 666 1114 et
693 1081 872 1113 desolatae

70 1126 210 1158 moenia
243 1126 353 1165 foeda
389 1127 499 1159 Casae
529 1128 563 1167 1,
590 1128 671 1167 285,
697 1134 726 1160 et
750 1134 871 1167 narrat,

72 1176 156 1210 quod
191 1175 263 1209 ipse
294 1177 390 1204 hahet
428 1176 618 1213 ridiculum,
661 1184 682 1205 a
724 1177 871 1205 muribus

71 1221 164 1250 cives
187 1228 262 1249 esse
285 1223 453 1256 expulsos.

118 1275 194 1306 169.
226 1275 350 1317 Goryti
381 1280 445 1317 My.
501 1275 620 1318 Coryti
650 1280 717 1307 PR.
751 1281 872 1308 Graece

69 1316 242 1363 γωρυτός.
272 1339 309 1343 -
337 1325 471 1360 7,Goryti
494 1325 623 1359 proprie
641 1329 716 1354 sunt
734 1332 869 1354 arcuum

70 1372 192 1406 thecae,
224 1370 374 1399 dicuntur
404 1374 509 1399 tamen
544 1371 641 1400 etiam
666 1372 870 1407 sagittarum,

69 1423 152 1451 quas
185 1419 216 1444 et
250 1419 422 1451 pharetras
455 1417 695 1446 nominamus)4
729 1419 759 1444 S.
810 1419 870 1446 ov.

70 1462 123 1490 Tr.
151 1460 189 1498 5,
218 1458 258 1498 7,
299 1460 337 1490 15
390 1459 431 1492 In
469 1460 592 1503 quibus
624 1462 804 1497 (Sarmatis
842 1468 870 1491 et

69 1506 178 1541 Getis]
205 1512 254 1536 est
290 1516 408 1541 nemo,
445 1506 505 1548 qui
543 1517 612 1537 non
651 1511 802 1549 goryton
841 1511 874 1538 et

70 1561 206 1592 arcum,
229 1555 358 1589 telaque
383 1555 515 1590 vipereo
542 1556 651 1584 lurida
675 1555 750 1584 felle
769 1559 869 1591 gerat.

286 1621 350 1652 170
367 1638 413 1643 -—
432 1620 507 1652 174.
556 1618 663 1652 Abas.

115 1676 192 1708 170.
215 1676 419 1720 insignibus
447 1677 554 1709 armis
582 1685 640 1709 etc.
667 1680 707 1709 cf.
735 1678 766 1716 2,
794 1678 870 1709 392.

69 1723 101 1763 7,
143 1723 220 1754 656.
279 1727 341 1755 Sed
380 1723 542 1767 insignia
574 1729 634 1756 hoc
664 1728 736 1755 loco
771 1734 872 1754 arma

69 1771 222 1800 videntur
251 1772 332 1810 dici,
363 1774 447 1808 quod
479 1774 609 1801 metallo
635 1773 798 1800 abundant
828 1780 870 1801 ex

69 1819 146 1846 Ilva
169 1820 298 1846 hausto.

116 1870 193 1902 171.
221 1875 349 1902 aurato
390 1870 573 1914 Apolline,
628 1876 685 1903 deo
735 1875 871 1903 navium

70 1919 212 1956 tutelari,
249 1919 288 1949 cf.
329 1918 360 1955 3,
398 1918 475 1957 527,
511 1920 566 1955 (1111
605 1925 653 1949 est
694 1921 728 1949 in
759 1921 871 1959 puppi,

71 1973 171 2001 quum
196 1966 326 2002 insigne
352 1965 396 1994 sit
418 1966 453 1995 in
482 1973 588 2002 prora.

120 2019 194 2051 172.
224 2019 407 2051 Sescentos
418 2024 470 2052 dat
488 2020 573 2063 Wg.
594 2020 654 2052 Rb.
675 2020 872 2062 Populonia

70 2069 200 2098 mater.-
236 2069 453 2103 Populonium
492 2069 526 2097 in
567 2077 624 2098 ora
651 2071 799 2099 Etruriae
838 2070 871 2098 in

70 2115 155 2143 bello
189 2115 325 2143 Sullano
351 2116 564 2152 exstincturn3
602 2116 674 2145 eius
712 2116 871 2151 reliquiae

69 2168 167 2195 prope
201 2163 311 2189 urbem
344 2162 524 2190 Piomhino.
594 2158 783 2201 Populonia*
818 2170 870 2197 ap.

68 2206 144 2234 Liv.
168 2204 229 2243 30,
266 2204 319 2235 39.
368 2208 463 2243 „Alii
485 2208 700 2242 Populoniam
720 2209 872 2238 Volater-

69 2258 223 2281 ranorum
256 2253 589 2289 00101110011101111111,
624 2255 686 2283 alii
720 2255 872 2284 Volater-

70 2305 169 2326 ranos
190 2299 302 2327 Corsis
316 2300 479 2335 eripuisse
498 2301 714 2334 Populoniam
727 2299 870 2330 dicunt.“

71 2346 104 2374 S.
130 2343 164 2372 in
186 2346 261 2379 alqt.
290 2360 329 2365 —-
358 2348 480 2382 mater,
512 2346 635 2383 patria,
661 2351 693 2375 ut
727 2345 763 2384 7,
793 2344 869 2376 762.

116 2397 193 2430 173.
219 2403 376 2441 expertos
408 2399 506 2439 belli,
542 2404 661 2438 peritos
690 2404 729 2434 cf.
762 2407 813 2433 Gr.
839 2406 872 2438 ς.

71 2444 149 2484 265,
177 2445 206 2476 2.
240 2463 278 2467 -
311 2445 391 2477 Ilva
419 2448 540 2486 (Elba)
568 2454 597 2478 et
625 2451 806 2485 antiquitus
831 2451 870 2480 cf.

70 2494 120 2521 Pl.
150 2493 218 2521 NH.
251 2491 310 2531 34,
340 2490 396 2531 14,
427 2493 465 2523 ⁴1
494 2500 523 2524 et
547 2497 654 2525 adhuc
677 2497 753 2526 ferri
777 2497 872 2532 eopia

72 2543 148 2567 nota
172 2543 230 2567 est.
279 2539 340 2568 Sed
364 2540 483 2570 ferrum
506 2542 666 2576 liquatum
690 2547 737 2572 est
761 2544 871 2578 Popu-

70 2585 289 2658 lottifste‚4121t¹)n
315 2586 350 2614 in
375 2586 449 2621 ipsa
472 2588 595 2616 insula.
624 2604 668 2608 —
700 2585 872 2628 Chalybes

71 2631 111 2660 cf.
163 2653 170 2668 ,
273 2652 279 2659 .

279 2684 343 2716 175
355 2686 487 2719 —1SO.
534 2687 665 2721 Asilas.

118 2742 195 2773 175.
226 2741 402 2785 lnterpres
428 2743 546 2776 divum
591 2750 707 2778 dicitur
741 2748 776 2785 3,
808 2747 872 2777 359

71 2793 228 2828 Helenus,
269 2789 300 2828 4,
349 2790 413 2820 356
453 2795 646 2831 Mercurius,
696 2802 746 2830 ap.
799 2798 872 2824 Sen.

73 2838 188 2867 Troad.
223 2835 288 2866 355
322 2838 478 2874 Calchas,
515 2842 645 2875 plenius
676 2842 774 2870 etiam
814 2845 874 2871 hoc

70 2885 140 2913 1000
165 2880 345 2912 hominum
370 2881 559 2924 divumque
582 2884 765 2926 interpres.
790 2885 876 2922 „In-

74 2931 206 2968 terpres
229 2930 371 2959 medium
396 2934 460 2966 est3
486 2939 562 2960 nam
586 2937 616 2961 et
641 2934 771 2962 deorum
794 2941 874 2968 quos

74 2974 317 3013 interpretatur,
352 2980 383 3005 et
413 2977 580 3007 hominum
602 2979 720 3014 quibus
741 2979 876 3008 divinas

74 3020 195 3051 indicat
235 3026 379 3061 menteS,
418 3023 578 3060 interpres
623 3022 794 3054 vocatttr.“
843 3026 876 3053 S.

915 855 1050 885 Omnino
1066 859 1115 884 est
1139 853 1254 889 quidei
1272 852 1414 882 alicuius
1432 853 1635 882 voluntatem
1653 855 1712 882 ho-

916 902 1057 930 minihus
1083 901 1194 936 aperit,
1217 908 1289 928 eam
1313 900 1356 927 iis
1381 899 1618 933 interpretatur.
1656 900 1711 929 Sic

915 945 1119 987 interpretes
1161 945 1371 975 'ostentorum
1411 945 1476 974 Cic.
1503 946 1541 974 de
1577 946 1645 974 div.
1682 944 1712 982 2,

915 992 968 1029 53,
997 992 1072 1029 109,
1097 995 1177 1021 exta
1201 987 1429 1030 interpretari
1457 988 1505 1027 12,
1531 989 1586 1020 28,

962 1047 1037 1078 176.
1062 1046 1232 1089 pecudum
1269 1045 1387 1086 fibrae
1431 1047 1572 1084 „iecoris
1606 1053 1714 1078 extre-

914 1094 1064 1125 mitates‘'·
1099 1097 1130 1124 S.
1182 1092 1222 1123 In
1256 1091 1366 1122 iecore
1399 1095 1587 1122 extremum
1614 1093 1713 1132 fibra

915 1142 1010 1171 Varr.
1042 1142 1107 1169 LL.
1134 1140 1171 1174 5,
1207 1137 1262 1168 79.
1316 1141 1351 1168 Id
1380 1144 1466 1168 certe
1485 1137 1583 1179 fibra
1610 1141 1714 1177 signi-

914 1187 1026 1217 ficabat
1072 1186 1316 1221 haruspicibus,
1364 1189 1393 1213 et
1440 1187 1547 1223 caput
1590 1183 1714 1215 iecoris

914 1235 997 1268 quod
1024 1233 1190 1262 dicebatur
1206 1231 1320 1266 [lobus
1338 1231 1494 1267 Spigelii]
1513 1236 1590 1260 ante
1603 1233 1714 1261 omnia

914 1282 954 1309 ab
995 1280 1037 1307 iis
1075 1279 1342 1308 considerabatur
1373 1277 1413 1306 cf.
1446 1278 1512 1306 Cic.
1544 1280 1565 1306 l.
1606 1280 1627 1306 l.
1661 1277 1712 1315 13,

916 1324 967 1354 32.
998 1327 1077 1354 Luc.
1108 1322 1143 1362 1,
1177 1321 1254 1360 627,
1286 1331 1380 1357 quem
1414 1324 1521 1352 1001101
1545 1332 1565 1353 0
1588 1333 1620 1353 v.
1646 1322 1713 1353 585

914 1371 1093 1400 contulisse
1134 1378 1198 1398 non
1237 1369 1368 1405 pigebit.
1422 1366 1579 1405 „Parent
1607 1376 1714 1400 autem

913 1422 961 1446 031
998 1417 1196 1452 peritissime
1236 1412 1489 1452 agnoscuntur.“
1530 1418 1562 1445 S.
1622 1418 1715 1453 Cogit

915 1471 972 1492 eas
1012 1471 1075 1498 res,
1116 1466 1149 1491 ut
1195 1470 1309 1491 verum
1343 1462 1486 1496 prodant.
1528 1478 1567 1482 —
1601 1464 1715 1498 Itaque

913 1510 1031 1539 Asilas
1068 1513 1097 1538 01
1127 1517 1168 1538 ex
1203 1508 1290 1537 fibris
1322 1508 1479 1543 pecudum
1510 1513 1539 1536 et
1571 1508 1715 1538 siderum

914 1560 996 1591 ortu,
1022 1560 1109 1584 statu
1129 1559 1156 1584 et
1184 1562 1321 1587 occasu,
1353 1562 1395 1583 ex
1421 1554 1534 1583 avium
1559 1559 1654 1584 000111
1684 1560 1715 1584 et

915 1604 1038 1637 volatu,
1062 1610 1104 1630 ex
1127 1601 1263 1630 fulmine
1290 1600 1399 1629 futura
1424 1604 1528 1635 potest
1553 1602 1714 1630 divinare.

913 1650 951 1676 In
984 1648 1114 1677 Etruria
1144 1651 1251 1676 autem
1286 1647 1392 1675 omnis
1422 1654 1478 1675 ars
1501 1648 1715 1682 haruspicina

913 1694 1043 1723 florebat
1074 1693 1133 1728 [de
1165 1701 1204 1722 ea
1234 1693 1273 1722 cf.
1306 1691 1342 1730 3,
1377 1690 1441 1720 360
1471 1694 1578 1729 sqq),
1611 1701 1713 1729 eaque

915 1744 983 1768 arte
1004 1740 1149 1769 maxime
1176 1739 1340 1773 principes
1365 1740 1560 1768 docebantur
1583 1740 1650 1769 Cic.
1677 1741 1715 1768 de

915 1786 980 1814 div.
1015 1783 1045 1821 1,
1072 1782 1125 1813 41.
1163 1786 1260 1821 Legg.
1288 1782 1318 1819 2,
1341 1782 1371 1813 9.
1405 1785 1480 1813 Val.
1506 1787 1595 1814 Max.
1623 1783 1652 1821 1,
1683 1783 1714 1823 1,

916 1829 957 1866 2.,
983 1835 1012 1859 01
1036 1832 1091 1860 vel
1116 1830 1245 1859 Claudii
1262 1834 1403 1864 tempore
1416 1837 1487 1859 eam
1505 1831 1715 1866 disciplinam

918 1877 1095 1906 retinebant
1126 1877 1200 1906 Tac.
1234 1877 1301 1905 An.
1327 1872 1380 1912 11,
1408 1873 1459 1904 15.
1508 1877 1592 1906 Hinc
1618 1878 1716 1907 etiam

919 1928 1013 1958 poeta
1041 1925 1213 1952 Etruscum
1245 1923 1356 1951 ducem
1387 1923 1593 1957 haruspicem
1629 1924 1715 1953 fecit.

918 1971 955 1998 In
999 1970 1106 1998 Tusca
1143 1973 1249 1997 autem
1291 1968 1494 1997 divinatione
1543 1969 1715 1998 fulminum

919 2016 1093 2050 praecipue
1117 2014 1262 2044 doctrina
1293 2015 1424 2043 exculta
1448 2018 1512 2051 est,
1538 2019 1567 2044 et
1581 2013 1716 2055 fulgu-

916 2063 1051 2090 ratores
1077 2068 1194 2098 magno
1214 2061 1247 2088 in
1269 2062 1390 2089 honore
1412 2065 1514 2093 erant,
1541 2062 1595 2096 qui
1616 2062 1714 2091 etiam

916 2107 1059 2136 fulmina
1111 2115 1147 2136 se
1196 2107 1313 2136 elicere
1358 2115 1454 2141 posse
1492 2108 1717 2143 gloriabantur

915 2154 1002 2182 Plin.
1036 2152 1073 2191 2,
1105 2151 1165 2190 53,
1196 2150 1238 2180 54
1277 2160 1345 2188 sqq.
1377 2156 1407 2181 et
1436 2154 1475 2181 ad
1509 2154 1656 2188 quintum
1683 2163 1714 2189 p.

918 2200 992 2228 Chr.
1035 2208 1065 2228 n.
1106 2200 1275 2228 saeculum
1314 2205 1354 2228 ea
1382 2205 1438 2227 ars
1468 2198 1609 2234 vigebat.
1665 2200 1714 2229 Cf.

918 2246 1032 2274 Claud.
1057 2246 1090 2274 in
1113 2247 1199 2274 Eutr.
1228 2242 1263 2280 1,
1290 2242 1343 2273 12.
1390 2245 1582 2282 Astrologia
1607 2249 1716 2275 autem

916 2294 956 2320 ab
977 2292 1118 2321 Asianis
1145 2292 1178 2320 in
1201 2290 1332 2319 Italiam
1363 2291 1490 2319 videtur
1513 2300 1587 2320 esse
1608 2296 1717 2320 trans-

916 2339 994 2366 lata.
1057 2338 1116 2372 Qui
1161 2344 1233 2366 eam
1274 2339 1484 2370 exercebant,
1542 2334 1717 2372 Clmldaeffi⁴

916 2385 1039 2412 Romae
1091 2384 1288 2412 dicebantur.
1360 2384 1407 2411 Ea
1454 2383 1644 2412 describitur
1695 2391 1718 2412 a.

916 2431 1049 2459 Lucano
1082 2427 1116 2465 1,
1148 2434 1228 2459 extr.
1279 2430 1339 2457 Sed
1375 2430 1458 2464 apud
1492 2431 1616 2459 Tuscos
1650 2429 1716 2458 iam

917 2477 1096 2511 antiquitus
1121 2475 1226 2504 fuisse
1255 2483 1327 2507 eam
1351 2480 1452 2504 artem
1465 2479 1494 2504 et
1511 2477 1610 2504 multo
1631 2479 1716 2513 ante,

917 2530 1014 2557 (111010
1058 2522 1108 2550 1111
1150 2522 1307 2551 Chaldaei
1350 2522 1485 2550 Romam
1530 2522 1716 2558 implebant,

917 2576 958 2597 ex
986 2571 1046 2596 hoc
1080 2569 1149 2597 loco
1174 2569 1427 2603 demonstratur,
1462 2567 1524 2596 etsi
1548 2568 1636 2596 alius
1661 2567 1718 2602 qui

917 2614 1001 2643 idem
1025 2616 1131 2648 probet
1163 2621 1225 2641 non
1258 2617 1375 2642 exstat.
1425 2614 1486 2641 Sed
1520 2614 1549 2641 31
1574 2614 1718 2643 Druidae

917 2661 1002 2694 apud
1023 2661 1135 2687 Gallos
1156 2659 1270 2693 [Caes.
1294 2659 1357 2687 BG.
1379 2657 1408 2692 6,
1434 2657 1486 2687 14.
1510 2661 1585 2688 Mel.
1606 2658 1635 2696 3,
1664 2658 1716 2696 2.)

917 2706 1059 2734 siderum
1075 2705 1252 2734 doctrinam
1278 2707 1449 2739 habebant,
1481 2705 1511 2733 si
1531 2706 1718 2741 Tyrrhenos

918 2760 959 2780 ex
985 2751 1088 2784 Asia,
1119 2751 1314 2787 astrologiae
1341 2758 1423 2784 quae
1447 2755 1497 2779 est
1519 2755 1631 2788 mater,
1655 2752 1718 2780 im-

918 2797 1079 2833 migrasse
1101 2801 1238 2833 constat,
1260 2797 1290 2824 si
1308 2797 1432 2826 Tuscos
1457 2798 1597 2826 omnium
1618 2806 1718 2833 popu-

918 2845 1021 2871 lorum
1052 2843 1266 2871 divinationis
1299 2843 1438 2879 legimus
1464 2843 1569 2872 fuisse
1589 2844 1719 2878 peritis-

919 2889 1021 2917 simos
1050 2893 1079 2917 et
1109 2889 1356 2924 cupidissimos,
1389 2898 1494 2918 nonne
1524 2890 1655 2927 mirum,
1689 2891 1720 2919 si

920 2942 993 2971 ars,
1026 2942 1108 2968 quae
1134 2935 1268 2971 Virgilii
1291 2938 1433 2970 tempore
1457 2944 1584 2965 summo
1610 2937 1718 2965 studio

920 2982 1088 3010 colebatur
1117 2982 1251 3015 Romae,
1280 2988 1301 3010 a
1330 2982 1448 3011 Tuscis
1485 2985 1538 3011 0111
1571 2982 1719 3019 ignorata

921 3026 1016 3056 fuerit
1039 3031 1094 3056 aut
1119 3028 1250 3062 spreta?
