2023 3350
739 108 974 143 AENEIDOS
1005 111 1090 144 LIB.
1116 112 1157 144 ΙΙ.

1714 115 1766 154 65

129 220 314 264 Creditis
353 225 526 264 avectos
561 221 734 264 hostes?
784 226 860 265 aut
889 223 980 265 ulla
1018 224 1182 277 putatis

128 280 254 322 Dona
285 292 432 321 carere
469 279 580 321 dolis
613 280 840 322 Danaum?
889 281 949 322 sic
986 286 1114 323 notus
1152 281 1330 325 Ulixes?

128 338 216 379 Aut
254 336 336 378 hoc
373 336 528 379 inclusi
565 337 681 392 ligno
721 338 992 381 occultantur
1028 339 1189 391 Achivi,

129 395 217 436 Aut
247 394 353 436 haec
386 395 430 436 in
469 398 642 437 nostros
681 395 895 438 fabricata
933 400 998 438 est
1037 397 1236 439 machina
1272 412 1428 450 muros,

128 453 383 506 Inspectura
416 452 566 495 domos
602 457 866 508 venturaque
903 453 1085 508 desuper
1118 454 1227 506 urbi,

127 511 215 552 Aut
252 510 409 563 aliquis
442 511 549 552 latet
582 525 721 553 error:
761 525 871 566 equo
907 526 959 554 ne
999 511 1180 565 credite,
1222 512 1392 564 Teucri3

129 566 348 621 Quidquid
382 567 428 610 id
464 572 549 620 est,
591 569 720 611 timeo
754 570 928 611 Danaos
967 573 1009 611 et
1042 569 1157 611 dona
1191 569 1386 611 ferentes.

130 625 200 667 Sic
231 624 370 677 fatus,
418 626 571 668 validis
601 627 815 680 ingentem
848 626 1008 669 viribus
1041 627 1211 669 hastam

1716 630 1770 669 50

127 684 178 725 In
216 682 332 725 latus
369 684 499 737 inque
533 684 613 726 feri
654 698 828 726 curvam
863 684 1140 739 compagibus
1175 684 1320 726 alvum

130 741 359 783 Contorsit.

421 741 550 783 Stetit
584 742 659 783 illa
697 746 903 794 tremens,
944 746 1154 796 uteroque
1189 754 1363 784 recusso

127 799 359 841 Insonuere
395 813 523 840 cavae
562 800 850 854 gemitumque
889 799 1045 842 dedere
1082 813 1306 854 cavernae3

127 857 185 898 Et
219 857 255 898 si
294 856 386 898 fata
423 857 570 909 deum,
615 858 650 899 si
687 872 804 900 mens
840 872 926 899 non
964 858 1087 899 laeva
1126 857 1288 909 fuisset,

128 914 367 968 Impulerat
406 913 520 956 ferro
556 915 782 969 Argolicas
818 915 992 957 foedare
1027 915 1240 966 latebras,

128 972 342 1025 Troiaque
380 986 494 1013 nunc
532 976 687 1025 staret,
732 973 976 1026 Priamique
1008 986 1087 1014 arx
1122 972 1212 1014 alta
1247 984 1452 1012 maneres.

246 1030 373 1081 Ecce,
415 1044 566 1072 manus
604 1031 797 1072 iuvenem
835 1031 999 1072 interea
1034 1034 1133 1084 post
1169 1033 1294 1083 terga
1324 1028 1559 1070 revinctum

176 1156 231 1187 45.
257 1160 349 1187 Hunc
381 1166 515 1187 versum
545 1159 769 1194 adscripsisse
795 1159 924 1193 vgtium

132 1208 218 1240 putat
247 1201 318 1240 Rb,
357 1208 387 1232 ut
414 1205 588 1239 aliquando
613 1212 705 1240 eum,
739 1207 793 1233 vel
822 1202 865 1233 46
895 1209 924 1232 et

131 1249 173 1279 47
200 1250 345 1284 eligeret.
394 1251 459 1277 Sed
492 1255 627 1285 apparet
661 1251 781 1285 opponi
807 1252 924 1278 debere

129 1297 251 1330 duplex
277 1297 357 1332 aut,
391 1296 444 1324 cui
470 1301 576 1330 potest
606 1297 739 1331 adiungi
764 1298 825 1326 aut
854 1293 924 1324 ali-

129 1338 206 1381 quis
235 1338 320 1370 latet
351 1348 462 1379 error,
490 1342 522 1370 in
550 1350 611 1376 qun
639 1342 926 1377 comprehenditur

129 1391 299 1421 utrumque
340 1392 369 1415 et
417 1389 633 1422 quodcunque
682 1389 768 1416 aliud
817 1392 924 1423 potest

128 1432 214 1462 fingi.

173 1477 227 1507 48.
253 1475 383 1517 aliquis
419 1477 460 1507 cf.
496 1480 550 1507 Gr.
584 1478 605 1511 ἕ
638 1477 720 1514 386,
746 1479 786 1507 Α.
811 1478 843 1507 2.
881 1494 925 1498 —-

134 1521 260 1560 Error,
298 1523 408 1561 fraus,
441 1524 470 1552 id
493 1525 577 1558 quod
602 1525 633 1552 in
659 1532 802 1553 errorem
827 1525 925 1561 ducit,

129 1569 171 1598 cf.
199 1570 230 1606 6,
255 1568 310 1598 27.

173 1615 227 1645 49.
257 1612 436 1656 Quidquid
464 1612 501 1644 id
528 1617 596 1651 est,
636 1616 854 1652 indicativus,
893 1621 926 1644 ιιι

129 1661 160 1700 1,
186 1660 271 1698 601,
299 1662 330 1690 in
358 1662 478 1690 talibus
504 1662 698 1690 dictionibus
726 1664 811 1697 apud
839 1663 927 1691 Lati-

127 1716 189 1736 nos
212 1708 386 1742 legitimus.
419 1707 467 1737 Cf.
492 1709 544 1735 Gr.
569 1708 591 1742 S
615 1708 692 1736 395.
713 1723 755 1728 —
780 1710 810 1736 et
833 1706 927 1737 dona

122 1753 295 1792 ferentes:
316 1755 434 1789 „etiam
451 1761 546 1788 quum
570 1756 650 1782 ultro
666 1755 801 1783 offerunt
819 1753 926 1783 donw‘

129 1802 161 1828 S.
212 1799 287 1828 Alia
310 1805 358 1828 est
388 1800 582 1834 explicatio:
618 1805 713 1834 atque
739 1801 835 1829 etiam
863 1806 928 1828 tum

128 1845 270 1873 maxime
305 1853 402 1879 quum
433 1846 519 1873 dona
550 1845 672 1878 ferunt:
718 1851 747 1874 ut
779 1854 831 1881 ap.
860 1847 928 1875 Cic.

130 1899 177 1925 pr.
201 1890 273 1919 Dei.
299 1890 341 1918 10
370 1888 604 1919 Calamitosus
634 1888 831 1927 Deiotarus,
858 1890 928 1932 qui,

131 1939 162 1965 et
190 1934 233 1964 ab
261 1943 316 1972 eo,
356 1934 415 1975 qui
445 1934 479 1964 in
507 1933 629 1965 iisdem
656 1935 780 1967 castris
802 1936 927 1975 fuerit,

128 1983 320 2011 accusetur.
370 1990 414 2016 pr.
441 1982 507 2010 Mil.
532 1982 587 2017 25,
612 1982 689 2010 671.
729 1986 812 2011 Man.
842 1983 872 2019 3,
898 1984 926 2012 7.

131 2033 191 2056 etc.
242 2029 304 2055 Sed
348 2036 387 2055 ea
420 2028 472 2056 vis
510 2036 574 2055 non
608 2028 691 2056 inest
735 2030 927 2063 particulae,

129 2075 211 2108 „sed
245 2073 328 2101 inest
358 2074 389 2101 in
423 2073 595 2101 collocatis
631 2074 767 2108 reliquis
804 2076 929 2111 verbis,

130 2127 215 2154 quae
240 2127 305 2147 rem
333 2119 535 2154 explicantf*
562 2120 665 2147 Hand.
702 2135 745 2139 ἡ
785 2121 838 2148 Sic
865 2128 930 2159 que

134 2166 186 2201 10,
215 2163 291 2193 874.

176 2211 230 2239 51.
253 2208 337 2247 feri.
386 2212 424 2238 Et
444 2208 530 2248 sera
562 2210 629 2245 (sc.
658 2210 782 2245 hestia)
815 2215 844 2238 el
868 2210 928 2247 fe-

130 2265 206 2285 rum
235 2257 359 2292 dicitur,
386 2257 455 2291 (se.
483 2255 623 2290 animal]
651 2257 734 2284 unde
763 2264 836 2290 gen.
858 2253 931 2292 feri

131 2304 192 2331 OV.
218 2305 258 2331 M.
282 2302 314 2338 8,
339 2302 415 2330 355.
440 2301 524 2336 382;
550 2310 620 2330 acc.
642 2301 760 2339 ferum
792 2302 820 2338 7,
842 2301 928 2336 4⁸³st

130 2350 194 2376 dat.
227 2345 319 2386 seris
357 2347 396 2383 5,
423 2346 501 2375 818.
575 2349 638 2376 Sed
686 2350 789 2376 habes
833 2348 930 2376 etiam

130 2395 348 2423 masculinum
378 2395 463 2428 apud
498 2394 556 2421 Ov.
584 2396 624 2421 Μ.
649 2392 680 2429 S,
705 2392 772 2421 422
803 2390 929 2422 immu-

130 2448 277 2478 nemque
310 2438 427 2477 ferum
464 2436 574 2467 multa
603 2436 726 2468 tellure
761 2436 928 2468 iacentem

137 2483 306 2514 Mirantes
334 2487 502 2524 spectant.
535 2487 624 2513 Fast.
652 2484 679 2521 l,
701 2484 768 2513 550
797 2482 931 2514 Traxe-

131 2533 188 2560 ναί
211 2538 350 2559 aversos
377 2528 488 2560 Cacus
512 2527 545 2558 in
572 2532 676 2559 antra
692 2529 801 2568 feros.

177 2575 232 2604 52.
257 2573 339 2612 illa,
365 2578 481 2610 hasta;
521 2576 615 2605 cuius
641 2583 760 2611 magna
782 2577 813 2604 vi
838 2577 927 2611 ligno

132 2623 296 2657 impactae
319 2627 439 2650 tremor
462 2623 544 2649 bene
573 2626 718 2658 notatur,
744 2627 774 2650 ut
802 2619 929 2662 ingens

130 2669 163 2697 fit
184 2671 281 2696 hasta
307 2668 430 2696 viribus
456 2667 586 2703 validis,
616 2668 732 2702 quibus
758 2668 899 2696 mittitur.

177 2713 230 2742 53.
260 2711 446 2742 Insonuere
467 2721 575 2741 cavae
599 2721 767 2741 cavernae
785 2714 804 2741 i.
824 2722 852 2741 e.
872 2714 928 2751 ita,

135 2765 165 2788 ut
189 2767 294 2789 cavas
325 2766 384 2787 eas
411 2766 490 2787 esse
521 2759 540 2786 i.
565 2767 593 2787 e.
620 2759 693 2792 equi
721 2764 845 2787 uterum
872 2767 930 2788 ca-

133 2813 209 2834 vum
236 2813 315 2834 esse
344 2805 441 2834 facile
468 2812 589 2839 posses
616 2812 839 2839 cognoscere:
881 2802 930 2834 sie

133 2849 290 2892 klangen
327 2847 427 2884 ΙιοΙιΖ,
467 2847 521 2878 als
557 2846 668 2879 hohle.
723 2851 929 2880 Adiectivum

132 2897 218 2925 enim
251 2904 480 2931 nonnunquam
513 2903 574 2924 nec
609 2897 830 2930 praedicatum
868 2905 929 2926 nec

134 2943 331 2979 attributum,
359 2942 454 2978 (quid
482 2942 567 2970 enim
595 2949 699 2969 cavae
721 2942 928 2977 cavernae&

133 2989 192 3017 sed
219 2989 327 3023 potius
352 2988 477 3016 dixeris
502 2987 707 3024 appositum3
728 2988 768 3017 cf.
795 2987 827 3026 5,
855 2987 929 3017 137.

133 3031 372 3074 gemitumque
395 3031 519 3063 dedere
545 3032 585 3061 cf.
610 3032 686 3061 698.

1017 1158 1070 1187 54.
1102 1155 1193 1187 Fata
1225 1155 1323 1187 deum
1359 1163 1467 1191 „quae
1500 1155 1542 1183 dii
1573 1154 1770 1190 loquuntur‘·

972 1208 1004 1233 S.
1033 1205 1072 1232 cf.
1103 1203 1179 1232 257.
1224 1219 1267 1222 —
1321 1200 1475 1238 Laevus,
1518 1209 1699 1236 perversus
1739 1206 1771 1230 ut

971 1252 1039 1279 Ecl.
1078 1251 1103 1285 1,
1132 1249 1169 1278 16
1205 1247 1233 1278 si
1270 1256 1365 1277 mens
1393 1256 1461 1276 non
1499 1243 1603 1276 laeva
1629 1244 1770 1283 fuisset.

974 1298 1048 1325 Hor.
1077 1299 1116 1325 A.
1143 1297 1176 1324 P.
1202 1294 1261 1322 301
1293 1303 1311 1323 ο
1338 1302 1403 1334 ego
1430 1289 1573 1321 laevus!
1626 1290 1665 1321 Si
1684 1291 1770 1331 fata

973 1340 1072 1370 deum
1098 1350 1144 1370 sc.
1169 1338 1332 1378 fuissent,
1357 1340 1535 1368 eruendum
1562 1341 1624 1367 hoc
1647 1347 1689 1367 ex
1714 1348 1771 1367 se-

972 1392 1089 1422 quente
1116 1384 1246 1425 suisset
1282 1386 1321 1414 cf.
1361 1386 1387 1421 l,
1421 1385 1468 1414 16.
1518 1385 1582 1413 Alii
1617 1387 1770 1420 supplent

972 1441 998 1463 s.
1018 1432 1050 1470 f.
1080 1430 1113 1461 d.
1141 1441 1206 1461 non
1233 1430 1334 1460 laeva
1355 1427 1522 1469 fuissent.

1017 1478 1070 1507 55.
1099 1475 1296 1518 impulerat.
1347 1478 1477 1506 Certum
1503 1480 1582 1512 erat,
1611 1484 1682 1504 eum
1708 1485 1770 1505 nos

973 1525 1164 1560 impulisse,
1200 1524 1227 1553 si
1259 1523 1324 1552 fata
1358 1532 1421 1551 non
1457 1523 1671 1551 obstitissent.
1722 1522 1770 1552 Cf.

974 1574 1026 1600 Gr.
1054 1571 1075 1603 ξ
1103 1569 1179 1598 40³.
1205 1586 1247 1589 —
1281 1566 1425 1609 Impello
1449 1576 1521 1597 cum
1545 1568 1700 1596 infinitivo
1723 1570 1771 1596 le-

973 1618 1057 1651 gitur
1088 1615 1114 1653 l,
1142 1615 1192 1644 11.
1226 1614 1258 1652 2,
1283 1614 1352 1643 250
1377 1619 1406 1643 et
1433 1622 1484 1649 ap.
1513 1616 1589 1643 Tac.
1617 1619 1644 1642 et
1672 1614 1772 1644 Iusti-

973 1670 1048 1691 num
1074 1662 1114 1691 cf.
1139 1660 1192 1690 33.
1219 1676 1263 1681 ——
1290 1657 1447 1690 Foedere
1473 1659 1703 1696 „dilacerare“
1727 1663 1771 1698 S„

974 1711 1169 1741 vulnerare.
1202 1715 1299 1742 quum
1324 1707 1442 1741 quovis
1468 1708 1605 1735 vulnere
1629 1707 1771 1741 quodvis

976 1757 1030 1783 vel
1067 1753 1294 1783 foedissimum
1328 1760 1450 1786 corpus
1484 1752 1632 1781 foedetur
1667 1752 1708 1781 cf.
1740 1752 1771 1789 3,

973 1799 1051 1829 241.
1078 1799 1110 1836 4,
1128 1799 1205 1828 673.
1232 1800 1262 1832 7,
1279 1797 1356 1827 575.
1383 1799 1451 1826 Tib.
1469 1796 1499 1835 4,
1524 1798 1551 1835 l,
1569 1798 1622 1826 57.
1650 1799 1710 1827 Ov.
1729 1801 1771 1826 M.

975 1846 1006 1882 3,
1028 1846 1104 1875 522.
1137 1845 1186 1882 14,
1210 1844 1281 1873 190.

1019 1892 1073 1921 56.
1101 1893 1208 1921 staret
1235 1906 1279 1910 -
1308 1897 1466 1919 maneres
1496 1892 1560 1929 Μγ.
1608 1890 1637 1918 Α
1669 1890 1773 1918 ιιοιιιὶ-

974 1939 1085 1966 nativo
1111 1939 1151 1966 ad
1177 1937 1366 1965 vocativum
1390 1941 1559 1965 transeunt
1583 1940 1718 1972 poetae,
1743 1936 1772 1965 si

976 1985 1073 2012 animi
1112 1984 1250 2013 affectus
1286 1983 1434 2017 erumpit.
1483 1982 1530 2011 Cf.
1570 1981 1596 2017 l,
1621 1980 1700 2010 555.
1739 1981 1772 2019 2,

975 2029 1051 2057 429.
1079 2028 1111 2066 3,
1138 2029 1209 2057 118.
1235 2028 1310 2057 371.
1339 2029 1369 2064 6,
1392 2027 1442 2056 18.
1470 2027 1500 2061 7,
1521 2026 1597 2057 684.
1627 2026 1772 2063 10,542.

976 2076 1036 2102 Ov.
1062 2077 1096 2102 F.
1121 2075 1153 2110 ⁶2,
1179 2073 1257 2103 492.
1279 2091 1323 2093 —
1349 2077 1462 2102 stares
1482 2089 1527 2093 —
1551 2081 1709 2102 maneres
1735 2076 1772 2103 R.

975 2122 1017 2148 al.
1050 2136 1093 2139 ——
1124 2121 1248 2155 staret,
1274 2135 1318 2139 —
1343 2122 1392 2148 ret
1418 2120 1641 2155 Apronianus,
1665 2127 1712 2148 sc.
1742 2125 1774 2148 ut

976 2167 1091 2194 eadem
1129 2170 1220 2194 esset
1257 2165 1450 2194 terminatio.
1500 2167 1621 2194 Contra
1661 2167 1772 2194 Serv.:

976 2214 1130 2245 „starcs,
1169 2211 1197 2239 si
1225 2212 1332 2239 staret
1358 2211 1498 2245 legeris,
1535 2218 1691 2239 maneres
1718 2220 1774 2240 se-

977 2258 1100 2292 quitur,
1125 2260 1256 2291 propter
1280 2247 1585 2293 ὁμοιοτέλευτον.“
1614 2270 1656 2275 -
1686 2258 1774 2285 Lao-

977 2311 1061 2331 coon
1087 2310 1159 2331 cum
1186 2308 1305 2334 magna
1329 2307 1426 2328 manu
1452 2307 1649 2337 accurrens,
1675 2304 1773 2330 talem

978 2348 1051 2376 fecit
1086 2348 1116 2376 in
1149 2354 1266 2382 equum
1303 2347 1474 2382 impetum,
1513 2351 1545 2374 ut
1574 2346 1637 2374 nisi
1662 2349 1773 2376 alvum

976 2395 1157 2429 tetigisset.
1199 2393 1251 2421 uhi
1287 2392 1502 2426 compagibus
1539 2392 1772 2430 continebatur,

977 2449 1050 2468 eum
1078 2439 1296 2475 perforasset,
1328 2445 1433 2472 neque
1458 2437 1565 2465 minus
1587 2437 1774 2472 impulisset

977 2488 1016 2514 ad
1042 2494 1159 2521 equum
1187 2485 1369 2519 delendum,
1396 2483 1460 2512 nisi
1482 2483 1679 2512 adstantium
1703 2485 1774 2514 ani—

976 2540 1049 2561 mus
1071 2534 1110 2561 ad
1138 2539 1205 2560 rem
1232 2537 1350 2559 novam
1379 2534 1468 2557 esset
1495 2531 1692 2559 abstractus

1181 2608 1262 2639 Sino
1291 2606 1441 2638 Graecus
1467 2604 1509 2637 ad
1535 2605 1774 2638 consultantes

1178 2654 1346 2685 Troianos
1374 2651 1569 2683 adducitur.

1021 2713 1074 2742 57.
1104 2711 1193 2742 Ecce
1217 2713 1420 2747 repentinum
1447 2711 1577 2745 aliquod
1602 2710 1670 2740 fieri
1691 2711 1775 2740 indi-

977 2766 1028 2789 cat
1063 2764 1091 2788 et
1117 2760 1399 2794 inexspectatum,
1440 2765 1502 2791 quo
1532 2761 1639 2786 status
1666 2765 1773 2787 rerum

976 2809 1201 2834 commutatur.
1251 2804 1303 2833 Sic
1336 2803 1414 2831 318.
1446 2801 1523 2832 525.
1567 2802 1598 2841 3,
1624 2801 1701 2832 477.
1741 2803 1773 2840 7,

976 2851 1053 2880 2²36.
1098 2851 1149 2886 11,
1175 2849 1251 2878 226.
1281 2854 1309 2876 et
1339 2850 1490 2877 absolute
1513 2849 1629 2878 dicitur
1655 2849 1694 2878 cf.
1719 2851 1773 2878 Gr.

979 2898 1000 2930 ᾗ·
1017 2896 1056 2926 31
1070 2896 1094 2925 Ι.
1116 2913 1159 2917 -
1184 2896 1316 2924 Sinonis
1338 2896 1377 2923 de
1400 2894 1515 2923 fraude
1534 2895 1677 2924 narratio
1698 2899 1775 2929 post

978 2945 1154 2971 Homerum
1183 2944 1319 2977 vulgata
1343 2945 1411 2978 est,
1441 2944 1472 2969 et
1497 2942 1583 2976 apud
1605 2942 1773 2969 Romanos

977 2989 1009 3017 in
1034 2990 1154 3023 vulgus
1178 2993 1272 3023 nota,
1307 2988 1393 3021 quod
1416 2991 1546 3015 constat
1572 2994 1616 3015 ex
1638 2986 1774 3022 ratione,

977 3042 1042 3070 qua
1065 3034 1196 3063 Sinonis
1229 3032 1370 3062 meminit
1404 3034 1508 3061 Plaut.
1536 3034 1656 3061 Bacch.
1686 3029 1717 3069 4,
1742 3032 1775 3069 9,

1466 3077 1497 3121 5

975 2609 1131 2640 57—76.
