2023 3350
305 100 387 138 594

860 93 895 124 P.
921 91 1118 124 VIRGILII
1147 93 1361 126 MARONts

304 211 415 253 Solis
453 207 520 249 avi
556 204 787 259 specimen;
819 203 931 256 bigis
963 204 997 244 it
1034 204 1200 246 Turnus
1236 205 1280 246 in
1312 205 1433 257 albis,

304 269 412 310 Bina
452 277 581 304 manu
617 262 708 303 lato
747 261 939 314 crispans
973 261 1148 302 hastilia
1183 261 1314 313 ferro3

443 325 566 374 pater
602 320 787 369 Aeneas,
827 319 1043 360 Romanae
1079 318 1226 371 stirpis
1261 320 1393 372 origo,

304 325 412 365 Hinc

1849 261 1927 299 165

305 379 476 422 Sidereo
513 377 700 429 flagrans
739 375 875 429 clipeo
919 379 962 417 et
1001 375 1254 417 caelestibus
1290 377 1432 426 armis,

303 437 359 478 Et
393 436 516 476 iuxta
551 433 774 485 Ascanius,
808 446 988 486 magnae
1022 447 1117 486 spes
1149 431 1286 473 altera
1321 434 1489 484 Romae,

303 492 546 535 Procedunt
584 491 758 541 castris,
795 504 989 544 puraque
1021 491 1066 532 in
1099 493 1214 532 veste
1245 490 1443 531 sacerdos

304 549 514 603 Saetigeri
552 548 683 590 fetum
716 547 803 589 suis
842 548 1139 601 intonsamque
1170 545 1388 588 bidentem

1849 545 1929 584 170

304 608 480 658 Attulit,
517 605 794 658 admovitque
829 619 958 658 pecus
997 604 1280 659 flagrantibus
1321 605 1419 645 aris.

304 665 374 707 Illi
411 664 466 705 ad
501 667 746 716 surgentem
785 662 973 704 conversi
1011 662 1173 704 lumina
1206 661 1338 703 solem

299 723 420 764 Dant
456 721 601 774 fruges
640 719 835 761 manibus
872 720 1029 771 salsas,
1069 724 1111 761 et
1146 724 1343 773 tempora
1376 718 1490 759 ferro

305 780 478 822 Summa
515 782 667 819 notant
698 777 930 831 pecudum,
963 778 1209 831 paterisque
1243 776 1400 818 altaria
1433 776 1582 817 libant.

304 837 411 878 Tum
444 837 538 890 pius
572 836 737 877 Aeneas
774 836 923 876 stricto
956 836 1016 876 sic
1054 848 1152 876 ense
1186 838 1411 888 precatur:

1851 830 1929 869 175

306 895 411 936 Esto
449 907 560 935 nunc
599 893 672 934 Sol
707 892 830 933 testis
867 896 908 934 et
943 892 1050 934 haec
1085 892 1190 933 mihi
1224 892 1357 933 Terra
1398 889 1591 944 precanti

306 953 442 1003 Quam
476 954 656 1005 propter
691 953 837 991 tantos
873 950 993 1004 potui
1028 949 1218 1004 perferre
1255 949 1436 997 labores,

305 1010 362 1051 Et
398 1009 524 1050 Pater
562 1007 832 1060 omnipotens
868 1011 912 1048 et
950 1012 997 1048 tu
1032 1007 1234 1049 Saturnia
1275 1006 1469 1056 coniunX,

304 1068 396 1109 Iam
437 1066 604 1117 melior,
643 1065 748 1116 iam,
788 1065 903 1116 diva,
945 1079 1116 1119 precor,

307 1124 472 1166 Cuncta
508 1127 582 1164 tuo
623 1122 695 1176 qui
732 1122 864 1175 bella,
903 1126 1048 1176 pater,
1086 1122 1163 1164 sub
1196 1122 1367 1164 numine
1404 1124 1598 1173 torques;

354 1297 426 1326 164.
456 1295 549 1327 Solis
573 1293 632 1326 aui
655 1297 696 1325 cf.
722 1297 752 1333 7,
779 1296 832 1325 47.
865 1313 906 1316 —
932 1294 1025 1337 bigis
1057 1294 1092 1325 in

307 1341 415 1373 albis.-
435 1345 541 1372 Albae
566 1343 657 1377 bigae
681 1348 767 1378 sunt,
790 1343 907 1377 quihus
934 1344 1006 1377 equi
1029 1343 1093 1371 albi

306 1390 404 1418 iuncti
428 1394 505 1418 sunt
531 1388 572 1417 cf.
594 1387 639 1416 84
663 1393 695 1416 et
720 1386 798 1416 287.

357 1434 429 1463 165.
451 1435 541 1462 Idem
570 1441 690 1462 versus
720 1432 745 1468 1,
769 1432 846 1461 313.

353 1478 427 1508 167.
453 1476 656 1508 caelestibus
678 1475 800 1514 armis,
837 1485 855 1506 a
875 1479 1022 1507 vulcano
1045 1477 1095 1506 fa-

307 1527 387 1558 etis,
413 1532 430 1554 a
456 1526 583 1554 Venere
611 1524 706 1552 datis.
759 1521 923 1552 Sidereus
953 1529 1003 1552 est
1036 1524 1095 1551 cli-

307 1580 400 1608 peuS,
423 1572 507 1605 quod
533 1568 634 1610 ignes
657 1566 762 1598 vomit
790 1568 839 1605 10,
866 1567 943 1597 271.

355 1626 428 1655 168.
454 1633 608 1665 magnae
655 1632 732 1664 spes
779 1622 895 1654 altera
945 1623 1096 1654 Rornae.-

306 1673 414 1702 Prima
461 1675 512 1700 est
552 1671 696 1699 Aeneas.
747 1672 834 1698 Haec
886 1671 924 1698 de
960 1671 1094 1704 Virgilio

306 1720 518 1747 exclamasse
542 1716 656 1744 dicitur
676 1716 797 1748 Cicero,
826 1723 923 1749 quum
946 1716 1095 1749 eclogam

308 1769 437 1793 sextam
464 1766 581 1797 poetae
607 1762 638 1789 in
664 1763 789 1789 theatro
822 1760 953 1788 recitari
982 1761 1096 1788 audis-

307 1813 368 1845 set,
393 1813 423 1836 et
447 1808 479 1835 in
505 1813 600 1835 suam
622 1811 653 1834 et
676 1806 708 1834 in
728 1806 852 1841 Virgilii
874 1807 1016 1834 laudem.
1048 1805 1096 1835 cf.

308 1857 400 1882 Serv.
427 1853 467 1881 ad
493 1854 563 1880 Ecl.
588 1851 619 1887 6,
654 1851 705 1880 ll.

355 1898 429 1928 169.
451 1905 543 1938 pura
560 1898 760 1934 „impolluta
786 1904 851 1932 qua
869 1896 964 1925 festis
981 1896 1095 1925 diebus

307 1945 351 1974 uti
387 1948 629 1973 consueverant
658 1950 755 1972 sacra
794 1943 1028 1977 celebraturis*
1062 1945 1095 1970 S.

306 1998 443 2025 corpore
467 1993 499 2017 et
522 1989 672 2017 vestibus
700 1989 788 2023 puris
815 1996 928 2023 purum
953 1989 1095 2016 animum

305 2037 500 2065 indicantes.
549 2036 665 2062 Festus
698 2035 805 2062 Pauli:
850 2035 957 2065 „Pura
994 2034 1097 2062 vesti-

306 2088 414 2111 menta
440 2080 631 2109 sacerdotes
656 2081 695 2108 ad
708 2079 903 2108 sacrificium
922 2081 1094 2108 habehant.

306 2128 337 2156 id
376 2131 427 2155 est
469 2133 532 2154 non
571 2125 674 2153 obsita
711 2125 771 2160 (cf.
803 2127 925 2153 Lucan.
960 2123 996 2157 2,
1029 2123 1094 2152 367

306 2169 418 2202 obsita
444 2170 594 2208 funerea
625 2168 757 2200 celatur
790 2178 950 2210 purpura
977 2167 1097 2206 lana),

305 2226 371 2247 non
393 2217 559 2253 fulgurita,
586 2225 650 2245 non
674 2215 817 2254 funesta,
843 2224 907 2244 non
931 2218 1094 2245 maculam

306 2260 492 2293 ῐιεὴθηιίᾶὲι

356 2307 427 2337 170.
458 2304 638 2347 Saetigeri
669 2305 780 2341 fetum
814 2303 903 2340 suis,
949 2314 1093 2342 porcum,

305 2356 389 2389 quod
413 2354 525 2383 maluit
547 2352 712 2387 indicare,
751 2360 846 2386 quatu
878 2352 997 2380 dicere.
1045 2352 1093 2381 cf.

306 2402 345 2429 de
367 2402 430 2429 hoc
455 2406 544 2428 more
567 2399 713 2427 Romano
739 2397 770 2434 8,
801 2397 876 2426 641.
910 2399 1030 2427 Contra
1054 2399 1093 2426 li-

304 2448 382 2474 bros
414 2442 474 2474 Ld.
497 2444 608 2473 scribit
637 2441 845 2484 saetigerae.
894 2458 939 2462 -—
988 2445 1036 2472 De
1061 2451 1091 2472 v.

304 2488 425 2520 bidens
446 2490 487 2519 cf.
512 2489 545 2525 8,
569 2487 644 2518 544.
693 2490 817 2528 ..Ovem
845 2491 971 2517 Graeco
1003 2497 1091 2517 more

304 2536 428 2565 foederi
451 2532 627 2565 adhibuit.“
653 2537 685 2563 S.
717 2534 757 2563 cf.
784 2536 876 2563 Hom.
899 2535 935 2562 Il.
961 2533 991 2569 3,
1014 2533 1091 2563 246.

352 2579 425 2610 171.
454 2578 645 2610 Admovere
683 2588 788 2618 pecus
828 2577 900 2608 nris
930 2581 1092 2608 sollemne

305 2627 346 2657 cf.
369 2628 493 2656 Lucan.
526 2625 552 2662 l,
578 2623 654 2654 608.
680 2627 756 2655 Tac.
783 2626 844 2654 An.
864 2624 895 2660 2,
923 2623 975 2654 69.
1000 2628 1087 2656 Suet.

303 2673 405 2708 catig.
428 2671 483 2701 32.
526 2671 618 2707 Quod
643 2671 719 2700 alibi
742 2671 838 2699 etiam
866 2673 1020 2700 statuere
1042 2669 1091 2700 ad

304 2726 403 2748 aram
430 2717 471 2747 cf.
501 2716 532 2753 5,
556 2714 632 2745 237.

349 2761 422 2792 172.
449 2764 647 2803 surgentem
684 2758 806 2790 solem:
848 2762 941 2797 „Non
978 2761 1086 2795 utique

302 2817 387 2839 nunc
413 2811 520 2838 Solem
547 2811 733 2842 surgentem
768 2806 864 2841 dixit,
900 2807 1086 2836 iamdudum

302 2855 386 2883 enlm
410 2855 480 2884 dies
504 2857 590 2889 erat,
623 2854 681 2882 sed
712 2852 916 2886 disciplinam
947 2853 1085 2881 cerimo-

301 2899 425 2928 niarum
449 2904 584 2928 secutus
610 2903 670 2933 est,
697 2902 728 2926 ut
749 2898 909 2926 Orientem
934 2903 1085 2932 spectare

301 2944 420 2973 diceret
453 2953 544 2976 eum,
584 2944 637 2977 qui
667 2949 756 2972 esset
791 2942 1019 2977 precaturus.“
1048 2947 1081 2972 S.

302 2989 349 3017 cf.
376 2989 407 3022 8,
428 2989 480 3017 68.

1156 1069 1288 1118 tuque
1327 1063 1488 1105 inclute
1525 1060 1711 1109 Mavors,
1851 1116 1933 1156 180

1192 1294 1265 1324 173.
1291 1296 1339 1324 De
1371 1302 1458 1323 more
1491 1292 1616 1322 hostias
1649 1290 1802 1320 sacrandi
1835 1289 1876 1318 cf.
1902 1288 1933 1324 6,

1140 1340 1206 1371 245
1231 1348 1259 1369 et
1285 1344 1394 1369 Serv.:
1438 1342 1524 1376 „Far
1545 1343 1575 1366 et
1603 1339 1666 1374 sal,
1692 1337 1809 1371 quinus
1835 1338 1932 1364 rebus

1140 1392 1171 1416 et
1221 1387 1316 1416 cultri
1366 1386 1648 1421 adspergebantur
1693 1387 1724 1411 et
1769 1382 1934 1411 victimae.

1140 1436 1237 1461 Erant
1273 1437 1380 1461 autem
1421 1432 1507 1460 istae
1550 1429 1775 1465 probationes,
1822 1433 1932 1462 aptum

1140 1485 1244 1506 utrum
1266 1483 1357 1506 esset
1387 1478 1506 1505 animal
1538 1475 1710 1504 sacrificio.
1760 1474 1933 1507 Obliquum

1139 1524 1235 1551 etiam
1257 1525 1395 1551 cultrum
1418 1530 1438 1551 a
1465 1522 1569 1550 fronte
1600 1527 1703 1554 usque
1730 1521 1770 1548 ad
1795 1520 1932 1547 caudam

1140 1575 1214 1597 ante
1240 1568 1494 1596 immolationem
1526 1568 1646 1595 ducere
1677 1569 1931 1594 consueverant.

1141 1617 1210 1643 Hoc
1226 1619 1286 1644 est.
1312 1615 1394 1648 quod
1414 1613 1488 1641 dicit
1513 1614 1546 1641 et
1570 1610 1833 1651 temporafcrro
1849 1608 1933 1639 etc.“

1189 1668 1262 1698 174.
1287 1668 1420 1709 pateris
1444 1666 1506 1698 alt.
1528 1666 1584 1697 lib.
1609 1668 1651 1696 cf.
1679 1667 1708 1704 1,
1734 1664 1811 1696 729.

1190 1724 1264 1754 176.
1291 1723 1432 1754 vocanti
1455 1727 1509 1753 PR
1533 1725 1647 1753 iterum
1669 1725 1830 1759 legitur-vv.
1851 1723 1932 1756 181:

1140 1768 1299 1810 precanti
1323 1773 1363 1799 Μ.
1389 1773 1483 1799 Serv.
1501 1772 1594 1806 Don.,
1618 1771 1732 1798 iterum
1759 1770 1876 1804 legitur
1899 1777 1931 1797 v.

1145 1815 1216 1845 175.
1243 1818 1292 1845 Ab
1312 1818 1373 1844 hac
1392 1817 1489 1849 igitur
1513 1821 1602 1851 parte
1628 1823 1733 1849 aequo
1761 1820 1835 1843 sunt
1851 1815 1933 1851 iure,

1141 1864 1256 1891 deinde
1291 1862 1388 1890 etiam
1420 1864 1459 1890 ab
1495 1863 1599 1890 altera
1633 1866 1742 1896 parte;
1787 1868 1861 1889 nam
1900 1866 1931 1888 et

1140 1916 1264 1937 vocare
1301 1913 1330 1936 et
1369 1905 1507 1947 precari
1542 1905 1642 1936 deum
1681 1912 1770 1935 recte
1805 1907 1931 1941 dicitur,

1142 1960 1293 1988 precatur
1316 1958 1457 1982 autema
1480 1955 1552 1987 deo,
1576 1957 1607 1980 ut
1634 1953 1728 1981 testis
1749 1953 1812 1987 ipsi
1830 1953 1930 1987 adsim

1139 2008 1203 2028 rec.
1232 1997 1316 2040 Wg.
1346 1996 1408 2027 Ld.
1441 1997 1500 2028 Bb.
1535 2014 1580 2018 —-
1622 1996 1682 2027 Sol
1708 1996 1806 2028 testis
1830 1998 1872 2027 cf.
1899 1997 1931 2034 4,

1141 2043 1217 2074 607.

1190 2100 1261 2131 177.
1292 2104 1424 2131 Terram
1472 2103 1573 2137 hanc,
1619 2100 1745 2129 Italiam
1786 2100 1930 2137 invocat,

1139 2155 1234 2182 quatu
1281 2153 1312 2176 ut
1364 2149 1493 2177 tandem
1535 2147 1789 2183 adipisceretur,
1829 2148 1931 2175 multa

1140 2201 1262 2229 passus
1286 2198 1348 2222 est.
1374 2209 1416 2214 —
1441 2191 1552 2233 potui,
1578 2198 1609 2220 ut
1635 2189 1666 2229 7,
1692 2190 1768 2220 309.

1189 2249 1258 2278 178.
1290 2247 1460 2278 Saturnia
1484 2246 1636 2277 coniunx
1660 2250 1755 2288 PRyb
1779 2256 1846 2277 rec.
1865 2245 1929 2278 Rb.

1142 2292 1178 2324 S.
1226 2293 1310 2324 luno
1354 2298 1404 2324 Mc
1445 2299 1542 2329 atque
1583 2295 1613 2322 id
1662 2300 1791 2329 praeter
1843 2297 1928 2324 hunc

1137 2343 1243 2369 locum
1268 2342 1386 2375 ubique
1411 2340 1443 2377 3,
1468 2339 1544 2368 380.
1571 2339 1602 2376 5,
1628 2337 1703 2369 606.
1740 2340 1771 2377 9,
1792 2340 1823 2370 2.
1851 2338 1928 2370 745.

1138 2386 1215 2415 802.
1246 2386 1295 2416 lt).
1322 2385 1397 2415 760.
1429 2386 1478 2423 12,
1504 2384 1576 2415 156.
1602 2387 1688 2420 quod
1716 2387 1807 2415 docet
1839 2386 1928 2421 prius

1139 2439 1216 2461 esse
1238 2434 1422 2467 genuinum.
1455 2429 1503 2461 ΡΙ.
1528 2428 1808 2467 praetenlUNo
1829 2440 1928 2466 quum

1138 2478 1210 2512 quis
1241 2475 1369 2507 IUNX
1388 2479 1511 2513 legisse
1542 2479 1693 2506 videatur
1723 2483 1820 2512 atque
1853 2478 1928 2507 inde

1138 2524 1316 2558 scripsisse
1348 2522 1514 2553 coniunx!
1561 2526 1599 2552 Et
1630 2521 1717 2553 Iuno
1741 2524 1773 2552 in
1798 2526 1840 2552 Μ.
1866 2532 1928 2552 ex-

1137 2574 1290 2604 punctum
1316 2574 1376 2598 est.

1187 2623 1256 2653 179.
1283 2622 1424 2654 melior.-
1449 2626 1540 2655 Velis
1563 2625 1639 2655 mihi
1663 2633 1741 2655 esse
1760 2625 1926 2661 propitior,

1135 2678 1231 2706 quam
1265 2673 1373 2700 adhuc
1407 2671 1509 2701 suisti.
1559 2671 1607 2701 cf.
1641 2673 1686 2700 Pl.
1718 2672 1810 2707 capt.
1836 2670 1868 2708 5,
1895 2669 1923 2707 1,

1139 2716 1178 2745 19
1204 2715 1264 2755 qui
1289 2713 1373 2745 mihi
1404 2715 1526 2746 melior
1558 2725 1661 2757 quam
1697 2714 1762 2746 sibi
1793 2723 1926 2754 semper

1128 2759 1214 2800 fuit.
1265 2759 1315 2791 Pl.
1344 2770 1400 2797 pro
1420 2760 1513 2792 Diva
1535 2763 1619 2792 coni.
1643 2759 1735 2791 victa
1756 2760 1816 2799 (D,
1839 2763 1924 2795 quod

1132 2808 1288 2842 scriptum
1314 2812 1405 2837 esset
1429 2806 1459 2845 3,
1483 2806 1548 2837 357
1575 2806 1740 2837 Iunonem
1766 2814 1923 2846 supera

1131 2849 1250 2882 donis!

1179 2897 1251 2927 180.
1283 2896 1435 2939 Torques
1459 2899 1623 2934 explicant
1641 2893 1750 2938 regis,
1770 2900 1799 2924 et
1824 2901 1921 2934 recte,

1128 2944 1288 2978 siquidem
1313 2949 1361 2974 est
1396 2944 1515 2980 flectis,
1545 2951 1670 2973 moves.
1711 2942 1753 2971 cf.
1781 2940 1811 2976 4,
1839 2941 1916 2972 269.

1127 3004 1169 3008 —
1201 2987 1316 3021 Pater.
1342 2992 1426 3025 quod
1456 2992 1535 3019 deus
1556 2989 1598 3018 cf.
1625 2988 1652 3023 l,
1683 2987 1753 3017 155.
