2044 3329
213 85 263 123 14

768 86 804 117 P.
831 84 1024 117 VIRGILII
1051 84 1260 118 MAROMS

320 196 488 237 Interea
510 209 661 249 magno
690 197 856 237 misceri
883 210 1096 239 murmure
1125 202 1302 251 pontum

208 253 499 305 Emissamquo
527 253 704 294 hiemem
729 253 859 294 sensit
887 253 1106 306 Neptunus
1136 259 1178 296 et
1203 256 1297 297 imis

208 311 369 363 Stagna
399 310 540 351 refusa
565 310 700 360 vadis,
733 310 919 362 graviter
943 315 1198 363 commotus,
1227 317 1270 354 et
1296 312 1385 354 alto

207 367 472 420 Prospiciens
503 381 665 407 summa
693 366 907 419 placidum
936 371 1067 421 caput
1095 369 1246 410 extulit
1277 369 1401 411 unda.

208 425 439 465 Disiectam
470 425 634 464 Aeneae
660 428 750 464 toto
777 422 893 465 videt
924 437 1110 477 aequore
1138 425 1325 478 classem,

208 480 425 522 Fluctibus
457 494 679 533 oppressos
707 480 839 521 Troas
865 481 1056 534 caelique
1081 483 1215 524 ruina.

207 538 293 579 Nec
316 537 479 578 latuere
505 537 591 577 doli
616 537 792 578 fratrem
817 537 993 579 Iunonis
1022 543 1063 580 et
1089 539 1191 581 irae.

1746 542 1825 581 130

206 595 365 636 Eurum
395 593 449 634 ad
480 607 524 634 se
551 594 871 647 Zephyrumque
897 598 1040 645 vocat,
1069 595 1219 637 dehinc
1246 597 1352 638 talia
1381 596 1515 638 fatur:

318 652 506 692 Tantane
531 664 603 691 vos
632 652 795 703 generis
819 653 956 693 tenuit
985 652 1141 694 fiducia
1165 653 1324 695 vestri?

206 709 296 749 Iam
324 708 486 748 caelum
511 710 755 761 terramque
779 722 871 750 meo
897 710 986 750 sine
1008 710 1193 761 numine,
1220 710 1356 761 Venti,

204 765 382 805 Miscere
410 768 452 804 et
481 767 624 805 tantas
651 765 817 807 audetis
847 767 998 808 tollere
1025 767 1184 808 moles?

205 825 318 872 Quos
347 821 442 875 ego!
472 821 548 863 sed
575 827 712 864 motos
741 828 935 876 praestat
962 837 1212 878 componere
1241 823 1414 875 fluctus3

203 952 368 980 lacrimas.
399 966 442 971 —
482 948 645 991 rimisque
677 950 862 990 fatiscunt.
921 954 995 982 Sol-

204 1002 341 1033 vuntur,
381 1002 411 1025 ut
437 997 536 1025 rimas
561 1002 679 1034 agant,
710 998 754 1026 ita
769 995 939 1035 fatiscere
963 999 995 1036 9,

204 1042 281 1071 809.
309 1045 345 1072 G.
375 1041 400 1078 l,
433 1041 503 1070 180.
530 1041 561 1078 2,
585 1042 662 1071 249.
710 1044 758 1072 De
783 1051 818 1071 re
843 1044 908 1072 vid.
934 1045 994 1074 Ov.

203 1091 245 1117 Μ.
266 1086 315 1122 11,
335 1087 400 1116 515
428 1084 529 1116 Rima
549 1090 645 1128 patet
666 1086 875 1128 praebetque
902 1087 995 1119 viam

204 1131 365 1163 letalibus
390 1130 503 1162 undis.

206 1210 407 1242 124—156.
456 1210 640 1260 Neptunus
670 1210 838 1242 Troianos
871 1209 913 1242 ab
944 1211 995 1243 in-

470 1258 576 1286 terltu
603 1259 724 1286 servat.

254 1312 326 1342 124.
349 1315 461 1342 Paene
494 1314 578 1342 idem
612 1322 732 1343 versus
763 1319 813 1344 est
845 1314 883 1352 4,
921 1315 994 1344 160.

203 1359 323 1390 Confer
361 1365 467 1388 autem
503 1364 602 1388 totum
641 1362 726 1388 hunc
765 1362 874 1389 locum
921 1369 994 1390 cum

203 1407 263 1434 Ov.
283 1408 324 1433 M.
350 1402 379 1441 1,
400 1403 466 1432 330
489 1413 558 1441 esp,
585 1410 615 1433 et
634 1407 795 1439 quomodo
820 1407 852 1434 hi
877 1413 994 1441 poetae

201 1452 314 1479 eadem
349 1451 381 1479 in
412 1458 446 1478 re
481 1458 576 1484 quam
613 1452 800 1480 describunt
836 1452 993 1490 differant,

202 1497 363 1531 expende.
407 1498 576 1530 Neptunus
596 1496 628 1524 in
650 1496 712 1525 imo
735 1497 815 1525 mari
839 1499 973 1526 habitat.

251 1541 323 1570 125.
353 1539 468 1570 sensit
508 1543 647 1570 hiemem
686 1550 764 1571 esse
807 1544 994 1579 excitatam,

200 1584 427 1627 graviterque
472 1590 676 1624 commotus,
728 1590 812 1622 quod
858 1589 890 1617 in
933 1597 994 1618 suo

201 1641 301 1667 regno
327 1633 412 1661 alius
438 1633 512 1666 quis
537 1635 649 1662 turbas
675 1634 854 1670 movisset,
881 1635 996 1663 extulit

201 1683 298 1714 caput
323 1686 417 1707 suum
452 1679 484 1707 in
514 1680 614 1707 altum
647 1679 871 1716 prospiciens,
910 1688 994 1715 quae

201 1728 293 1753 esset
332 1731 468 1752 caussa.
537 1727 620 1753 Nota
666 1726 814 1754 sedatum
860 1726 996 1761 perfecti

201 1777 306 1804 genus
337 1774 409 1805 post
438 1771 537 1798 multa
572 1771 781 1807 praesentia3
817 1771 861 1800 ita
886 1776 994 1800 autem

200 1816 314 1850 iunge:
340 1812 445 1844 sensit
469 1813 608 1844 miscere
633 1818 663 1845 et
685 1824 757 1845 esse
782 1815 940 1845 emissam
962 1814 994 1846 h.

200 1862 233 1890 et
257 1859 377 1898 refusa
403 1862 553 1901 stagna,
585 1868 669 1895 quae
699 1869 812 1896 parum
839 1867 993 1891 accurate

201 1911 231 1934 et
255 1908 287 1934 h.
312 1908 333 1935 l.
359 1911 389 1934 et
418 1904 468 1942 10,
492 1906 557 1934 765
583 1907 788 1941 explicantur
808 1916 865 1942 per
888 1916 994 1936 mure.

205 1949 382 1991 Stagnum
407 1956 458 1980 est
481 1959 566 1985 aqua
589 1953 747 1987 profundo
771 1953 803 1981 in
827 1955 900 1981 loco
924 1954 994 1982 col-

201 1998 304 2033 lecta,
347 1997 421 2025 inde
456 2002 544 2025 recte
579 2000 710 2037 stagna
741 1997 863 2036 refusa
892 1995 994 2027 vadis

201 2039 280 2071 imis
303 2046 389 2079 sunt,
411 2049 494 2076 quae
521 2043 561 2070 ad
583 2050 744 2071 summum
769 2051 857 2072 mare
882 2044 994 2072 ferun-

201 2093 269 2121 tur,
315 2092 346 2116 et
395 2088 427 2115 in
472 2095 510 2115 eo
557 2088 743 2123 intelligitur
789 2090 992 2124 tempestatis

203 2133 429 2169 vehementia,
465 2134 549 2167 quod
582 2141 668 2168 aqua
698 2135 729 2163 in
754 2136 853 2164 maris
882 2135 994 2172 fundo,

201 2180 257 2207 vel
288 2186 372 2214 quae
403 2183 453 2206 est
487 2179 519 2207 in
552 2180 652 2208 maris
679 2182 831 2210 cavernis
864 2185 894 2209 et
921 2180 991 2209 sos—

200 2224 269 2259 sis,
299 2224 474 2253 extollitur.

248 2268 323 2298 126.
347 2270 406 2297 Rei
431 2269 574 2298 novitate
601 2278 797 2306 percussus,
830 2268 993 2310 placidus

200 2319 308 2344 tamen
331 2320 392 2350 est,
416 2316 500 2348 quod
521 2322 584 2344 sua
603 2315 682 2344 fisus
701 2321 862 2350 potestate
883 2322 992 2346 certus

201 2365 250 2389 est
289 2363 491 2396 placaturum
531 2369 568 2389 se
612 2366 730 2390 ventos
771 2366 802 2390 et
842 2363 992 2391 hiemem.

200 2407 281 2436 Vide
307 2405 384 2435 255.
408 2420 451 2426 —
476 2407 565 2435 Idem
589 2406 656 2435 fere
681 2414 713 2435 v.
739 2409 775 2435 G.
798 2406 829 2442 4,
857 2407 935 2436 351.

250 2451 323 2480 128.
353 2448 542 2480 Disiectam
577 2454 719 2481 classem
750 2460 828 2482 esse
862 2453 891 2481 id
930 2458 991 2490 est,

201 2498 286 2531 quod
309 2497 444 2531 primum
470 2497 577 2530 videt.
612 2498 685 2525 dein
714 2497 834 2526 factum
859 2499 888 2527 id
914 2507 991 2527 esse

201 2543 285 2571 caeli
309 2543 411 2571 ruina.
457 2544 571 2576 Itaque
591 2543 758 2578 cognoscit
781 2544 874 2572 dolos
892 2546 992 2573 Iuno—

201 2588 265 2621 nis,
286 2595 385 2622 ,quum
412 2596 454 2616 ex
480 2595 580 2622 regno
607 2597 667 2617 suo
694 2588 810 2623 (aere)
832 2590 863 2617 in
882 2590 990 2619 fratris

203 2632 330 2667 (mare)
357 2633 482 2661 irruerit
507 2638 537 2660 et
562 2634 602 2667 id,
626 2638 657 2662 ut
680 2634 761 2663 iram
780 2642 872 2662 suam
893 2643 991 2663 exer-

202 2682 287 2706 ceret
314 2678 346 2706 in
371 2678 543 2706 Troianos.
591 2679 722 2707 Minime
744 2680 839 2714 igitur
862 2681 992 2709 invehi-

202 2728 252 2751 tur
281 2723 312 2751 in
341 2723 448 2758 ipsam
473 2725 649 2761 Iunonem,
683 2733 828 2753 sororem
861 2731 890 2753 et
923 2727 993 2760 pari

203 2769 345 2803 potentia
367 2770 471 2804 deam,
493 2770 550 2796 sed
573 2778 630 2798 eos
655 2771 804 2805 castigat,
827 2771 881 2805 qui
903 2771 992 2801 illius

202 2815 295 2843 iussu
329 2817 443 2842 turbas
481 2813 637 2843 fecerunt.
696 2817 733 2844 Id
767 2824 831 2844 non
867 2817 992 2854 dicitur,

202 2860 262 2888 sed
285 2859 445 2888 indicatur
469 2861 640 2892 asyndeto.

251 2904 322 2933 129.
339 2902 508 2943 fluctibus
538 2913 724 2943 oppressos.
772 2908 822 2935 Ita
856 2908 893 2935 de
918 2907 990 2942 igne

202 2951 273 2978 Liv.
307 2949 368 2985 30,
402 2949 423 2978 6
459 2947 550 2987 Quos
582 2959 650 2979 non
683 2950 850 2991 oppressit
884 2950 990 2992 iguiS,

195 2994 295 3033 ferro
330 2992 514 3035 absumpti.
553 3011 597 3015 —
639 2994 728 3026 caeli
765 2995 869 3027 ruina
908 2994 990 3035 (des

1749 826 1826 866 135

1044 950 1212 982 Himmels
1245 949 1455 990 Einsturz),
1493 951 1512 979 i.
1549 959 1576 980 e.
1617 954 1762 988 procella
1797 957 1828 982 et

1039 999 1212 1034 imbribus;
1251 999 1294 1027 ita
1318 998 1376 1026 Sil.
1403 995 1436 1034 Ι,
1467 995 1530 1025 251
1568 1002 1598 1026 et
1625 1000 1696 1027 val.
1720 1000 1830 1029 Flacc.

1040 1044 1079 1081 8,
1112 1042 1273 1084 33412011'
1296 1040 1418 1077 ruina,
1455 1042 1496 1071 cf.
1523 1045 1558 1072 G.
1591 1040 1628 1080 1,
1659 1041 1725 1072 324
1758 1043 1830 1075 ruit

1041 1088 1174 1119 arduus
1199 1086 1328 1124 aether,
1353 1093 1384 1116 et
1409 1089 1591 1118 Bastarnae
1616 1090 1773 1124 grandine
1798 1094 1829 1120 et

1040 1136 1228 1164 fulminibus
1272 1134 1360 1170 petiti
1411 1132 1542 1162 caelum
1586 1132 1620 1163 in
1657 1143 1692 1163 se
1731 1143 1831 1165 ruere

1041 1179 1183 1210 aiebant
1207 1181 1275 1209 [ἰν.
1307 1179 1364 1215 40,
1395 1178 1449 1207 58.
1500 1176 1619 1208 Ruina
1641 1184 1748 1210 autem
1776 1189 1829 1217 ap.

1042 1227 1109 1256 Cle.
1134 1231 1185 1255 est
1214 1226 1454 1256 substantivum
1479 1227 1694 1262 abstractum;
1727 1228 1772 1256 ita
1797 1229 1829 1256 h.

1039 1274 1061 1301 1.
1089 1277 1119 1300 et
1144 1272 1182 1308 3,
1211 1270 1287 1300 414.
1323 1269 1400 1298 571.
1431 1272 1525 1298 Lucr.
1553 1272 1591 1307 6,
1624 1270 1688 1298 155
1717 1280 1829 1313 gran-

1042 1315 1135 1346 dinis
1168 1315 1281 1345 ruina.
1330 1317 1406 1344 Post
1432 1316 1559 1343 Livium
1590 1318 1716 1345 tandem
1745 1318 1830 1347 idem

1041 1367 1089 1391 est
1116 1364 1200 1396 quod
1228 1359 1375 1398 rudera,
1403 1357 1584 1400 reliquiae.

1090 1406 1163 1436 130.
1189 1405 1332 1436 latuere.
1393 1408 1441 1435 De
1480 1407 1578 1435 huius
1612 1408 1706 1436 verbi
1742 1413 1830 1439 stru-

1040 1458 1131 1482 clura
1158 1453 1199 1481 cf.
1227 1455 1279 1481 Gr.
1307 1452 1328 1487 S
1353 1450 1430 1481 297.

1090 1498 1163 1527 131.
1189 1501 1309 1527 Eurum
1349 1502 1379 1526 et
1421 1499 1612 1532 Zephyrum
1658 1506 1716 1533 pro
1763 1502 1829 1528 toto

1042 1549 1211 1573 ventorum
1239 1543 1368 1579 agmine
1394 1544 1514 1577 posuit.
1561 1543 1609 1572 ef.
1635 1551 1667 1572 v.
1693 1542 1748 1573 85.

1088 1588 1163 1618 132.
1188 1587 1328 1631 generis
1354 1590 1543 1625 „Astraeus
1563 1589 1659 1625 enim,
1687 1597 1771 1619 unus
1790 1591 1830 1618 de

1041 1636 1227 1671 Titanibus,
1264 1635 1317 1669 qui
1351 1639 1463 1663 contra
1499 1635 1580 1663 deos
1613 1641 1703 1663 arma
1738 1643 1830 1665 sum-

1040 1686 1187 1717 pserunt,
1212 1688 1284 1709 cum
1304 1681 1432 1709 Aurora
1449 1680 1633 1716 concubuit,
1655 1682 1740 1709 unde
1762 1681 1830 1710 nati

1041 1732 1117 1756 sunt
1148 1727 1238 1755 venti
1267 1727 1445 1755 secundum
1477 1725 1655 1754 Hesiodum
1686 1726 1829 1762 (Theog.

1040 1772 1138 1808 278).
1193 1774 1231 1800 Et
1264 1773 1326 1800 hoc
1358 1772 1432 1799 loco
1454 1768 1628 1811 fiduciam
1659 1779 1716 1806 pro
1750 1781 1830 1801 con-

1031 1814 1185 1856 fidentia
1210 1816 1328 1853 posuit,
1353 1824 1449 1850 quum
1469 1817 1582 1845 fiducia
1605 1817 1638 1845 in
1659 1818 1754 1847 bonis
1777 1825 1829 1846 re·-

1039 1865 1101 1892 hus
1126 1863 1185 1899 sit,
1212 1863 1403 1891 confidentia
1428 1863 1460 1891 in
1484 1862 1603 1891 malis“
1625 1865 1657 1892 S.

1089 1907 1163 1937 133.
1189 1916 1261 1937 meo
1288 1906 1361 1937 sine
1386 1905 1526 1937 numine
1554 1908 1575 1936 i.
1601 1916 1629 1936 e.
1663 1910 1830 1938 voluntate

1040 1954 1080 1983 cs.
1108 1953 1139 1982 8.

1088 1998 1161 2027 134.
1193 1996 1335 2027 Caelum
1361 1995 1502 2026 miscere
1532 1998 1552 2027 1.
1579 2006 1607 2027 e.
1642 2001 1830 2034 perturbare

1038 2046 1069 2074 in
1098 2045 1305 2080 proverbium
1332 2044 1419 2081 abiit,
1445 2043 1486 2072 cf.
1509 2044 1579 2073 Liv.
1604 2043 1637 2080 4,
1661 2043 1697 2073 3:
1737 2042 1830 2083 Quid

1038 2088 1178 2120 tandem
1206 2092 1271 2125 est,
1306 2097 1366 2118 cur
1396 2086 1527 2118 caelum
1558 2098 1599 2118 ac
1629 2092 1741 2119 terras
1764 2087 1830 2120 mi-

1039 2131 1182 2164 sceant?
1208 2151 1250 2155 —
1275 2132 1395 2164 Moles.
1424 2142 1471 2163 sc.
1491 2134 1602 2172 maris,
1626 2134 1670 2164 ita
1693 2136 1750 2164 Sil.
1775 2133 1828 2174 14,

1040 2180 1104 2210 123
1130 2182 1207 2210 dixit
1234 2178 1340 2209 maris
1365 2177 1480 2210 moles.

1089 2225 1161 2255 135.
1192 2224 1284 2265 Quos
1308 2233 1393 2266 ege,
1424 2234 1472 2255 sc.
1498 2225 1697 2260 gravissima
1722 2234 1828 2262 poena

1037 2272 1192 2309 afficiam3
1231 2272 1444 2307 aposiopesis
1475 2275 1525 2300 est
1555 2279 1639 2306 quae
1673 2279 1826 2307 magnum

1037 2318 1159 2352 aliquid
1189 2322 1387 2352 exspectare
1419 2317 1520 2351 iubet,
1552 2318 1636 2351 quod
1672 2319 1763 2346 vultu
1797 2322 1829 2347 et

1037 2364 1186 2392 manibus
1216 2363 1386 2391 indicatur.
1435 2362 1482 2392 Cf.
1511 2364 1583 2391 Ter.
1615 2364 1694 2391 Eun.
1723 2362 1763 2400 5,
1794 2363 1827 2401 5,

1040 2409 1080 2437 19
1111 2407 1191 2449 Ego
1216 2410 1248 2438 te
1270 2405 1433 2446 furcifer,
1467 2404 1496 2436 si
1520 2405 1608 2444 vivo,
1639 2405 1698 2437 secl
1722 2405 1830 2447 istud,

1038 2451 1209 2494 quidquid
1234 2455 1293 2489 est,
1321 2451 1470 2492 primum
1494 2450 1640 2490 expedi!
1686 2456 1828 2483 Fuerunt

1038 2500 1092 2534 qui
1118 2507 1174 2534 pro
1201 2507 1284 2538 quos
1310 2499 1542 2527 substituerent
1571 2506 1645 2536 vos,
1679 2500 1737 2528 sed
1762 2507 1828 2529 non

1037 2545 1211 2579 alloquitur
1244 2552 1322 2580 eos,
1358 2545 1442 2578 quod
1477 2548 1612 2578 apparet
1650 2545 1745 2574 etiam
1783 2553 1827 2574 ex

1037 2592 1213 2630 praestat,
1250 2590 1307 2617 sed
1340 2597 1452 2617 secum
1484 2590 1695 2625 colloquitur,
1732 2591 1827 2624 idque

1037 2637 1145 2670 ipsum
1185 2632 1266 2663 ch.
1299 2635 1426 2669 signum
1462 2635 1616 2663 iudicavit
1651 2643 1728 2664 esse
1764 2643 1826 2669 quo

1039 2683 1314 2709 demonstraretur
1337 2681 1508 2709 admodum
1535 2680 1646 2715 sperni
1667 2685 1784 2709 ventos
1807 2687 1827 2709 a

1038 2729 1198 2762 Neptuno,
1223 2727 1276 2760 qui
1299 2730 1405 2754 tamen
1425 2726 1533 2754 statim
1555 2734 1613 2754 eos
1637 2726 1826 2760 alloquitur!

1040 2773 1200 2808 Sequitur,
1228 2775 1261 2800 ut
1287 2772 1457 2800 relativum
1485 2776 1572 2800 recte
1598 2779 1655 2805 pro
1681 2773 1828 2800 secunda

1039 2825 1184 2852 persona
1206 2817 1283 2852 poni
1308 2818 1545 2854 concedamus,
1570 2823 1636 2844 rem
1660 2821 1769 2845 notam
1795 2821 1826 2845 et

1038 2870 1058 2891 a
1093 2859 1143 2891 Pl.
1176 2864 1214 2891 ad
1251 2864 1280 2890 11.
1315 2863 1336 2890 1.
1370 2863 1530 2897 exemplis
1568 2863 1734 2896 probatam
1765 2863 1825 2891 Ov.

1041 2910 1113 2937 Her.
1143 2907 1193 2945 12,
1221 2906 1298 2936 207.
1338 2908 1394 2936 Sil.
1421 2908 1453 2943 9,
1481 2906 1535 2936 55.
1562 2920 1606 2926 ——
1628 2915 1828 2946 componere

1029 2951 1180 2992 fluctus,
1213 2954 1348 2989 sedare3
1380 2953 1425 2982 ita
1451 2952 1508 2989 12,
1536 2950 1599 2980 109
1629 2960 1828 2992 componere

1037 2996 1173 3028 bellum.
1215 3000 1338 3028 Lucan.
1370 2995 1407 3035 1,
1438 2996 1504 3028 297
1541 3004 1740 3037 componere
1772 2999 1827 3028 tu-
