2023 3350
229 114 312 154 360

801 110 837 141 P.
865 107 1063 141 VIRGILII
1090 108 1301 143 MARONIS

229 224 546 277 Exsultantque
579 224 703 264 aestu
742 221 915 274 latices3
948 222 1054 264 furit
1087 223 1203 266 intus
1236 224 1367 278 aquai

229 281 435 324 Fumidus
471 284 602 333 atque
641 279 730 320 alte
763 280 926 333 spumis
966 280 1176 322 exuberat
1211 282 1369 335 amnis;

1793 278 1876 319 465

228 340 318 381 Nec
354 338 441 380 iam
477 351 522 379 se
555 337 672 390 capit
710 337 848 389 unda3
886 337 1006 379 volat
1038 351 1173 391 vapor
1207 342 1302 380 ater
1337 339 1393 382 ad
1433 350 1576 380 auras.

228 397 344 449 Ergo
377 395 461 436 iter
492 393 549 435 ad
583 407 728 448 regem
762 394 930 448 polluta
966 408 1072 448 pace
1109 395 1309 437 Latinum

227 453 386 495 Indicit
421 451 572 506 primis
608 452 824 504 iuvenum,
866 455 908 494 et
940 452 1062 494 iubet
1095 465 1217 495 arma
1253 454 1414 508 parari,

228 510 379 552 Tutari
409 510 604 561 Italiam,
647 509 879 552 detrudere
917 509 1072 551 finibus
1107 509 1297 563 hostem3

229 568 283 610 Se
318 567 424 609 satis
455 566 666 609 ambobus
705 567 969 620 Teucrisque
1007 567 1152 609 venire
1183 568 1448 622 Latinisque.

1795 570 1878 610 470

228 625 348 667 Haec
382 623 457 666 ubi
492 624 610 666 dicta
645 624 785 677 dedit,
827 625 1035 679 divosque
1069 625 1113 666 in
1147 628 1249 667 vota
1281 627 1461 678 vocavit,

230 682 438 725 Certatim
476 695 568 725 sese
597 682 747 724 Rutuli
782 683 1069 724 exhortantur
1107 682 1152 724 in
1187 696 1321 725 arma.

229 740 355 782 Hunc
390 739 519 782 decus
556 740 775 794 egregium
811 740 977 783 formae
1013 743 1157 782 movet
1191 744 1324 794 atque
1360 741 1571 794 iuventae,

229 797 355 839 Hunc
393 797 510 839 atavi
544 811 685 851 reges,
726 798 840 839 hunc
879 798 1007 840 claris
1044 798 1225 840 dextera
1259 798 1399 841 factis.

344 855 458 896 Dum
494 855 662 897 Turnus
698 855 885 897 Rutulos
928 856 1083 898 animis
1117 856 1355 898 audacibus
1392 855 1555 911 implet,

1798 861 1882 900 475

229 912 398 955 Allecto
434 912 479 954 in
514 912 699 955 Teucros
737 913 897 967 Stygiis
934 928 979 956 se
1018 914 1210 955 concitat
1245 914 1337 965 alis,

230 971 335 1012 Arte
374 983 484 1012 nova
523 970 747 1026 speculata
779 971 944 1023 locum,
991 985 1075 1026 quo
1112 971 1240 1014 litore
1277 971 1457 1026 pulcher

229 1027 405 1070 Insidiis
443 1041 657 1082 cursuque
693 1028 807 1071 feras
847 1028 1046 1083 agitabat
1079 1028 1212 1071 Iulus.

230 1086 313 1128 Hic
351 1084 539 1127 subitam
573 1085 751 1128 canibus
785 1086 952 1129 rabiem
989 1086 1323 1154 Cocytiwirgo

232 1143 394 1185 Obiicit
427 1146 470 1184 et
501 1146 605 1185 noto
639 1157 767 1186 nares
799 1145 1012 1198 contingit
1050 1144 1196 1197 odore,

1800 1146 1885 1186 480

231 1201 290 1243 Ut
323 1214 493 1242 cervum
524 1200 726 1243 ardentes
761 1205 961 1256 agerent3
1002 1216 1113 1256 quae
1147 1202 1291 1257 prima
1327 1201 1527 1243 laborum

233 1258 398 1302 Caussa
435 1257 539 1311 fuit,
575 1258 780 1313 belloque
816 1259 982 1301 animos
1013 1260 1211 1302 accendit
1247 1262 1453 1315 agrestes.

232 1363 373 1395 undans
404 1363 567 1395 ahenum.
616 1366 669 1395 Sic
705 1368 742 1395 G.
779 1366 813 1403 1,
854 1365 921 1396 296
955 1367 1035 1396 dixit

231 1409 364 1440 undam
391 1409 506 1442 aheni.

277 1455 354 1486 464.
382 1455 491 1497 aquai
518 1459 571 1486 dat
602 1456 779 1497 My26201.
812 1457 854 1486 cf.
890 1454 956 1486 Rb.
982 1457 1036 1486 fir-

231 1506 354 1532 matum
381 1510 400 1532 a
432 1505 537 1532 Probo
565 1504 778 1539 grammatico
806 1503 847 1532 cf.
882 1501 921 1541 3,
957 1501 1034 1532 354.

231 1563 276 1568 —
301 1556 415 1587 aquae
437 1546 489 1577 vis
507 1549 616 1588 FRy2.
664 1551 703 1577 Et
727 1549 808 1577 mira
831 1553 906 1578 sunt
934 1551 1037 1578 verba

232 1594 342 1623 Servii
358 1595 524 1623 narrantis
535 1595 705 1629 Virgilium
717 1595 901 1630 scripsisse
922 1603 1037 1634 aquae

232 1637 301 1677 vis,
352 1644 407 1668 aut
443 1648 558 1680 aquae
588 1638 703 1670 amnis
735 1640 830 1676 (nam
865 1645 1036 1675 utrumque

233 1686 327 1714 datur
353 1692 372 1714 a
395 1685 519 1722 libris),
544 1687 690 1715 Tuccam
709 1691 738 1714 et
758 1686 890 1714 Varium
909 1686 1035 1715 fecisse

232 1731 396 1760 diaeresin
422 1728 542 1770 aquai.
593 1733 684 1767 Quae
711 1733 750 1760 de
774 1732 826 1760 hiS
848 1732 942 1760 tradit
969 1733 1036 1760 Ae-

231 1777 338 1806 neidis
365 1778 625 1814 correctoribus,
657 1784 745 1806 vana
772 1785 851 1805 esse
879 1782 1036 1813 apparet;

232 1829 307 1851 nam
340 1831 404 1851 non
433 1822 533 1857 potuit
568 1826 642 1857 post
671 1831 732 1852 eos
758 1827 886 1851 restare
918 1830 1035 1852 manus

232 1868 368 1902 Virgilii.
418 1869 487 1897 Iani
514 1876 631 1908 aquae
655 1865 772 1898 amnis
796 1869 911 1897 durum
935 1872 987 1897 est
1006 1872 1036 1897 et

232 1914 346 1942 durius
387 1914 502 1951 etiam,
552 1921 650 1949 quum
699 1919 858 1948 sequatur
899 1911 1036 1949 amnis3

233 1967 349 1999 aquae
380 1957 434 1988 vis
465 1964 573 1988 autem
607 1960 827 1997 improbatur,
872 1961 957 1995 quod
997 1968 1037 1988 eo

232 2009 367 2041 recepto
393 2005 541 2040 cogimur
564 2005 597 2034 in
623 2010 784 2040 sequente
807 2013 909 2035 versu
936 2005 1038 2041 parti—

232 2052 341 2080 culam
363 2052 468 2090 atque
494 2052 596 2079 altero
623 2059 747 2086 ponere
766 2053 841 2080 loco
868 2051 1038 2089 enuntiati,

233 2097 319 2130 quod
345 2097 416 2131 Vgl.
445 2096 574 2125 videtur
592 2097 732 2126 vitasse.
748 2113 792 2116 —
807 2094 902 2134 furit
924 2094 1038 2134 fumi-

234 2138 299 2170 dus
336 2143 441 2181 atque
480 2139 647 2172 exuberat
676 2139 812 2179 amm‘s3
852 2143 891 2172 de
925 2143 1037 2172 ordine

233 2189 409 2216 verborum
439 2187 480 2215 cf.
507 2187 546 2223 8,
573 2187 649 2216 168.

276 2231 354 2262 466.
386 2229 456 2261 Nec
481 2230 554 2262 iam
579 2241 615 2262 se
635 2230 731 2273 capit
758 2231 867 2271 unda,
892 2235 950 2263 sed
976 2242 1037 2263 ex-

232 2278 317 2307 cedit
360 2278 456 2307 aneni
496 2279 687 2314 marginem.
738 2279 785 2309 ef.
819 2284 967 2308 nostrum
1002 2287 1039 2309 er

231 2320 326 2353 kann
346 2320 418 2352 sich
436 2321 530 2353 nicht
548 2321 644 2354 mehr
661 2322 792 2354 hatten.
827 2328 904 2354 Seu.
921 2327 1036 2360 Agam.

230 2367 296 2398 487
334 2378 403 2398 uon
439 2366 535 2409 capit
571 2378 644 2399 sese
680 2379 787 2400 mare.
819 2387 864 2390 —
897 2373 933 2400 Ιη
975 2373 1038 2399 hac

231 2422 362 2449 quoque
395 2415 643 2450 comparatione
676 2423 796 2451 magno
831 2417 930 2445 utitur
960 2424 1037 2445 ver-

232 2463 346 2489 borum
372 2466 488 2489 ornatu
517 2460 558 2490 cf.
595 2458 732 2498 amnis,
760 2459 868 2490 unda.
917 2461 1039 2491 Confer

232 2506 371 2535 similem
415 2506 694 2541 comparationem
726 2507 858 2535 Homeri
898 2509 937 2536 ΙΙ.
980 2505 1036 2542 21,

232 2550 315 2589 362,
351 2556 380 2580 et
416 2557 487 2580 uter
514 2552 546 2580 in
582 2552 724 2587 singulis
756 2554 855 2583 rebus
890 2556 1035 2587 praestet

232 2597 421 2626 considera.

275 2641 351 2671 467.
377 2640 518 2682 polluta
543 2651 632 2683 pace
656 2643 676 2671 i.
695 2651 723 2672 e.
742 2643 877 2678 violata,
904 2645 1037 2672 sublata

231 2687 272 2716 cf.
291 2688 324 2723 5,
349 2688 370 2717 5
392 2685 551 2727 pollutus
575 2696 684 2718 amor.
734 2690 805 2718 Pax
829 2694 937 2718 autem
965 2691 1037 2724 pol-

231 2733 331 2761 luitur
373 2741 393 2762 a
438 2734 572 2770 Latino,
621 2735 676 2769 qui
719 2735 893 2763 Laviniam
937 2739 1035 2764 antea

232 2780 343 2807 Turno
366 2780 529 2808 addictam
548 2788 634 2808 nunc
654 2781 806 2815 denegat.
855 2782 932 2815 lpse
951 2783 1037 2809 Tur-

231 2831 314 2860 nus,
350 2828 383 2852 ut
414 2832 485 2854 mos
516 2829 583 2862 est,
617 2826 716 2855 aliam
751 2833 910 2855 caussam
942 2827 1036 2855 affert

231 2873 261 2897 et
302 2870 503 2907 probiorem,
541 2878 607 2905 qua
640 2873 681 2900 ad
715 2873 838 2900 bellum
874 2871 1036 2909 incitetur,

233 2917 375 2943 salutem
404 2916 534 2945 scilicet
559 2917 686 2946 Italiae.

279 2958 356 2989 470.
381 2963 424 2990 Se
452 2962 599 2997 utrisque
621 2967 651 2992 et
674 2962 802 2992 Latinis
829 2965 859 2991 et
884 2962 1036 2992 Troianis

235 3012 313 3034 esse
342 3013 465 3041 parem.

1128 1365 1205 1396 471.
1233 1364 1333 1396 divos
1380 1363 1416 1396 in
1450 1367 1534 1396 vota
1580 1362 1741 1395 vocavit:
1788 1366 1888 1405 „attia

1083 1413 1283 1448 nuncupatis
1302 1412 1389 1441 votis
1414 1414 1501 1441 bella
1518 1410 1727 1442 suntebant.“
1753 1415 1787 1450 S,
1835 1414 1886 1442 Ad

1082 1459 1256 1488 formulam
1283 1458 1323 1488 cf.
1350 1458 1388 1496 5,
1413 1456 1491 1487 234.

1128 1503 1206 1534 472.
1234 1501 1270 1534 in
1295 1512 1396 1533 arma
1424 1503 1464 1532 cf.
1492 1502 1550 1540 12,
1572 1502 1627 1533 71.

1129 1549 1206 1579 473.
1234 1547 1638 1586 decus:„'1¹urniscilicet
1652 1551 1769 1579 decus.
1806 1551 1887 1579 Nam

1083 1598 1146 1625 hoc
1173 1596 1266 1625 dicit:
1295 1595 1390 1624 Alios
1418 1596 1637 1633 pulchritudo·
1653 1596 1772 1633 Turni,
1801 1596 1887 1625 alios

1084 1642 1258 1678 nobilitas,
1298 1641 1383 1670 alios
1418 1641 1524 1670 virtus
1554 1643 1708 1671 movebat
1743 1642 1783 1671 ad
1818 1643 1888 1670 bet-

1083 1686 1184 1717 lum.“
1212 1690 1244 1716 S.
1264 1703 1309 1706 —
1330 1684 1422 1716 huuc
1446 1703 1489 1706 —
1516 1684 1606 1716 hunc
1631 1687 1672 1716 cf.
1701 1686 1739 1724 9,
1763 1686 1841 1716 572.

1084 1764 1303 1796 475—539.
1354 1762 1493 1795 Bellum
1528 1764 1640 1795 oritur
1677 1763 1769 1797 inter
1803 1764 1888 1796 Tro-

1312 1809 1412 1841 ianos
1438 1812 1472 1841 et
1500 1809 1658 1841 Latinos.

1130 1865 1207 1897 477.
1235 1870 1329 1897 Nova
1361 1873 1449 1906 arte,
1482 1868 1569 1905 alia,
1605 1876 1700 1903 quam
1735 1876 1800 1904 qua
1824 1877 1890 1899 usa

1085 1917 1154 1942 erat
1179 1930 1222 1933 —
1248 1912 1375 1952 Iocum,
1408 1923 1475 1954 quo
1505 1911 1617 1944 litore.
1666 1916 1778 1945 Locus
1804 1916 1890 1944 enim

1085 1959 1116 1988 in
1151 1960 1245 1988 litore
1280 1964 1342 1990 est.
1378 1960 1418 1989 cs.
1455 1959 1489 1997 1,
1539 1958 1614 1989 187.
1664 1962 1745 1996 [psa
1777 1963 1889 1990 locum

1085 2009 1201 2041 nacta,
1234 2014 1297 2040 quo
1327 2008 1420 2035 Iulus
1452 2006 1623 2035 venationi
1652 2006 1797 2036 intentus
1826 2011 1889 2044 est,

1086 2051 1160 2080 eius
1195 2058 1297 2080 canes
1332 2052 1484 2089 impellit,
1525 2056 1556 2080 ut
1591 2059 1726 2082 cervum
1763 2053 1889 2082 silviae

1086 2102 1340 2132 persequantur.

1131 2140 1207 2171 479.
1236 2139 1302 2172 Hic
1327 2147 1377 2172 est
1404 2151 1441 2172 eo
1465 2139 1501 2172 in
1523 2139 1614 2179 loco,
1645 2151 1741 2178 quem
1765 2151 1890 2179 spec-u-

1086 2190 1154 2217 lata
1176 2193 1237 2217 est.
1260 2204 1305 2208 ——
1338 2185 1501 2228 Cocytia,
1531 2190 1616 2223 quod
1649 2190 1690 2218 ad
1715 2190 1889 2228 cocytum,

1084 2234 1117 2262 in
1145 2235 1229 2263 Orco
1256 2236 1368 2263 sedem
1395 2236 1490 2263 habet
1515 2233 1556 2262 cf.
1581 2233 1657 2265 562.

1131 2277 1210 2308 480.
1239 2280 1353 2309 Obiicit
1370 2287 1485 2309 canum
1505 2279 1640 2309 naribus
1661 2283 1772 2309 notum
1797 2281 1890 2310 cervi

1086 2326 1230 2355 odorem.
1281 2327 1416 2362 „Solent
1440 2325 1525 2354 enim
1548 2326 1593 2354 ita
1609 2326 1735 2355 institui
1754 2325 1889 2356 cffBor.

1085 2373 1145 2406 Ep.
1175 2370 1206 2407 Ι,
1231 2369 1272 2404 2,
1299 2370 1342 2400 65
1360 2371 1540 2400 Venaticus
1568 2379 1611 2400 ex
1636 2380 1700 2406 quo
1719 2372 1891 2402 cervinam

1085 2418 1217 2445 catulus
1243 2418 1362 2451 pellem
1388 2417 1518 2445 latravit
1548 2417 1580 2446 in
1604 2414 1715 2446 aula.“
1741 2420 1775 2446 S.

1130 2459 1208 2490 481.
1235 2470 1325 2501 quae
1355 2460 1473 2501 prima
1516 2459 1538 2492 l.
1578 2471 1604 2492 c.
1635 2461 1668 2502 f.
1705 2464 1747 2492 ad
1789 2467 1889 2492 totum

1085 2507 1287 2536 enuntiatum
1323 2508 1470 2543 pertinet.
1521 2510 1629 2544 Saepe
1667 2516 1684 2537 e
1716 2516 1822 2544 parva
1853 2516 1889 2537 re

1085 2560 1226 2587 magnae
1273 2561 1329 2582 res
1370 2553 1535 2589 oriuntur;
1577 2561 1684 2588 neque
1721 2553 1889 2589 probabile

1085 2607 1150 2627 non
1177 2603 1238 2635 est,
1264 2599 1414 2635 Latinos,
1440 2600 1526 2634 quod
1554 2606 1574 2628 a
1601 2599 1739 2629 Teucris
1762 2599 1794 2628 in
1817 2599 1888 2628 inre

1085 2652 1147 2672 suo
1174 2649 1281 2673 terrae
1312 2649 1411 2679 atque
1437 2645 1469 2674 in
1494 2645 1643 2674 domibus
1670 2647 1887 2680 turbarentur,

1085 2692 1308 2719 exacerbatos
1342 2697 1434 2719 arma
1468 2690 1614 2726 cepisse.
1670 2691 1774 2726 Quum
1806 2697 1887 2718 vero

1086 2735 1150 2764 iam
1179 2737 1301 2765 caedes
1327 2735 1416 2765 facta
1442 2740 1546 2773 esset,
1572 2735 1671 2765 animi
1694 2734 1808 2763 irritati
1821 2743 1888 2764 non

1085 2785 1235 2816 poterant
1269 2785 1333 2810 tam
1364 2781 1460 2811 facile
1494 2781 1651 2816 mitigari;
1691 2781 1887 2815 praesertim

1084 2834 1181 2861 quum
1210 2831 1239 2855 et
1273 2828 1341 2855 dux
1366 2829 1497 2856 Turnus
1530 2828 1683 2861 adesset,
1714 2829 1745 2854 et
1768 2826 1890 2855 Amata.

1084 2873 1198 2907 regina
1231 2873 1272 2901 ad
1303 2874 1424 2901 bellum
1464 2872 1626 2900 incitaret.
1676 2871 1785 2905 Quare
1822 2880 1888 2901 non

1084 2922 1135 2946 est
1178 2921 1276 2953 poeta
1316 2918 1573 2952 vituperandus,
1617 2917 1702 2950 quod
1741 2925 1785 2946 ex
1822 2921 1888 2946 tam

1085 2970 1190 2999 parva
1216 2971 1249 2992 re
1275 2964 1393 2995 ingens
1419 2963 1540 2991 bellum
1565 2962 1750 2991 deduxerit.

1130 3006 1207 3037 482.
1238 3006 1338 3038 Bello
1362 3007 1493 3038 dativus
1523 3011 1585 3037 est.
