2044 3329
832 120 1102 154 PRAEFATIO.
1733 116 1778 142 XI

164 233 281 284 tulit,
331 233 448 287 quod
503 247 673 276 carmen
718 235 1013 289 imperfectum
1066 234 1281 277 hominum
1324 232 1586 288 relinqueret
1640 231 1780 274 obtre-

162 302 341 343 ctationi
355 304 407 356 ξ1).

277 369 416 413 Obiici
448 375 664 427 postremo
700 371 808 413 solet
837 372 1017 426 Virgilio
1049 372 1180 414 nimia
1215 371 1399 424 Augusti
1433 370 1638 412 adulatio.
1698 369 1782 411 Sed

159 438 360 481 adulator
386 454 471 482 non
501 440 704 482 dicendus
728 445 792 482 est
820 441 877 492 is,
919 442 992 495 qui
1030 441 1183 484 laudat
1208 441 1336 482 laude
1365 439 1505 494 digna.
1563 439 1654 481 Iam
1681 453 1780 480 vero

160 509 264 562 quid
303 509 478 551 laudat?
539 510 732 563 Augusto
773 515 978 564 regnante
1019 511 1243 565 imperium
1292 523 1383 551 esse
1423 509 1675 560 maximum,
1726 508 1782 549 ad

161 577 362 633 Caspium
398 592 533 632 usque
566 583 608 620 et
644 578 929 633 Erythraeum
969 594 1086 621 mare
1121 583 1312 630 auctum,
1360 578 1543 620 Parthos
1578 578 1783 619 victoriae

159 661 264 689 suae
294 648 426 701 signis
454 647 644 689 remissis
672 648 807 690 victos
839 663 882 690 se
912 648 1038 690 fateri
1077 652 1119 690 et
1153 662 1304 703 pacem
1339 651 1500 700 petere,
1554 650 1782 700 antequam

160 716 216 757 ad
256 731 377 758 arma
418 730 670 758 concursum
705 717 781 769 sit,
819 718 949 759 Indos
978 718 1237 772 legationem
1265 717 1451 766 misisse,
1477 716 1711 770 Aethiopes
1742 718 1785 756 et

160 784 325 826 Arabes
350 785 527 836 tentari,
555 785 662 828 haec
692 788 856 838 omnia,
883 801 1023 828 nonne
1052 801 1148 828 vere
1178 787 1295 828 facta
1321 786 1446 828 sunt?
1505 784 1669 826 Deinde
1697 785 1782 825 Au-

161 856 310 906 gustus
338 854 502 896 civitati
529 870 678 909 pacem
708 856 919 907 restituit,
971 855 1146 908 eiusque
1174 854 1363 896 reddidit
1398 853 1640 904 commoda,
1698 854 1783 894 iam

159 935 263 975 ager
293 923 530 975 colebatur,
579 928 823 966 mercatura
847 938 924 979 per
961 938 1083 965 omne
1113 924 1341 976 imperium
1368 927 1464 964 tuta
1492 922 1784 972 exercebatur,

158 990 328 1032 iudiciis
357 1007 483 1047 saepe
507 994 694 1047 partium
724 993 865 1034 studio
894 992 1138 1045 depravatis
1169 992 1352 1045 pristina
1376 991 1546 1033 reddita
1577 994 1641 1032 est
1669 1004 1784 1031 seve-

159 1059 288 1112 ritas;
317 1062 632 1114 provinciarum
651 1061 857 1115 praefecti
874 1060 1196 1110 coercebantur,
1220 1060 1415 1101 omnibus
1438 1073 1578 1100 rerum
1611 1073 1785 1099 suarum

160 1129 277 1170 facta
307 1134 372 1171 est
398 1131 619 1181 securitas,
649 1130 809 1183 templa
822 1129 1171 1180 restituebantur,
1201 1129 1455 1170 colebantur
1482 1142 1618 1179 sacra,
1646 1141 1786 1168 mores

160 1198 509 1240 emendabantur.
569 1199 730 1250 Quodsi
766 1198 861 1252 quis
901 1202 1061 1239 statum
1102 1197 1365 1253 reipublicae
1405 1197 1478 1251 qui
1509 1200 1608 1238 ante
1642 1196 1786 1249 Augu-

159 1271 272 1309 stum
302 1272 344 1309 et
371 1267 443 1321 qui
470 1281 520 1309 eo
550 1272 757 1322 regnante
788 1271 902 1318 erat,
949 1267 1060 1308 inter
1090 1281 1134 1308 se
1166 1266 1466 1322 comparabat,
1512 1265 1595 1306 nisi
1625 1264 1788 1306 liberae

160 1336 347 1378 civitatis
359 1337 573 1378 amoreita
587 1340 839 1379 occaecatus
852 1340 954 1388 erat,
968 1340 1015 1378 ut
1027 1334 1348 1390 rempublicam,
1368 1349 1475 1390 quae
1485 1339 1622 1386 antea,
1632 1333 1787 1382 fuerat,

160 1499 315 1529 cissimis
339 1499 502 1540 impense,
525 1501 570 1530 ut
591 1498 760 1537 Aeneida,
787 1510 895 1541 qnam
916 1498 1071 1530 nondum
1097 1500 1188 1529 satis
1212 1497 1399 1536 elimasset,
1430 1496 1620 1528 abolerent.
1646 1514 1689 1517 ——
1717 1495 1786 1532 (Ex

159 1553 213 1586 his
238 1555 324 1586 satis
349 1560 508 1598 apparet,
553 1565 616 1588 cur
644 1560 744 1598 poeta
779 1566 867 1599 opus
899 1566 1002 1588 suurn
1035 1555 1192 1588 comburi
1224 1554 1383 1587 voluerit.
1433 1553 1500 1586 Sed
1533 1553 1635 1585 etiam
1666 1552 1701 1583 in
1734 1551 1787 1583 his

159 1612 310 1653 singulis
331 1611 463 1645 diversa
493 1618 545 1645 est
569 1622 672 1655 saepe
698 1614 782 1645 ratio
809 1614 1054 1656 interpretum,
1091 1617 1127 1644 ut
1153 1622 1240 1653 quae
1266 1612 1344 1653 quis
1368 1610 1587 1643 incommode
1612 1610 1703 1641 dicta
1728 1608 1787 1640 ha—

159 1669 251 1708 beat,
275 1669 364 1702 alius
391 1680 514 1712 magna
542 1675 613 1702 arte
637 1671 775 1702 inventa
803 1675 835 1702 et
862 1671 1009 1713 expolita
1036 1669 1232 1702 arbitretur.
1281 1670 1325 1701 Et
1348 1678 1412 1701 nos
1435 1668 1544 1699 multa
1562 1672 1651 1699 recte
1670 1666 1787 1698 desen-

161 1726 256 1758 disse
299 1725 400 1759 nobis
439 1727 614 1767 ridemur,
656 1739 742 1770 quae
779 1728 836 1760 alii
868 1728 1129 1760 damnaverunt.
1178 1727 1326 1758 Maxime
1368 1726 1470 1758 etiam
1510 1723 1704 1757 adhibenda
1737 1727 1787 1755 est

161 1783 273 1816 cautio
298 1783 331 1815 in
360 1785 571 1817 coniecturis
598 1785 633 1817 in
653 1786 817 1825 carmine,
838 1791 876 1817 ut
901 1789 1042 1818 constat.
1070 1783 1224 1816 nondum
1253 1783 1417 1825 perfecto.
1465 1783 1582 1824 Atque
1601 1781 1692 1823 quod
1711 1780 1789 1822 Vgt.

159 1851 221 1884 per
255 1840 440 1873 duodecim
471 1841 580 1874 libros
614 1852 686 1875 rem
721 1852 820 1875 suam
856 1842 1092 1884 disposuerat,
1137 1841 1262 1873 deinde
1296 1841 1432 1882 singula
1476 1850 1536 1883 pro
1572 1838 1732 1871 facultate
1758 1842 1790 1869 et

161 1898 276 1930 animo
301 1898 452 1930 excoluit
477 1903 509 1931 et
530 1899 700 1941 expolivit,
738 1910 839 1932 ursae
864 1908 958 1932 more
982 1904 1021 1931 ut
1045 1900 1119 1941 ipse
1145 1899 1279 1930 iocatus
1302 1902 1367 1938 est,
1392 1898 1496 1930 etiam
1521 1896 1608 1929 illud
1631 1895 1791 1937 sequitur

160 1965 230 1987 non
248 1964 353 1998 posse
378 1964 416 1986 ex
441 1965 475 1988 re
501 1965 589 1997 quae
609 1957 644 1988 in
665 1957 753 1989 libro
778 1957 895 1998 aliquo
923 1960 1144 1995 memoratur,
1172 1955 1213 1987 de
1238 1960 1405 1997 tempore,
1433 1964 1500 1996 quo
1526 1953 1614 1985 liber
1637 1953 1788 1994 scriptus

162 2013 226 2049 sit,
270 2012 383 2044 valere
418 2012 600 2044 rationem.
650 2013 726 2055 Vgl.
759 2014 849 2045 enim
882 2014 916 2045 in
956 2014 1107 2045 carmine
1142 2012 1356 2045 emendando
1387 2020 1500 2052 usque
1531 2010 1572 2043 ad
1600 2014 1789 2042 extremum

160 2069 324 2112 spiritum
347 2073 524 2110 versatus,
548 2068 601 2101 hic
627 2070 697 2103 illic
722 2070 859 2112 singula
882 2070 1005 2102 adiecit
1028 2075 1059 2102 et
1088 2070 1233 2102 novaxit.
1283 2069 1339 2101 Sic
1366 2070 1392 2107 I,
1419 2069 1484 2100 ‘289
1511 2066 1668 2100 Parthica
1694 2066 1790 2108 signa

160 2126 295 2160 reddita
322 2131 510 2163 memorat;
538 2126 672 2159 reddita
696 2131 781 2159 sunt
806 2137 834 2159 a.
861 2129 937 2167 734,
961 2127 1036 2169 ipse
1063 2132 1222 2159 mortuus
1247 2136 1275 2158 a.
1298 2127 1374 2158 735.
1424 2125 1522 2157 Unde
1550 2125 1628 2166 quis
1656 2128 1707 2156 est
1731 2122 1790 2164 qui

161 2183 246 2216 velit
285 2182 433 2225 probare
465 2183 593 2216 librum
625 2184 777 2226 primum
812 2185 981 2226 scriptum
1013 2192 1089 2216 esse
1121 2189 1272 2215 extremo
1307 2183 1395 2214 witae
1430 2180 1544 2214 anno?
1593 2182 1637 2213 Et
1670 2181 1698 2213 si
1732 2180 1790 2221 qui

161 2241 242 2275 libri
267 2241 428 2284 praelecti
454 2239 602 2273 suntab
632 2240 708 2283 ipso
744 2246 863 2284 poeta.
908 2241 1065 2273 nondum
1100 2240 1297 2278 conficitur,
1339 2239 1368 2269 ei
1400 2244 1521 2280 postea
1551 2248 1618 2270 non
1649 2238 1791 2270 licuisse

163 2297 352 2340 quidquam
381 2303 527 2330 mutare.
577 2299 700 2339 Itaque
730 2304 861 2330 eertum
885 2307 954 2329 non
981 2302 1044 2336 est,
1070 2302 1187 2329 utrum
1213 2296 1263 2330 id.
1305 2295 1396 2337 quod
1422 2296 1462 2327 ad
1499 2295 1626 2328 sactum
1649 2294 1790 2336 aliquod

162 2355 338 2397 singulare
363 2355 531 2397 temporis
557 2355 611 2387 sui
638 2356 807 2397 pertinet,
834 2356 951 2387 statim
979 2364 1088 2396 quum
1114 2352 1364 2396 componebat.
1396 2352 1570 2392 intulerit,
1606 2361 1646 2383 an
1672 2356 1792 2394 postea

163 2412 251 2444 libro
276 2412 344 2443 iam
371 2411 541 2444 confecto.
590 2413 710 2454 Neque
737 2422 774 2444 ex
801 2422 858 2451 eo,
896 2411 989 2453 quod
1015 2413 1041 2447 I,
1069 2413 1132 2444 286
1159 2411 1369 2443 Octarianus
1395 2409 1523 2441 dicitur
1548 2408 1680 2441 Caesar
1703 2414 1737 2441 et
1761 2411 1791 2449 ss,

164 2470 229 2501 792
255 2469 444 2511 Angustus
475 2469 624 2508 Caesar,
669 2469 704 2502 id
729 2470 906 2511 sequitur,
950 2468 1045 2510 quod
1074 2467 1249 2500 concludit
1278 2466 1348 2504 Bb„
1381 2466 1506 2497 librum
1533 2466 1685 2507 primum
1717 2475 1792 2498 esse

164 2527 346 2569 scriptum,
369 2530 554 2568 antequam
572 2526 784 2559 Octavianus
807 2527 922 2558 dictus
939 2525 1246 2567 cssetAugustus:
1276 2524 1310 2555 in
1337 2523 1423 2565 ipsis
1447 2523 1537 2555 enim
1562 2523 1648 2555 locis
1673 2533 1792 2555 caussa

165 2585 266 2622 inest,
293 2587 329 2615 ut
356 2583 392 2614 in
417 2583 523 2616 altero
554 2589 632 2615 utro
658 2584 754 2616 aliud
778 2593 906 2615 nomen
940 2588 1058 2625 aptum
1090 2583 1146 2615 sit.
1197 2584 1316 2623 Neque
1342 2580 1434 2622 quod
1461 2590 1489 2612 a.
1517 2581 1580 2613 725
1610 2580 1683 2612 Iani
1706 2585 1792 2613 tem-

164 2642 263 2684 plum
293 2641 449 2673 clausum
483 2645 552 2680 est,
595 2650 657 2672 nec
696 2640 789 2682 quod
817 2640 1026 2673 Octavianus
1049 2642 1137 2673 6—-8
1162 2639 1253 2680 Aug.
1283 2638 1324 2670 de
1347 2637 1527 2679 Cleopatra
1561 2638 1792 2680 triumphavit,

165 2698 344 2740 sequitur,
381 2696 423 2728 ad
445 2705 519 2728 eam
545 2697 760 2737 clausuram,
797 2698 840 2730 ad
871 2706 948 2729 eum
977 2696 1195 2739 triumphum
1220 2694 1321 2727 verba
1352 2697 1384 2733 1,
1413 2695 1583 2727 289—-96
1609 2695 1792 2737 pertinere,

164 2755 226 2787 sed
252 2754 295 2787 ad
320 2759 447 2786 statum
473 2753 700 2796 reipublicae,
744 2764 831 2796 quae
859 2759 932 2786 erat
957 2753 1023 2786 sub
1047 2753 1225 2795 Augusto,
1265 2752 1306 2784 ad
1330 2761 1450 2794 pacem
1481 2761 1518 2784 ac
1560 2752 1792 2792 securitatem,

165 2821 271 2854 quam
298 2812 506 2845 restituerat.
556 2811 605 2844 Cf.
630 2811 788 2844 addenda
813 2812 854 2845 ad
887 2813 923 2853 9,
957 2812 1034 2843 642.
1084 2812 1203 2852 Itaque
1240 2819 1332 2841 1111110
1363 2819 1427 2841 1100
1460 2819 1527 2850 quo
1562 2809 1683 2842 ordine
1730 2820 1793 2842 nec

166 2882 233 2913 quo
259 2880 349 2903 anno
374 2868 454 2900 libri
480 2868 598 2910 scripti
621 2870 692 2901 sint
713 2869 848 2902 definiri
876 2878 979 2911 posse
1006 2867 1241 2905 arbitramur.)

281 2929 319 2967 ὃ)
342 2926 479 2959 Plinius
506 2926 544 2957 N.
571 2926 615 2958 H.
638 2927 714 2965 VII,
740 2928 800 2959 30:
826 2926 1022 2968 Augustus
1047 2927 1210 2956 carmina
1229 2923 1381 2965 I‘'z'7·gz'liz'
1410 2926 1568 2956 eremari
1589 2928 1716 2956 eontra
1745 2928 1794 2956 te-

167 2985 341 3016 stamenti
369 2986 443 3015 eius
474 2983 722 3015 uerecundiam
752 2986 886 3022 vetui&
953 2984 1144 3024 maiusque
1170 2981 1224 3012 illi
1253 2983 1330 3013 eali
1363 2984 1606 3015 testimonium
1639 2984 1796 3024 contigit

167 3052 277 3084 qnam
303 3043 335 3072 si
356 3043 429 3084 ipse
454 3051 520 3073 sua
542 3040 739 3083 probasset.
