2023 3350
646 92 706 124 DE
730 91 1023 125 HEXAMETRO
1050 93 1256 126 VIRGILII.
1692 93 1773 131 653

142 275 238 314 VIII,
265 277 327 308 166
351 275 546 318 pharetram
982 276 1023 317 V,
1047 275 1125 309 501.
1149 275 1224 314 VII,
1250 275 1316 307 816
1340 274 1499 317 pharetra

141 332 202 371 IX,
236 333 276 365 10
301 331 491 375 penetravit
982 334 1081 365 Lucr.
1105 333 1165 370 IV,
1192 333 1255 364 617
1281 335 1440 374 penetrat

139 390 182 430 X,
206 390 272 422 396
294 390 479 422 retractant

141 447 184 485 X,
212 447 228 478 'i
255 447 347 478 re'tro
937 488 942 491 Δ
985 446 1027 486 ΙΙ,
1052 446 1127 477 3ἳ8.
1157 445 1218 484 IX,
1246 445 1311 477 539
1337 447 1427 477 retro

144 503 186 541 11,
207 504 243 536 61
274 502 461 544 utrumque
983 502 1023 541 V,
1051 503 1116 535 469
1142 506 1289 543 utroque

142 560 184 593 G.
208 559 265 600 IV,
292 559 357 592 350
383 559 572 601 vitreisque

142 617 205 656 111,
228 616 289 647 421
317 614 474 649 barathri
981 616 1075 652 VIII.
1102 616 1169 649 245
1194 614 1407 648 barathrum.

252 672 309 704 Sic
326 673 452 715 integri
474 674 512 706 E.
535 675 566 713 -t,
586 675 619 707 5.
636 676 736 708 Lucr.
759 677 786 713 1,
804 675 880 707 9⁶26.
904 674 990 707 Hor.
1008 677 1072 705 sat.
1097 674 1128 712 2,
1155 674 1185 713 2,
1218 674 1291 711 113,
1318 671 1411 713 quod
1438 671 1505 705 alio
1533 674 1636 706 modo
1656 674 1776 706 inferri

140 728 338 762 hexametro
369 732 502 773 nequit.
553 733 575 764 S
600 737 785 765 extremam
811 729 980 773 syllabam
1009 731 1050 763 fis
1075 730 1242 764 claudens
1268 738 1380 771 usque
1411 728 1454 761 ad
1477 730 1676 763 Lucretium
1702 741 1773 763 non

139 786 222 820 facit
247 788 469 830 positionem,
494 793 534 821 ut
556 789 592 821 in
617 789 658 821 N.
688 791 715 821 1.
741 787 842 820 allata
868 786 1022 829 exempla
1048 787 1214 830 probant,
1249 787 1481 830 pendentibu’
1503 788 1665 827 stillant,
1704 798 1776 820 non

139 853 194 886 ap.
216 844 404 886 Virgilium
429 854 544 887 neque
570 855 630 878 eos
659 847 720 888 qui
746 849 826 888 post
853 843 1004 877 fuerunt.
1055 844 1146 878 Illud
1171 846 1211 877 1⁹13
1237 854 1317 877 cum
1347 845 1506 886 sequenti
1539 848 1594 877 est
1621 845 1668 877 ita
1696 846 1776 877 iun-

140 902 233 943 gitur
256 911 309 945 ap.
335 901 504 939 comicos,
537 906 575 934 ut
600 903 711 934 bonus
735 905 790 933 est
812 905 963 934 transeat
984 902 1020 934 in
1047 903 1188 934 bonust.
1235 901 1275 934 Id
1297 902 1333 934 in
1361 902 1552 935 Aeneidem
1573 902 1632 934 Ra.
1658 902 1775 935 intulit

141 962 207 991 ter:
231 960 260 998 1,
279 959 343 991 237
365 959 571 1001 polliez'tu’s
595 974 637 988 Ξ
663 959 838 1002 pollicitus
865 968 901 991 es
923 963 956 991 et
981 958 1013 997 5,
1040 960 1104 991 657
1129 960 1270 991 erosu’s
1299 961 1349 997 10,
1377 959 1442 992 82ῗ
1467 959 1650 992 laetatu's.
1683 959 1776 992 Ante

141 1025 220 1048 eum
244 1016 452 1058 interpretes
478 1016 699 1059 participium
720 1020 812 1049 recte
838 1016 1054 1059 interpretati
1077 1025 1153 1049 csse
1178 1016 1246 1049 sibi
1273 1015 1490 1049 videbantur.

551 1110 582 1144 ς.
610 1109 640 1140 9.
692 1112 741 1140 De
767 1110 873 1139 ectasi
899 1111 971 1139 sive
997 1111 1036 1139 de
1063 1111 1132 1141 arsi
1158 1112 1368 1147 producente.

256 1164 307 1197 Ea
339 1164 382 1197 de
415 1174 450 1197 re
483 1165 552 1197 iam
588 1164 749 1207 exposuit
780 1165 977 1206 Wagnerus
1010 1165 1167 1205 (Quaest.
1196 1165 1288 1207 Virg.
1320 1166 1432 1206 XII.),
1471 1169 1511 1198 ut
1546 1164 1776 1199 satisfaceret:

141 1231 254 1264 neque
281 1221 349 1254 iam
379 1222 473 1255 aliud
504 1222 591 1255 mihi
622 1222 822 1255 faciendum
856 1225 980 1259 restat,
1023 1231 1125 1263 quam
1161 1226 1200 1255 ut
1232 1227 1401 1265 quantum
1432 1222 1566 1265 possim
1598 1222 1778 1264 simplices

143 1278 236 1320 leges
263 1288 456 1322 proponam
481 1289 519 1311 ex
546 1279 632 1312 locis
658 1279 769 1311 allatis
797 1278 952 1311 haustas.
1001 1279 1168 1320 Virgilius

259 1337 292 1377 1)
320 1337 482 1379 producit
501 1346 640 1379 semper
671 1337 776 1369 modo
810 1337 878 1369 arsi
912 1336 1019 1379 gravi:
1066 1336 1181 1378 itaque
1206 1336 1353 1369 maxime
1378 1337 1440 1368 ΙΙΙ.
1466 1335 1565 1378 pedis
1589 1335 1651 1368 scd
1674 1337 1776 1368 etiam

143 1395 188 1435 11,
212 1394 270 1433 lv,
296 1394 336 1434 V,
355 1393 494 1436 quando
518 1395 553 1427 in
578 1394 632 1426 his
659 1398 710 1427 est
740 1394 828 1426 arsis
855 1393 1004 1435 gravior:
1049 1393 1262 1435 omninoque
1293 1402 1333 1426 eo
1371 1392 1500 1435 gratior
1528 1392 1585 1425 illa
1618 1397 1669 1425 est
1699 1403 1778 1436 pro-

145 1450 274 1491 ductio,
305 1461 374 1493 quo
397 1451 506 1483 maior
531 1456 584 1484 est
606 1451 642 1482 in
672 1450 785 1483 verbis
810 1450 946 1482 incisio.

256 1508 290 1547 2)
315 1507 482 1540 Producit
504 1517 607 1550 saepe
632 1512 714 1550 post
738 1507 861 1540 breves
882 1506 1037 1549 syllabas
1059 1505 1315 1546 antecedentes,
1340 1506 1387 1538 ita
1412 1511 1450 1538 ut
1468 1507 1688 1549 anapaestico
1711 1508 1781 1540 scre

145 1568 257 1597 metro
282 1574 344 1607 pes
382 1564 529 1601 seratur.
575 1569 610 1597 et
634 1565 724 1598 ictus
750 1565 784 1597 in
809 1563 979 1607 syllabam
1005 1563 1103 1596 cadat
1134 1564 1258 1601 maior:
1302 1563 1509 1607 plerumque
1547 1563 1637 1597 solet
1676 1565 1779 1597 etiam

145 1621 336 1664 adiungere
354 1620 479 1663 longas
505 1620 669 1664 syllabas

260 1679 298 1719 3)
322 1678 488 1711 Producit
529 1688 783 1721 nonnunquam
823 1677 962 1712 brevem
1001 1677 1170 1719 syllabam
1204 1683 1286 1720 post
1332 1678 1418 1710 alias
1453 1677 1577 1720 longas
1623 1679 1781 1711 eiusdem

146 1734 317 1775 vocabuli,
347 1739 386 1767 ut
411 1734 509 1768 facile
533 1735 655 1768 eadem
681 1745 845 1768 mensura
871 1736 986 1777 possit
1010 1735 1126 1778 pergi:
1178 1735 1319 1778 saepius
1344 1735 1412 1768 tale
1436 1734 1582 1768 verbum
1606 1737 1783 1779 excipiunt

148 1792 302 1838 syllabae
323 1791 459 1825 breves,

262 1851 299 1891 4)
326 1848 493 1882 Producit
517 1857 592 1882 raro
618 1848 789 1891 syllabam
814 1850 952 1883 brevem
978 1850 1013 1882 in
1039 1850 1190 1882 vocalem
1217 1855 1409 1883 exeuntem.

264 1907 300 1948 5)
327 1905 494 1939 Producit
531 1916 710 1948 nunquam
757 1906 965 1940 vocabulum
1013 1907 1304 1950 monosyllabum.
1352 1908 1404 1942 Ac
1447 1908 1512 1942 hoc
1562 1908 1779 1942 monendum

148 1966 319 2010 plurimas
368 1962 523 2006 syllabas
569 1973 657 2006 quae
701 1964 867 1998 dicuntur
913 1965 981 1998 arsi
1031 1964 1197 2008 produci,
1245 1965 1439 2009 antiquitus
1488 1965 1596 1999 fuisse
1643 1966 1778 2008 longas.

153 2023 206 2056 Cf.
234 2023 294 2054 Gr.
313 2022 344 2062 S.
369 2021 423 2052 54.

264 2095 326 2123 An.
356 2091 382 2122 1.
408 2093 447 2129 a)
473 2094 571 2123 Arsis
594 2094 625 2123 in
651 2095 745 2123 tertia
767 2095 847 2123 sede
873 2095 1051 2129 productae
1077 2096 1230 2129 exempla
1256 2095 1315 2125 vix
1331 2104 1417 2131 opus
1445 2099 1506 2126 est.
1530 2101 1562 2125 ut
1584 2096 1781 2125 afferamus:

149 2149 223 2171 eam
246 2140 331 2169 enim
353 2147 489 2174 gravem
512 2148 592 2169 esse
617 2144 647 2169 et
675 2141 910 2176 gravissimam
937 2141 1028 2169 multi
1052 2142 1244 2170 concedent.

269 2185 306 2221 b]
333 2187 378 2215 lv
404 2187 513 2221 pedis:

286 2233 311 2267 1,
337 2229 403 2260 308
428 2230 487 2272 qui
513 2233 655 2262 teneant
680 2246 726 2252 —
746 2239 827 2260 nam
854 2228 990 2261 inculta
1016 2229 1112 2262 videt
1140 2247 1177 2252 —
1205 2228 1406 2261 hominesne
1421 2230 1580 2270 scraene.

286 2279 312 2314 Ι,
335 2275 400 2306 478
432 2274 496 2307 Per
522 2279 652 2306 terram
673 2279 705 2307 et
731 2285 832 2306 versa
854 2274 973 2316 pulvis
1003 2276 1007 2304 l
1033 2275 1236 2307 inscribitur
1267 2274 1383 2307 hasta.

286 2325 345 2361 ΙΙΙ,
368 2322 435 2353 464
463 2321 563 2352 Dona
588 2321 712 2352 dehinc
734 2331 823 2353 auro
847 2320 977 2364 gravisi
1005 2326 1008 2360 1
1035 2326 1192 2364 sectoque
1211 2321 1405 2362 elephanto.

287 2370 342 2407 IV,
370 2368 439 2398 222
468 2367 554 2398 Tum
582 2367 630 2398 sic
666 2366 872 2398 llercurium
899 2366 1116 2409 adloquitur,
1144 2367 1295 2399 actalia
1315 2369 1430 2408 fatur.

289 2417 327 2451 V„
353 2415 417 2443 521
450 2412 638 2444 ostentans
662 2417 840 2456 artemque
861 2413 964 2454 pate'r
987 2413 991 2453 j
1018 2423 1207 2455 arcumque
1231 2418 1424 2446 sonantem.

290 2462 378 2494 vm,
400 2461 446 2490 98
475 2459 559 2491 Cum
583 2469 701 2490 muros
725 2469 909 2500 arcemque
931 2459 1054 2501 promit
1080 2457 1084 2499 j
1112 2470 1153 2491 ac
1178 2469 1263 2490 rara
1290 2459 1482 2490 domorum.

289 2509 328 2542 X,
350 2506 418 2536 383
446 2504 510 2537 Per
532 2504 695 2543 medium,
722 2515 790 2546 qua
815 2505 920 2547 spina
949 2504 1068 2544 dabat,
1094 2515 1274 2547 ensemque
1298 2510 1465 2547 receptat.

291 2553 347 2589 xl,
369 2551 434 2581 323
465 2549 670 2585 Considunt.
693 2549 723 2581 si
743 2554 864 2583 tantus
885 2551 994 2591 amor,
1019 2578 1021 2592 s
1051 2555 1082 2582 et
1103 2550 1240 2583 moenia
1265 2550 1430 2582 condant.

292 2600 363 2635 XII,
391 2597 432 2626 13
462 2596 692 2639 Congredior.
745 2595 810 2628 Fer
834 2606 936 2628 sacra
956 2596 1070 2639 pater,
1094 2596 1097 2635 f
1126 2601 1157 2628 et
1183 2595 1323 2638 concipe
1342 2596 1481 2636 foedus.

383 2643 450 2673 550
479 2643 522 2674 At
553 2641 748 2684 Messapus,
775 2652 898 2685 equum
927 2641 1090 2681 domitor,
1116 2643 1119 2682 !
1146 2646 1178 2674 et
1204 2642 1308 2677 fortis
1335 2641 1464 2673 Asilas.

384 2689 452 2719 668
481 2687 526 2719 Et
545 2687 657 2726 furiis
682 2687 844 2731 agitatus
869 2688 978 2726 amor,
1006 2688 1009 2726 1
1038 2693 1069 2720 et
1094 2687 1232 2719 conscia
1258 2688 1383 2720 virtus.

384 2733 452 2765 772
478 2732 544 2764 Hic
565 2732 669 2765 hasta
697 2734 835 2765 Aeneae
861 2733 1002 2772 struhan,-
1024 2732 1027 2771 ζ
1049 2733 1116 2766 hnc
1136 2734 1286 2776 impetus
1311 2732 1422 2764 illam.

273 2801 366 2834 Haec
391 2799 460 2833 fere
487 2804 580 2838 sunt,
599 2811 660 2835 nec
686 2800 872 2839 dubitatur,
899 2800 980 2842 quin
1006 2801 1042 2833 in
1067 2800 1121 2833 his
1149 2798 1311 2833 omnibus
1337 2799 1497 2832 versibus
1523 2805 1663 2842 quartae
1689 2800 1785 2832 sedis

160 2858 247 2891 arsis
271 2857 406 2900 gravior
431 2858 476 2889 sit
499 2858 607 2890 tertia.

273 2918 311 2954 c)
340 2920 366 2947 V
391 2918 494 2954 pedis.

297 2965 370 2997 vu,
393 2964 461 2993 393
490 2961 645 2993 Sustinet
671 2965 704 2993 et
730 2966 836 2994 natae
869 2960 1046 3002 Turnique
1069 2961 1161 2992 canit
1189 2960 1409 3003 hymenaeos.

297 3012 352 3044 lx,
379 3008 397 3038 9
428 3008 573 3050 Sceptra
606 3006 764 3039 Palatini
786 3007 967 3049 sedemque
992 3007 1079 3049 petit
1113 3007 1283 3039 Euandri
1334 3010 1375 3039 cf.
1402 3010 1433 3044 S.
1461 3009 1512 3039 lo.
