2023 3350
713 99 955 134 AENEIDOS
987 103 1073 135 LIB.
1102 103 1179 135 Vll.

117 217 232 259 Hinc
274 216 413 258 Italae
451 218 600 270 gentes
633 216 858 270 omnisque
896 216 1104 259 Oenotria
1138 218 1283 269 tellus,
1727 221 1753 259 8

859 274 955 317 Huc
990 275 1105 317 dona
1139 276 1343 318 sacerdos

119 275 168 318 In
211 274 354 317 dubiis
387 287 597 328 responsa
631 276 798 328 petunt.

1697 105 1781 146 337

1758 221 1781 258 Di

119 334 260 384 Quum
301 332 403 375 tulit
439 335 482 374 et
513 346 739 374 caesarum
776 332 919 375 ovium
958 332 1037 375 sub
1073 337 1200 375 nocte
1236 334 1381 376 silenti

116 390 307 433 Pellibus
341 389 538 432 incubuit
576 390 729 433 stratis
764 405 1023 445 somnosque
1056 391 1228 446 petivit:

117 449 258 491 Multa
291 448 431 491 modis
465 448 700 492 simulacra
733 448 851 491 videt
891 450 1122 492 volitantia
1156 450 1290 501 miris,

117 507 175 549 Et
214 507 357 559 varias
395 505 520 548 audit
560 521 706 559 voces,
745 507 992 562 fruiturque
1029 507 1209 550 deorum

1725 512 1781 552 90

118 564 343 619 Colloquio
382 568 513 619 atque
552 565 649 607 imis
689 565 938 608 Acheronta
979 565 1159 607 adfatur
1197 565 1391 607 Avernis.

116 622 199 664 Hic
239 626 281 665 et
319 626 411 664 tum
449 626 576 677 pater
612 623 706 678 ipse
742 628 894 677 petens
928 638 1135 678 responsa
1172 624 1353 665 Latinus

118 681 299 723 Centum
336 681 555 735 lanigeras
597 682 823 724 mactabat
861 682 944 724 rite
987 682 1197 732 bidentes,

115 740 259 793 Atque
295 738 452 781 harum
493 739 665 781 effultus
700 744 822 794 tergo
861 740 1097 794 stratisque
1132 739 1303 781 iacebat

114 796 375 838 Velleribus:
411 796 557 839 subita
596 811 646 839 ex
681 798 772 840 alto
814 812 896 839 vox
932 798 1105 840 reddita
1139 797 1236 839 luco
1271 801 1351 838 est:

113 855 179 897 Ne
214 859 315 909 pete
355 855 580 897 connubiis
618 860 766 898 natam
810 856 977 898 sociare
1011 856 1192 907 Latinis,

115 913 150 955 O
186 927 282 955 mea
318 914 567 968 progenies,
603 913 807 956 thalamis
840 928 923 956 neu
958 914 1085 955 crede
1125 913 1311 967 paratis3

113 971 296 1013 Externi
338 972 509 1013 venient
550 972 715 1025 generi,
754 972 827 1026 qui
863 972 1071 1026 sanguine
1108 976 1307 1013 nostrum

115 1029 282 1071 Nomen
319 1029 364 1071 in
403 1034 526 1071 astra
564 1030 726 1082 ferant,
766 1044 1035 1084 quorumque
1072 1028 1128 1071 ab
1171 1029 1307 1082 stirpe
1349 1031 1528 1082 nepotes

114 1087 270 1129 Omnia
310 1086 391 1129 sub
426 1087 631 1142 pedibus,
673 1102 760 1142 qua
790 1088 863 1130 Sol
898 1091 1130 1141 utrumque
1169 1099 1396 1128 recurrens

1697 1090 1777 1127 loo

113 1145 314 1200 Adspicit
342 1145 581 1197 Oceanum,
622 1146 819 1200 vertique
854 1146 1035 1199 regique
1074 1143 1294 1186 videbunt.

114 1203 235 1246 Haec
270 1217 480 1258 responsa
515 1204 655 1258 patris
697 1204 836 1246 Fauni
876 1204 1154 1257 monitusque
1195 1202 1338 1244 silenti

113 1262 251 1304 Nocte
290 1262 417 1304 datos
453 1275 538 1304 non
567 1262 661 1316 ipse
701 1276 777 1304 suo
816 1262 976 1316 premit
1012 1275 1086 1303 ore
1124 1261 1317 1310 Latinus,

113 1319 198 1362 Sed
234 1320 395 1362 circuni
433 1319 521 1362 late
561 1320 749 1363 volitans
785 1320 872 1363 iam
914 1321 1048 1363 Fama
1086 1333 1166 1374 per
1205 1318 1333 1360 urbes

158 1460 215 1495 85.
245 1459 355 1493 Italia
381 1467 409 1492 et
429 1463 581 1493 Oenotria
605 1466 635 1492 Ιι.
659 1465 679 1491 l.
704 1463 789 1492 illem
815 1463 918 1497 ¹signi-

113 1509 218 1546 ficant,
245 1513 374 1547 terram,
401 1517 484 1545 quae
502 1509 634 1545 Virgilii
656 1514 797 1545 tempore
819 1510 915 1539 ltalia

113 1556 248 1593 dicitur,
276 1555 316 1585 cf.
351 1553 381 1593 1,
409 1553 485 1584 532.

158 1599 213 1631 88.
241 1603 422 1639 ,.Incubare
453 1602 604 1631 dicuntur
634 1602 762 1638 proprie
794 1602 825 1630 lii
863 1603 918 1637 qui

111 1648 275 1677 dormiunt
292 1649 332 1677 ad
353 1648 544 1683 accipientia
568 1650 713 1678 oracula.
758 1649 848 1677 Unde
870 1653 920 1678 est

111 1693 240 1730 (plaut.
258 1695 352 1725 Cttrc.
378 1692 409 1731 2,
433 1692 464 1731 2,
490 1692 552 1730 16)
575 1692 718 1723 incubat
747 1692 822 1724 Ιυυί
849 1695 869 1723 i.
891 1705 918 1723 e.

112 1741 228 1770 dormit
258 1741 291 1769 in
325 1741 504 1777 Capitolio,
547 1745 579 1769 ut
621 1749 781 1776 responsa
817 1741 917 1775 possit

111 1784 294 1822 accipere.“
318 1789 349 1816 S.
400 1787 603 1816 Describitur
627 1789 808 1821 oraculum,
835 1788 918 1822 quoti

111 1833 318 1863 incubatione
358 1833 535 1869 accipitur,
583 1825 806 1872 ἐγκοιμήσεις
854 1841 919 1867 qua

112 1884 221 1908 autem
242 1879 366 1908 ratione
390 1879 524 1914 petitum
545 1878 597 1915 sit,
625 1879 710 1907 satis
733 1879 920 1908 declaratur

112 1925 224 1954 verbis
246 1928 369 1960 poetae.
418 1926 586 1959 Multaque
607 1929 699 1953 erant
718 1925 803 1959 apud
819 1926 917 1954 Grae-

112 1979 170 2001 eos
195 1971 276 1999 talia
301 1972 455 2007 oracula,
486 1977 583 1999 sacra
612 1971 755 1999 maxime
786 1971 919 2000 vatibus

114 2017 276 2053 antiquis,
311 2018 357 2045 ita
379 2016 577 2052 Amphiarai
605 2016 702 2052 Oropi
735 2021 763 2045 et
787 2017 918 2054 Thebis,

114 2063 290 2098 Trophonii
313 2064 354 2091 ad
379 2064 563 2091 Lebadeam
588 2061 646 2097 (de
671 2071 732 2097 quo
758 2062 919 2099 insignem

112 2111 221 2139 locum
239 2116 291 2144 ap.
310 2110 409 2138 Paus.
428 2106 459 2145 9,
478 2107 540 2145 39)
560 2108 705 2138 Calchae
724 2108 758 2137 in
774 2110 917 2147 Daunia,

112 2155 310 2191 Aesculapii
330 2155 487 2191 Epidauri
512 2160 542 2183 et
564 2155 597 2183 in
619 2155 664 2184 Co
690 2155 811 2192 insula,
838 2157 919 2184 Inus

113 2202 147 2231 in
172 2201 319 2231 Laconia
345 2201 465 2237 (Paus.
494 2199 525 2238 3,
553 2198 606 2237 26,
639 2198 687 2237 l),
714 2202 863 2230 Plutonis
889 2206 919 2229 et

114 2248 333 2283 Proserpinae
360 2255 458 2283 prope
483 2249 627 2283 Nysam:
661 2248 740 2276 alia.

158 2291 213 2322 89.
240 2291 354 2322 modis
380 2291 480 2322 miris
503 2293 545 2323 cf.
576 2291 612 2329 1,
641 2290 717 2322 354.

160 2337 214 2368 91.
241 2336 443 2369 Acheronta
482 2343 683 2377 „potestates
719 2347 804 2375 quae
845 2344 919 2369 sunt

113 2386 147 2415 in
172 2386 367 2422 Acheronte,
396 2386 436 2414 ad
460 2393 555 2420 quem
580 2394 636 2421 per
661 2386 834 2415 Avernum
860 2395 920 2415 ve-

112 2432 216 2470 nitur,
249 2433 309 2461 hoc
338 2436 448 2461 autem
478 2432 567 2469 ideo,
599 2432 677 2467 quia
702 2433 836 2462 Faunus
868 2433 920 2461 in-

112 2478 226 2507 fernus
251 2477 369 2507 dicitur
393 2475 505 2507 deus.“
533 2479 564 2506 S.

162 2521 215 2552 92.
243 2525 275 2552 et
308 2525 401 2552 tumx
455 2525 501 2552 Eo
537 2528 693 2561 tempore,
733 2532 795 2559 quo
836 2525 919 2554 illud

116 2569 225 2599 visum
248 2573 429 2606 acceperat,
457 2569 528 2604 ipse
548 2570 628 2598 adiit
644 2571 766 2605 lucum,
792 2574 824 2599 ut
849 2571 920 2606 ipse

113 2623 178 2644 non
204 2624 246 2645 ex
271 2615 349 2644 aliis
372 2615 491 2652 legatis
515 2615 618 2645 fatum
642 2620 859 2652 cognosceret.

160 2660 214 2691 93.
242 2663 380 2691 centum
405 2669 484 2699 ⁷,pro
509 2662 668 2696 qualitate
693 2660 862 2691 fortunae‘ss
885 2664 917 2691 S.

116 2723 154 2728 —
180 2705 262 2738 Rite
283 2707 322 2737 cf.
341 2705 371 2745 3,
391 2705 467 2736 369.
495 2722 533 2727 —
560 2704 718 2737 bidentes
731 2706 816 2745 cns,
840 2706 918 2738 544.

160 2751 214 2783 95.
241 2754 347 2783 Voces
373 2762 416 2783 ex
445 2753 533 2783 lueiS
564 2758 594 2782 et
619 2754 782 2783 montibus
812 2754 919 2784 editae

112 2806 212 2835 saepe
236 2800 320 2830 inter
352 2800 501 2837 prodigia
526 2800 612 2835 apud
638 2800 771 2829 Livium
797 2809 919 2830 memo-

114 2850 226 2875 rantur
247 2850 277 2876 et
297 2847 410 2875 Fauno
432 2846 576 2876 maxime
593 2846 826 2876 tribuebantur.
870 2847 917 2877 Cf.

114 2891 182 2921 cic.
208 2893 247 2922 de
272 2893 339 2922 div.
370 2889 404 2929 l,
431 2889 492 2930 45,
521 2889 597 2921 101.

160 2935 214 2966 96.
240 2935 423 2968 connubiis
446 2939 486 2969 cf.
515 2936 548 2977 l,
572 2935 627 2966 75.
658 2954 696 2958 -
736 2935 821 2968 Pelo
846 2947 920 2969 cum

115 2982 273 3013 infinitivo
308 2986 367 3014 Ov.
403 2987 446 3014 M.
485 2983 523 3022 8,
567 2981 630 3013 421
671 2980 920 3025 victricemque

113 3029 239 3068 petunt
253 3026 399 3061 dextrae
421 3028 639 3072 coniungere
654 3027 828 3061 dextram.
867 3029 919 3069 14,

967 1461 1033 1491 570
1069 1461 1136 1493 Nee
1162 1465 1204 1498 te,
1239 1459 1392 1491 Lcwinia
1421 1459 1532 1501 virgo.
1567 1458 1626 1490 scd
1654 1459 1777 1491 vicisse

964 1512 1101 1550 petunt.
1152 1510 1199 1539 Cf.
1226 1507 1264 1545 2,
1293 1506 1345 1537 33.

1014 1554 1067 1585 97.
1101 1552 1296 1597 Progenies
1323 1556 1359 1583 tle
1388 1562 1451 1583 uno
1478 1554 1556 1584 tilio.
1590 1559 1621 1583 ut
1653 1551 1686 1586 l,
1724 1551 1774 1584 19.

967 1617 1010 1622 -
1032 1599 1203 1632 thalamis
1221 1599 1363 1641 paratis
1380 1609 1425 1629 sc.
1442 1601 1554 1629 Turni.
1599 1600 1649 1630 Cf.
1670 1609 1701 1630 v.
1720 1599 1774 1630 54.

1013 1646 1067 1677 98.
1100 1646 1229 1677 Generi
1251 1652 1284 1676 ut
1310 1656 1340 1676 v.
1366 1645 1408 1675 96
1433 1643 1609 1676 connubia
1635 1648 1776 1682 pluralis

967 1695 1075 1728 stauai
1109 1703 1212 1729 getius
1238 1694 1387 1729 omnino,
1422 1693 1639 1730 connubium,
1678 1702 1776 1728 gener

966 1741 1100 1776 aliquis.
1152 1740 1200 1770 Cf.
1233 1742 1284 1769 Gr.
1317 1740 1338 1773 S
1374 1736 1457 1775 362,
1493 1736 1530 1771 4,
1565 1740 1631 1768 An.
1667 1738 1698 1768 2.
1734 1756 1772 1760 —-

967 1783 1144 1823 „lenient
1171 1786 1379 1824 (xtpnytsc),
1414 1785 1534 1814 melius
1558 1783 1715 1822 veniunt,
1743 1791 1774 1815 ut

968 1833 1033 1861 iam
1056 1841 1112 1861 eos
1138 1832 1250 1861 venire
1275 1830 1468 1868 significet&
1493 1833 1524 1858 δ.
1577 1832 1692 1860 Nescio
1718 1841 1776 1861 cur

967 1879 1008 1907 sit
1031 1879 1139 1907 futuro
1165 1886 1322 1913 praesens
1343 1877 1472 1906 meliuS.
1523 1878 1687 1906 Praesens
1712 1878 1775 1906 etsi

968 1934 1031 1953 non
1058 1925 1220 1961 improbo,
1262 1929 1368 1953 tamen
1397 1928 1429 1952 ut
1459 1931 1500 1952 ex
1527 1923 1636 1951 Servii
1663 1925 1774 1953 verbis

967 1976 1071 2000 ortum
1104 1971 1212 2000 reieci.
1249 1986 1282 1990 —
1320 1965 1516 2011 sanguine,
1554 1970 1709 2005 progenie
1734 1970 1772 2000 ef.

968 2015 1005 2054 6,
1031 2014 1109 2046 836.

1013 2060 1067 2091 99.
1092 2061 1215 2100 ferant
1244 2077 1285 2081 —
1318 2057 1497 2090 videbunt.
1548 2064 1599 2091 lta
1624 2063 1772 2097 explica:

967 2109 1085 2137 Generi
1101 2110 1196 2145 tales,
1221 2113 1253 2137 ut
1273 2108 1387 2144 serant,
1408 2111 1438 2135 et
1455 2108 1595 2137 relativo
1615 2109 1773 2146 definitur,

966 2157 1083 2189 quales
1114 2155 1189 2183 sint.
1240 2155 1390 2182 Alterum
1423 2161 1569 2193 quorum
1606 2156 1775 2184 narrantis

967 2205 1031 2229 est:
1066 2208 1242 2234 eorumque
1273 2203 1406 2234 nepotes
1438 2199 1591 2228 videbunt
1625 2203 1686 2229 sub
1718 2209 1774 2236 pe-

967 2247 1061 2275 dibus
1098 2249 1180 2283 „sub
1213 2245 1347 2280 imperio
1379 2252 1439 2274 suo
1466 2252 1505 2274 ac
1536 2244 1715 2281 potestate-‘⁶
1739 2249 1772 2275 S.

968 2296 1067 2321 totum
1091 2295 1198 2322 orbem
1222 2296 1390 2320 terrarum.

1016 2337 1091 2368 100.
1117 2345 1310 2367 recurrens.
1365 2338 1417 2365 Ab
1456 2335 1579 2365 oriente
1611 2338 1651 2365 ati
1686 2338 1773 2367 occi-

967 2386 1095 2414 dentem
1120 2388 1202 2413 retro
1223 2383 1321 2413 currit
1340 2384 1391 2412 sol
1413 2391 1471 2418 per
1492 2382 1586 2411 diem.
1608 2399 1646 2403 —
1673 2380 1774 2413 Uter-

967 2440 1035 2471 que
1067 2428 1228 2460 Oceanus
1251 2434 1318 2466 est,
1350 2429 1406 2464 qui
1429 2429 1463 2457 in
1488 2429 1643 2458 extremis
1668 2433 1774 2459 terrae

965 2478 1083 2507 finibus
1109 2482 1175 2513 est;
1204 2477 1251 2505 ita
1274 2477 1462 2514 utrumque
1488 2471 1574 2503 litus
1599 2477 1634 2504 G.
1659 2473 1691 2512 3,
1717 2474 1772 2505 33.

967 2525 1062 2559 Prop.
1092 2521 1129 2560 3,
1156 2521 1194 2559 9,
1221 2520 1264 2551 53
1297 2525 1462 2550 extremae
1486 2521 1628 2550 Orientis
1655 2526 1685 2550 et
1713 2523 1773 2552 Oc-

966 2570 1106 2599 cidentis
1127 2574 1236 2604 partes
1262 2572 1347 2597 sunt.
1398 2568 1466 2596 Hoc
1491 2566 1525 2595 in
1544 2569 1677 2597 oraculo
1697 2576 1774 2597 ver-

966 2619 1079 2646 borum
1111 2616 1339 2645 animadverte
1363 2613 1561 2650 gravitatem
1592 2618 1622 2643 et
1654 2615 1773 2650 ampli-

966 2663 1118 2692 tudinem.

1019 2707 1091 2737 101.
1119 2704 1280 2746 vertique
1308 2713 1334 2734 r.
1371 2713 1401 2733 v.
1444 2705 1585 2742 „Dubito
1617 2713 1661 2735 an
1693 2709 1773 2737 haec

967 2755 1009 2784 sit
1035 2762 1154 2784 manus
1172 2752 1316 2789 Virgilii.
1358 2751 1552 2787 Elegantius
1570 2756 1655 2782 certe
1673 2752 1772 2782 foret:

968 2798 1102 2830 domini
1126 2806 1296 2840 regesque
1321 2794 1523 2826 videbuntf‘
1553 2794 1605 2826 Pl.

1017 2845 1090 2875 102.
1123 2842 1292 2881 Montius,
1317 2840 1476 2879 monitio,
1499 2841 1671 2874 monitum
1693 2854 1773 2881 quo-

967 2894 1060 2923 modo
1086 2892 1232 2921 differant
1258 2890 1297 2919 cf.
1324 2891 1377 2918 Gr.
1407 2889 1429 2923 S
1453 2887 1537 2927 206,
1563 2887 1594 2920 6.
1623 2888 1654 2919 7.

1016 2937 1091 2968 103.
1122 2935 1202 2967 Non
1224 2933 1354 2977 premit
1385 2943 1458 2973 ore,
1490 2944 1556 2965 non
1583 2936 1659 2966 silet
1687 2945 1772 2976 „quo

967 2993 987 3015 a
1014 2993 1050 3015 se
1077 2986 1247 3020 repelleret
1274 2979 1432 3019 generos“
1456 2983 1489 3010 S.

1016 3029 1091 3060 104.
1123 3027 1195 3060 Sed
1221 3028 1358 3068 „malim
1384 3025 1438 3058 62⁶⁴
1468 3023 1518 3056 Pl.

1431 3072 1497 3117 22
