2023 3350
679 85 918 120 AENEIDOS
952 88 1041 120 LIB.
1069 87 1147 119 vll.

1667 81 1752 121 377

83 203 261 247 Misceri
298 205 443 258 putet,
483 201 648 244 aeriam
687 201 762 244 sed
805 201 978 255 gurgite
1013 199 1068 242 ab
1105 200 1195 242 alto

84 262 274 318 Urgueri
308 261 535 303 volucrum
571 273 805 301 raucarum
844 259 900 301 ad
939 259 1071 301 litora
1106 257 1275 300 nubem.

1670 256 1753 296 705

202 321 315 362 Ecce
349 317 608 361 Sabinorum
645 318 788 372 prisco
828 317 882 359 de
919 316 1128 370 sanguine
1162 330 1367 370 magnum

86 379 254 433 Agmen
293 391 426 431 agens
463 376 644 418 Clausus
684 376 919 430 magnique
956 375 1051 430 ipse
1090 375 1276 429 agminis
1315 375 1467 426 instar,

88 436 273 480 Claudia
310 448 424 477 nunc
462 448 490 476 a
530 448 616 488 quo
655 434 913 477 diffunditur
957 438 1000 475 et
1038 432 1180 475 tribus
1221 436 1264 475 et
1304 448 1406 488 gens

87 495 170 537 Per
208 494 404 545 Latium,
446 496 682 547 postquam
717 492 761 534 in
801 495 972 547 partem
1012 490 1117 533 data
1146 492 1286 532 Roma
1325 491 1509 534 Sabinis.

86 553 185 596 Una
221 552 372 606 ingens
407 551 636 593 Amiterna
671 550 847 601 cohors,
887 550 1106 604 priscique
1146 549 1348 602 Quirites,

1672 549 1755 589 710

87 611 210 653 Ereti
245 623 398 652 manus
439 609 577 651 omnis
619 609 926 662 oliviferaeque
963 608 1209 655 Mutuscae:

89 669 171 720 Qui
212 669 476 710 Nomentum
515 667 684 719 urbem,
727 667 800 721 qui
835 667 976 708 Rosea
1013 679 1118 707 rura
1151 665 1307 716 Velini,

89 727 171 778 Qui
211 727 410 768 Tetricae
443 725 672 767 horrentes
713 738 843 778 rupes
882 727 1160 777 montemque
1199 724 1415 773 Severum,

90 785 429 840 Casperiamque
467 784 616 825 colunt
651 783 922 836 Forulosque
965 786 1008 823 et
1046 781 1204 824 flumen
1243 781 1482 833 Himellae,

89 844 171 894 Qui
205 842 413 898 Thybrim
448 841 741 895 Fabarimque
775 840 952 890 bibunt3
994 854 1103 893 quos
1141 840 1302 894 frigida
1338 840 1457 882 misit

1673 839 1756 878 715

88 901 271 954 Nursia,
313 904 356 943 et
384 900 598 942 Hortinae
637 900 796 943 classes
833 897 1071 954 populique
1105 899 1274 951 Latini,

276 1030 342 1062 706
357 1049 401 1053 -
417 1030 494 1062 722.
551 1029 712 1062 Clausus.

136 1076 216 1108 706.
245 1076 337 1109 Ecce
361 1080 400 1110 cf.
428 1077 463 1115 2,
492 1076 534 1106 57
568 1084 599 1107 et
628 1077 667 1114 3,
703 1076 779 1107 477.

90 1127 267 1155 laudantur
291 1126 359 1162 illi,
395 1134 437 1155 ex
460 1126 580 1160 quibus
604 1125 730 1159 antiqui
759 1124 900 1153 Romani

90 1172 249 1207 originem
263 1172 394 1201 ducunt.
412 1187 451 1192 —
477 1168 603 1200 Sabini
625 1170 775 1210 antiqua
794 1171 898 1198 natio:

830 1079 900 1106 Iam

82 1210 187 1247 ’Ἐστι
212 1211 250 1246 δὲ
277 1210 530 1246 παλαιότατον
551 1210 653 1256 γένος
678 1211 712 1246 οἱ
743 1212 902 1256 Σαβῖνοι

91 1258 155 1292 καὶ
180 1255 411 1302 αὐτοχθόνες
436 1265 541 1292 Strab.
575 1263 611 1299 5,
645 1261 683 1299 3,
717 1260 730 1291 1
765 1271 796 1298 p.
823 1259 900 1290 228.

91 1311 270 1345 Propterea
287 1310 484 1339 Sabinorum
511 1310 623 1338 ducem
645 1309 722 1339 facit
741 1310 902 1338 Clausum

92 1356 237 1391 aliquem
258 1357 343 1390 quod
358 1357 437 1385 Atta
453 1357 596 1385 Clausus
617 1355 676 1390 (cf.
693 1355 767 1384 Liv.
787 1353 818 1390 2,
839 1354 900 1389 16)

93 1410 168 1432 cum
203 1402 378 1437 quinquies
421 1402 511 1432 mille
549 1403 726 1431 clientibus
764 1403 901 1429 nomam

93 1448 322 1483 connnigravit
355 1452 402 1486 et,
439 1449 524 1483 quod
563 1452 730 1483 tantopere
763 1450 901 1476 auxerat

94 1495 279 1531 civitatem,
312 1495 384 1530 ipse
413 1494 447 1522 in
479 1495 634 1529 patricios
667 1499 815 1528 receptus
842 1497 902 1527 est,

93 1546 125 1570 et
157 1541 298 1570 Claudia
330 1541 435 1569 tribus
474 1543 651 1575 appellata.
709 1543 759 1569 lta
790 1541 901 1568 laudat

95 1587 269 1617 Claudiam
305 1591 450 1623 gentem,
493 1594 548 1621 per
583 1596 677 1616 omne
716 1591 842 1621 tempus
873 1590 902 1615 et

94 1633 265 1663 etiamtum
290 1633 550 1670 nobilissimam,
582 1642 623 1663 ex
649 1641 713 1668 qna
737 1638 808 1668 post
832 1633 903 1661 Au-

96 1684 227 1714 gustum
264 1680 476 1715 imperatores
514 1681 670 1716 prodiere.
726 1679 774 1709 cf.
815 1681 902 1708 Suet.

97 1726 168 1754 Tib.
202 1723 228 1754 Ι.

143 1769 221 1800 709.
252 1768 291 1800 In
322 1772 462 1811 partem
496 1767 583 1800 data
614 1769 725 1800 Roma
765 1767 908 1800 Sabinis

98 1820 149 1846 est
178 1817 305 1846 foedere
335 1817 509 1846 constituto
542 1826 616 1846 cum
641 1818 678 1846 T.
702 1819 813 1855 Tatio,
846 1826 908 1852 (1110

100 1863 134 1892 111
159 1865 272 1892 urbem
298 1863 414 1891 Sabini
438 1863 557 1897 recepti
582 1868 668 1892 sunt.

146 1906 224 1937 710.
252 1906 485 1944 Amiternum,
510 1910 618 1943 patria
637 1910 787 1939 Sallustii
807 1910 910 1938 histo-

101 1955 225 1985 riarum
245 1954 426 1989 scriptoris,
451 1961 538 1983 nunc
558 1953 592 1984 S.
619 1953 793 1985 Vittorino
813 1956 910 1985 vicus

107 1999 119 2029 1
149 2002 231 2030 111111.
254 2002 359 2030 Germ.
393 2002 434 2029 ab
458 2000 585 2035 Aquila
614 2001 649 2029 in
670 2003 826 2030 Abruzzo
858 2003 910 2030 ul-

104 2048 238 2082 101101ος
272 2046 309 2076 vi
338 2050 470 2081 captum
500 2054 521 2075 a
551 2047 712 2076 Romanis
745 2047 820 2076 Liv.
859 2046 910 2083 to,

102 2091 156 2122 39.
187 2108 224 2113 -—-
251 2089 361 2131 prisci
388 2088 555 2131 Quirites,
580 2093 636 2128 (1111
661 2093 763 2122 Cures
789 2093 911 2122 incole-

103 2142 200 2175 bant,
235 2139 375 2174 patriam
403 2140 542 2175 Numae,
576 2147 663 2168 nunc
695 2136 838 2167 Correse
871 2139 912 2167 ad

103 2185 221 2215 fluinen
248 2186 395 2214 eiusdem
418 2185 573 2214 nominis.
610 2200 648 2205 —-
687 2185 830 2219 Quirites
862 2193 913 2214 re-

104 2236 213 2262 centes
238 2235 313 2261 sunt
338 2232 490 2260 Romani.

151 2274 229 2307 711.
263 2275 404 2313 Eretum
427 2286 526 2313 prope
546 2277 689 2306 Tiberim
714 2277 746 2305 in
773 2277 831 2306 via
853 2278 914 2305 Sa-

104 2324 209 2358 11111ος
249 2332 336 2353 1111110
375 2327 431 2352 aut
467 2325 564 2353 vicus
602 2321 720 2352 Monte
750 2320 913 2352 Rotondo

105 2375 161 2400 aut
182 2366 342 2406 Inmane,
370 2369 410 2399 cf.
433 2372 538 2399 Strati.
564 2371 586 2398 1.
615 2371 635 2398 l.
664 2385 703 2390 —
731 2366 914 2398 Mutuscae

105 2417 183 2446 sive
212 2417 370 2451 Trebula,
408 2413 471 2445 non
504 2418 617 2451 procul
644 2424 664 2446 a
688 2415 764 2444 vico
796 2412 915 2443 Monte

112 2460 237 2491 Leone.
303 2462 504 2497 „Trebulani
545 2462 601 2497 qui
645 2461 914 2495 cognominantur

106 2506 314 2538 Mutuscaei“
339 2509 389 2536 Pl.
415 2509 484 2537 NH.
512 2506 547 2544 3,
578 2505 635 2543 12,
664 2505 715 2536 17.
748 2523 786 2527 -
819 2504 915 2545 Τρη-

107 2546 230 2594 βούρα
247 2559 285 2582 τε
303 2548 365 2581 καὶ
379 2547 555 2593 ”Ηρητον·
587 2545 714 2582 ἅπασα
736 2545 768 2582 δ’
790 2545 915 2582 αὐτῶν

107 2592 131 2639 ἠ
154 2596 200 2639 γῆ
224 2593 478 2638 διαφερόντως
504 2591 726 2638 ἐλαιόφυτός
751 2592 826 2628 ἐστι
854 2602 913 2628 010.

109 2648 170 2675 Str.
198 2647 220 2674 l.
248 2647 270 2674 l.

155 2689 233 2720 712.
266 2687 472 2720 Nomentum
501 2692 591 2726 „Hoc
620 2699 662 2720 ex
686 2698 750 2719 sua
773 2697 916 2725 persona

110 2738 186 2768 dicit
212 2741 323 2775 poeta,
349 2745 426 2767 nam
451 2738 557 2767 adhuc
579 2737 701 2766 civitas
724 2739 915 2766 Nomentum

110 2792 176 2814 non
199 2784 316 2819 fuerat,
342 2788 376 2813 ut
398 2784 431 2812 in
453 2788 549 2813 sexto
574 2780 653 2812 ait.“
680 2784 712 2811 S.
762 2783 810 2812 Cf.
836 2780 914 2811 773.

115 2846 153 2851 —
182 2831 344 2867 „Velinus
369 2833 464 2860 lacus
496 2834 545 2859 est
575 2830 665 2859 circa
689 2829 794 2858 Reate
823 2829 917 2858 iuxta

113 2883 244 2914 agrum,
279 2877 336 2912 qui
360 2878 553 2906 Rosulanus
577 2879 733 2912 vocatur,
771 2874 811 2904 cf.
838 2872 916 2903 517.

112 2923 219 2952 Varro
248 2926 357 2952 tamen
389 2923 467 2953 dicit
492 2924 601 2952 lacum
626 2924 712 2951 hunc
734 2929 755 2951 a
779 2922 919 2956 quodam

115 2970 249 2998 consule
284 2969 320 2998 in
360 2971 493 2999 Nartem
529 2970 586 2998 vel
620 2969 730 2997 Naren
771 2966 919 3005 fluvium,

115 3021 191 3044 nam
215 3020 386 3052 utrumque
412 3016 540 3054 dicitur,
565 3022 640 3044 esse
662 3013 824 3052 diffusum,
849 3017 921 3049 post

947 1032 1031 1066 quod
1056 1034 1146 1060 tanta
1171 1036 1218 1060 est
1244 1039 1284 1060 ea
1306 1032 1381 1060 loca
1398 1033 1511 1058 secuta
1534 1028 1699 1058 fertilitas.
1723 1031 1757 1056 111.

948 1078 1047 1106 etiam
1080 1078 1223 1112 perticae
1254 1076 1492 1110 longitudinem
1525 1076 1661 1104 altitudo
1703 1083 1760 1103 sn-

949 1127 1075 1158 peraret
1102 1126 1274 1152 herbarum
1297 1123 1435 1157 (Narrat
1454 1123 1523 1150 RB.
1548 1119 1577 1156 1,
1601 1118 1654 1155 7),
1680 1121 1759 1155 (111111

949 1170 1047 1198 etiam
1078 1174 1235 1204 (1111111111111
1269 1178 1325 1204 per
1357 1169 1440 1197 diem
1473 1170 1634 1203 demptum
1661 1170 1760 1203 esset,

949 1219 1075 1244 tantum
1111 1224 1166 1250 per
1198 1220 1322 1244 noctem
1351 1217 1535 1249 crescebat,
1573 1215 1656 1249 quod
1683 1214 1758 1249 Vgl.

949 1262 1116 1290 transtulit
1141 1264 1177 1291 G.
1204 1260 1241 1293 2.
1268 1258 1405 1291 2⁰¹.st
1429 1264 1460 1290 S.

995 1316 1072 1347 713.
1106 1316 1266 1349 Tetricae
1292 1327 1396 1356 rupes
1415 1318 1588 1352 „Tetricus
1609 1325 1701 1346 mons
1727 1317 1761 1345 in

949 1365 1082 1394 Sabinis
1108 1364 1346 1401 asperrimusf⁴
1375 1367 1425 1395 S.:
1455 1365 1486 1393 in
1511 1364 1685 1398 Apennino
1712 1367 1761 1392 est

949 1416 981 1441 nt
1006 1420 1099 1440 lnons
1117 1414 1270 1441 Severus.
1321 1412 1382 1446 Qui
1408 1411 1470 1440 sint
1494 1411 1656 1441 nescitur:
1683 1413 1760 1438 sunt

949 1459 1102 1492 Gtittling,
1130 1459 1255 1493 Micali,
1282 1459 1337 1493 qui
1364 1458 1495 1486 tetricas
1523 1465 1619 1492 rupes
1645 1458 1761 1485 volunt

948 1513 1023 1534 esse
1046 1502 1081 1533 S.
1106 1501 1297 1540 Giovanni,
1327 1502 1450 1540 Coruo,
1478 1500 1503 1532 il
1527 1511 1621 1543 gran
1643 1500 1761 1531 Sasso.

997 1558 1073 1591 714.
1102 1563 1286 1598 ..Casperia
1310 1562 1415 1597 (1111110
1438 1560 1572 1600 Ᾰψνα)
1598 1565 1627 1589 01
1650 1561 1761 1589 Foruli

952 1607 1059 1643 (1111110
1092 1606 1209 1637 sinim
1243 1606 1434 1643 'romaesaJ
1469 1608 1623 1637 civitates
1653 1605 1762 1636 sunt.“

953 1657 984 1683 S.
1034 1655 1138 1683 Vides
1160 1663 1257 1690 quain
1284 1654 1472 1689 sinmttaria
1499 1656 1592 1683 Serv.
1627 1654 1764 1689 potuerit

956 1701 1088 1737 afferre,
1132 1710 1234 1736 quare
1275 1702 1342 1730 noli
1383 1708 1404 1730 a
1442 1701 1536 1729 nobis
1573 1704 1765 1736 exspectare

958 1748 1064 1782 plura.
1102 1762 1139 1767 —
1181 1744 1302 1776 Foruli
1336 1744 1434 1775 vicus
1463 1747 1580 1776 dicitur
1613 1754 1633 1775 a
1667 1746 1765 1775 Livio

958 1792 1017 1824 26.
1045 1790 1096 1821 11.
1147 1794 1306 1822 Strabone
1336 1794 1356 1821 l.
1392 1794 1412 1820 l.
1463 1795 1661 1822 Mentoratnr
1691 1801 1764 1821 cnm

963 1836 1160 1878 t‘nspernla
1188 1845 1217 1868 et
1243 1839 1411 1868 Amiterno
1439 1846 1457 1867 a
1483 1839 1540 1867 Sil.
1563 1836 1594 1873 Β,
1622 1836 1698 1866 416.
1723 1853 1762 1858 —-

948 1883 1084 1924 flumen
1112 1881 1288 1915 IIImellae
1314 1885 1421 1919 (nunc
1447 1885 1533 1921 Aia)
1560 1886 1598 1913 de
1619 1885 1766 1919 genitivo

957 1931 995 1961 cf.
1033 1931 1069 1966 5,
1112 1928 1164 1961 62.
1226 1932 1393 1960 ..Himella
1429 1931 1626 1960 Sabinorum
1668 1940 1767 1966 prope

958 1977 1151 2012 Casperiam
1177 1980 1310 2007 urhenr*
1334 1978 1409 2006 vib.
1437 1979 1532 2012 Sequ.

1003 2032 1081 2063 715.
1115 2032 1262 2064 Tiberim
1297 2037 1340 2063 M.
1375 2039 1404 2064 et
1437 2037 1528 2064 Serv.
1602 2031 1766 2073 Thybrim

958 2082 1049 2116 vulg.
1073 2088 1172 2115 qnam
1196 2081 1333 2110 formam
1356 2081 1519 2116 praeferre
1542 2081 1670 2110 videtur
1691 2082 1766 2116 vgt.

958 2130 991 2155 ut
1021 2124 1056 2161 3,
1081 2125 1158 2155 500.
1200 2125 1237 2157 6.
1264 2124 1318 2155 87.
1356 2124 1393 2159 7,
1421 2124 1496 2155 151.
1534 2124 1610 2156 242.
1650 2125 1687 2158 S.
1713 2124 1768 2163 6⁴,

962 2171 1002 2201 cf,
1025 2173 1055 2199 S.
1081 2173 1121 2200 ad
1156 2170 1187 2207 8,
1217 2169 1270 2200 31.
1295 2187 1332 2191 -—
1362 2169 1511 2200 Fabaris
1537 2177 1592 2201 aut
1610 2173 1768 2201 Farfarus

961 2217 1068 2252 (nnnc
1108 2214 1241 2252 Farsa)
1281 2218 1391 2246 Tiberi
1433 2218 1536 2246 influit
1573 2225 1593 2247 a
1632 2219 1769 2246 sinistra

961 2268 1051 2299 parte
1080 2270 1181 2298 supra
1207 2264 1320 2292 Cures.
1372 2263 1423 2292 Cf.
1449 2265 1508 2292 ov.
1537 2265 1579 2292 M.
1608 2260 1666 2301 14,
1703 2262 1769 2292 330

961 2317 1131 2338 amoenae
1160 2306 1337 2346 Farfarus
1362 2306 1491 2337 undae.

1009 2363 1087 2394 716.
1121 2362 1252 2394 Nursia
1281 2365 1440 2401 [Norcia]
1467 2366 1601 2396 ..Piceni
1626 2364 1770 2396 (ἔῃ-11115ιι

962 2414 994 2442 S.
1024 2412 1133 2447 patria
1155 2412 1299 2441 Sertorii.
1349 2412 1552 2447 Ampliorem
1579 2413 1666 2442 enim
1693 2413 1771 2442 facit

962 2459 1158 2488 Sabinorum
1195 2458 1376 2492 regionem,
1410 2466 1507 2493 quam
1541 2463 1624 2488 certe
1656 2463 1772 2494 postea

960 2506 1038 2542 fuit,
1071 2505 1118 2534 ita
1149 2508 1179 2533 et
1202 2505 1305 2533 Horta
1330 2512 1414 2539 quae
1449 2508 1497 2533 est
1530 2503 1564 2533 in
1590 2507 1678 2543 loco,
1717 2505 1772 2534 ubi

962 2553 1028 2581 Nar
1055 2551 1165 2580 Tiberi
1194 2551 1401 2588 adiungitur,
1433 2558 1454 2579 a
1479 2550 1589 2579 Plinio
1619 2552 1772 2581 Etruriae

962 2598 1090 2633 oppidis
1129 2601 1374 2626 annumeratur.
1425 2612 1463 2616 —
1519 2593 1658 2626 Classes
1696 2602 1773 2627 sunt

961 2641 1096 2679 priores
1115 2644 1244 2673 ordines
1277 2643 1402 2673 civium
1437 2642 1574 2677 (quales
1605 2648 1681 2673 sunt
1705 2645 1773 2673 Ro-

961 2698 1035 2720 mae
1078 2698 1119 2719 ex
1162 2690 1323 2718 institutis
1362 2689 1575 2726 Servianis),
1622 2691 1706 2719 unde
1743 2694 1775 2719 et

963 2745 1080 2765 nomen
1116 2732 1265 2764 classici.
1317 2751 1355 2755 -
1401 2732 1594 2774 populique
1638 2732 1772 2765 Latini.

963 2784 1046 2817 Ergo
1083 2782 1202 2816 oppida
1241 2789 1263 2811 a
1290 2781 1421 2810 Latinis
1458 2781 1605 2810 habitata
1643 2782 1773 2811 fuerunt

964 2829 1063 2858 etiam
1086 2828 1120 2856 in
1147 2835 1225 2864 agro
1248 2828 1452 2857 Sabinorum.
1503 2828 1563 2862 Qui
1590 2828 1620 2856 si
1645 2830 1774 2858 classes

964 2878 1056 2910 sunt,
1094 2873 1207 2909 populi
1240 2873 1352 2902 Latini
1383 2877 1459 2902 sunt
1491 2874 1652 2903 clientes?
1707 2875 1774 2903 La-

964 2921 1106 2949 tinorum
1131 2920 1247 2956 lingua
1269 2924 1340 2949 orta
1365 2919 1494 2949 videtur
1520 2928 1594 2950 esse
1618 2929 1660 2950 ex
1681 2924 1776 2957 gente

967 2967 1163 2996 Sabinorum
1185 2966 1422 2996 dominantium
1445 2970 1474 2995 et
1493 2966 1676 2996 Siculorum
1698 2968 1776 2996 sub-

967 3013 1133 3043 iectorum.
