2023 3350
203 111 288 150 458

776 105 815 136 Ρ.
845 104 1043 137 VIRGtLtt
1077 104 1291 138 MAROMS

311 217 541 261 Fortunati
576 215 723 258 ambo!
760 216 796 257 si
833 216 938 270 quid
976 230 1073 259 mea
1107 218 1301 259 carmina
1337 220 1531 271 possunt,

198 277 329 320 Nulla
369 275 461 316 dies
493 288 687 328 unquam
722 274 902 315 memori
937 288 1014 315 vos
1055 275 1212 317 eximet
1245 289 1361 326 aevo,

199 336 313 376 Dum
348 332 501 374 domus
542 332 714 373 Aeneae
752 331 942 385 Capitoli
983 331 1204 374 immobile
1239 346 1391 374 saxum

199 391 397 441 Accolet,
437 389 754 443 imperiumque
794 392 921 442 pater
958 389 1178 431 Romanus
1211 390 1403 432 habebit.

314 448 513 489 Victores
551 446 721 500 praeda
756 446 908 488 Rutuli
949 447 1189 501 spoliisque
1227 448 1368 501 potiti,

1774 446 1858 485 450

200 505 479 548 Volscentem
519 505 769 546 exanimum
804 504 955 546 fientes
991 505 1037 545 in
1076 508 1223 546 castra
1262 505 1471 547 ferebant.

199 565 288 605 Nec
323 563 464 604 minor
499 561 544 603 in
587 563 743 604 castris
782 562 925 603 luctus
961 561 1202 603 Rhamnete
1237 567 1410 616 reperto

199 620 423 674 Exsangui
465 623 508 661 et
541 620 694 672 primis
732 634 819 661 una
856 623 924 661 tot
959 620 1090 661 caede
1128 621 1376 673 peremptis,

201 679 477 731 Serranoque
515 677 756 732 Numaque.

817 677 975 731 Ingens
1012 691 1245 719 concursus
1285 677 1341 719 ad
1381 678 1479 731 ipsa

201 737 398 790 Corpora
435 735 753 789 seminecesque
791 735 905 777 viros
939 735 1177 789 tepidaque
1209 739 1425 777 recentem
1778 737 1822 774 4¹⁷

1809 736 1830 773 §.1

1837 736 1859 773 Ol

202 793 345 837 Caede
380 793 523 835 locum
564 796 607 834 et
644 793 795 847 plenos
831 793 1050 848 spumanti
1082 793 1291 846 sanguine
1331 793 1459 835 rivos.

199 852 485 905 Adgnoscunt
518 851 660 904 spolia
699 851 812 892 inter
849 864 913 902 se,
954 850 1211 904 galeamque
1245 850 1454 892 nitentem

201 909 412 963 Messapi,
453 911 495 950 et
530 909 667 949 multo
701 908 907 963 phaleras
946 908 1105 950 sudore
1141 911 1351 961 receptas.

319 967 378 1008 Et
414 966 502 1008 iam
540 966 683 1020 prima
718 980 827 1008 novo
864 966 1102 1020 spargebat
1133 966 1294 1008 lumine
1332 970 1472 1008 terras

207 1024 382 1066 Tithoni
420 1037 621 1066 croceum
659 1023 858 1077 linquens
896 1024 1070 1066 Aurora
1111 1023 1263 1075 cubile,

1780 1025 1864 1064 460

202 1083 295 1124 Iam
329 1082 418 1124 sole
459 1081 624 1134 infuso,
666 1081 755 1123 iam
797 1081 927 1123 rebus
963 1082 1059 1123 luce
1095 1082 1273 1124 retectis

203 1141 371 1182 Turnus
411 1139 455 1181 in
491 1153 614 1180 arma
647 1140 782 1190 viros,
821 1139 953 1181 armis
990 1139 1284 1181 circumdatus
1317 1139 1422 1193 ipse,

205 1198 397 1241 Suscitat
432 1200 693 1251 aeratasque
727 1197 842 1239 acies
877 1197 921 1239 in
958 1197 1125 1251 proelia
1164 1197 1297 1251 cogit,

251 1314 331 1345 447.
357 1315 406 1345 Cf.
431 1315 551 1344 Avien.
573 1316 665 1344 desc.
692 1320 767 1345 terr.
787 1315 855 1345 259
869 1313 1015 1345 memori

207 1360 287 1392 laus
320 1369 456 1400 semper
479 1359 639 1400 pullulat
667 1369 766 1391 aevo.
799 1363 914 1391 Utrum
941 1369 1014 1391 ma—

207 1409 259 1443 gis
285 1407 432 1437 sobrium
461 1407 502 1435 sit
530 1407 638 1435 vides.

252 1452 330 1481 448.
360 1449 483 1480 domus
498 1450 648 1489 Aeneae,
666 1452 740 1481 eius
760 1452 895 1487 posteri.
928 1454 1014 1481 Dum

207 1497 407 1533 Capitolium
430 1497 595 1525 immobile
619 1499 783 1535 accolent,
811 1499 897 1532 quod
926 1506 1014 1527 sem-

208 1553 265 1580 per
290 1543 360 1572 fore
391 1543 511 1572 bomini
534 1544 682 1571 Romano
711 1551 910 1578 persuasum
931 1549 1012 1572 erat.

255 1587 332 1617 449.
366 1585 471 1617 Pater
510 1585 693 1617 Romanus
730 1594 780 1618 est
809 1590 881 1618 siue
916 1589 1012 1617 dubio

208 1635 354 1670 Iuppiter
380 1634 600 1669 Capitolinus,
626 1642 776 1663 summus
803 1636 905 1669 deus,
929 1635 1015 1670 opti·

209 1689 282 1710 mus
316 1680 500 1713 maximus;
540 1684 638 1713 atque
676 1681 704 1708 is
740 1685 789 1709 est
824 1685 917 1715 pater
948 1682 1015 1709 Ro-

209 1734 327 1755 manus
360 1727 380 1754 i.
415 1734 444 1753 e.
478 1726 719 1761 Romanorum,
754 1734 839 1760 quae
872 1734 954 1760 gens
983 1727 1014 1754 in

209 1773 303 1801 lovis
335 1775 385 1799 est
413 1772 524 1799 tutela.
576 1771 616 1799 cf.
641 1773 737 1805 Prop.
764 1771 796 1806 4,
822 1770 849 1798 l.
873 1772 890 1799 7
929 1769 1016 1799 'Fur-

206 1815 378 1858 peiusque
400 1817 503 1856 pater
538 1813 636 1845 nuda
674 1814 715 1844 dc
749 1824 834 1856 rupe
859 1814 1016 1845 tonabat.

209 1865 257 1892 De
291 1864 444 1897 Augus-to
482 1862 652 1897 accipere,
686 1863 771 1896 quod
805 1861 878 1890 fecit
925 1859 1016 1903 Wg,

212 1905 305 1944 (Ld.
341 1910 447 1942 expl.:
480 1909 537 1935 der
571 1908 738 1936 romische
767 1907 918 1943 Biirger]
951 1916 1016 1936 nou

211 1956 305 1990 licet;
334 1961 408 1982 nam
436 1954 463 1981 is
488 1962 551 1981 non
575 1958 682 1988 potest
703 1954 897 1988 simpliciter
913 1956 1017 1992 puter

214 1998 397 2029 Romanus
430 1999 510 2035 (lici,
546 1999 609 2027 etsi
633 2000 805 2028 Ausonius
841 1998 941 2034 praef.
975 2000 1015 2026 ad

210 2045 434 2075 Theodosium
466 2052 496 2072 v.
522 2043 559 2071 ’21
601 2042 650 2072 Τιι
679 2042 781 2073 modo
807 2046 839 2072 te
863 2041 1017 2078 [11‹s2·s.ee,

208 2093 312 2132 pater
341 2087 507 2127 Romane,
532 2092 712 2124 memento,
738 2095 766 2118 et
791 2090 947 2118 Horatius
976 2091 1014 2118 ad

211 2138 400 2171 Augustum
415 2137 448 2165 C.
480 2135 506 2171 t,
534 2135 564 2168 2⁸,
585 2135 629 2162 50
648 2132 702 2164 hic
720 2144 815 2164 ames
831 2133 901 2164 dici
916 2138 1019 2174 pater

211 2185 317 2222 atque
342 2179 524 2221 princeps,-
558 2189 665 2215 neque
689 2182 732 2210 ita
756 2183 909 2210 adulatur
933 2183 1017 2218 vgl„

212 2228 447 2263 sempiternum
474 2232 507 2255 ut
533 2227 605 2255 eius
631 2228 715 2256 dicat
741 2227 811 2255 fore
835 2227 1018 2262 imperium.

215 2271 267 2303 Pl.
283 2273 439 2302 coniecit:
455 2270 709 2312 imperiumque
723 2270 813 2302 orbis
826 2270 1018 2302 Rammius.

217 2317 274 2349 Gt.
301 2320 386 2349 coni.
411 2321 538 2357 palens
555 2327 612 2352 pro
638 2321 751 2356 puter.
779 2319 907 2355 Mirum,
932 2320 1017 2353 quud

212 2365 352 2394 Servius
387 2365 468 2393 nihil
507 2368 655 2393 annotat.
692 2380 737 2384 —-
774 2366 844 2393 Hoc
879 2365 1018 2400 epipho-

211 2419 310 2440 nema
336 2412 442 2447 docet,
470 2410 614 2444 aliquam
641 2411 681 2438 tle
707 2410 825 2439 amicis
845 2410 897 2438 his
918 2411 1018 2439 tradi-

213 2461 278 2486 tam
316 2455 424 2485 fuisse
461 2455 598 2490 famam3
642 2461 729 2484 certe
761 2457 806 2484 ita
842 2457 915 2490 vgt.
950 2458 1020 2484 vult

212 2501 329 2537 accipi,
356 2510 417 2530 nec
441 2502 549 2530 minus
578 2502 637 2530 Ov.
663 2502 760 2530 Trist.
794 2501 821 2538 1,
846 2501 876 2529 5.
904 2501 958 2530 ⁴23.
987 2502 1019 2538 9,

212 2547 270 2583 33,
298 2550 380 2576 Stat.
414 2549 516 2576 Theb.
549 2546 608 2582 10,
641 2544 707 2576 447
740 2547 787 2576 ita
826 2548 1018 2583 loquuntur,

213 2594 311 2628 quasi
325 2600 447 2622 revera
465 2592 661 2622 exstiterint.
695 2593 891 2628 Comparari
911 2597 1019 2627 potest

213 2647 287 2668 cum
313 2640 366 2668 his
393 2639 553 2667 extremis
570 2638 726 2667 versibus
741 2641 823 2668 Stat.
842 2640 943 2668 Theb.
970 2638 1022 2675 10,

214 2682 283 2713 442
305 2693 355 2720 sq.
381 2685 440 2713 Sil.
463 2682 495 2722 4,
521 2683 599 2713 400.

214 2762 281 2794 450
300 2780 345 2783 —
365 2761 443 2793 458.
491 2761 624 2792 Luctus
650 2759 868 2792 Rutulorum
893 2759 936 2793 de
967 2760 1023 2800 iis,

257 2816 348 2849 quos
376 2806 485 2839 Nisus
513 2810 547 2838 et
568 2805 745 2848 Euryalus
769 2806 980 2839 occiderunt.

261 2864 337 2896 450.
363 2866 481 2895 Mirum
514 2870 583 2903 est,
615 2866 701 2900 quod
730 2866 783 2899 qui
810 2873 841 2894 v.
868 2865 934 2895 367
957 2868 1022 2895 La—

216 2912 274 2940 tini
298 2912 450 2940 videnlur
475 2920 574 2941 esse.
608 2919 696 2940 nunc
717 2912 828 2940 Rutuli
855 2912 1023 2945 dicuntum

216 2957 262 2985 ita
292 2965 325 2985 v.
361 2956 428 2986 517
463 2959 605 2986 Rutulos
637 2957 736 2994 dixit,
777 2965 860 2992 quos
891 2965 923 2986 v.
953 2956 1023 2985 505

217 3003 362 3032 Volscos
412 3003 604 3032 nominavit.
664 3004 770 3038 Quum
810 3007 922 3032 tamen
961 3009 1022 3032 eae

1060 1320 1177 1352 gentes
1212 1317 1251 1344 ad
1285 1315 1445 1343 auxilium
1471 1312 1571 1343 Turni
1598 1312 1760 1350 venerint,
1786 1320 1867 1348 pos-

1061 1367 1136 1392 sunt
1159 1361 1324 1391 communi
1350 1360 1481 1389 nomine
1496 1361 1688 1388 Rutulorum
1713 1366 1865 1394 compre-

1060 1408 1170 1445 hendi,
1199 1412 1228 1436 et
1264 1407 1327 1435 iam
1365 1406 1412 1434 illi
1443 1405 1571 1440 equites
1594 1413 1626 1433 v.
1662 1403 1732 1433 428
1754 1404 1867 1433 Rutuli

1061 1458 1090 1482 et
1116 1454 1188 1488 ipse
1222 1455 1389 1483 Volscens
1415 1459 1446 1480 v.
1476 1449 1544 1479 442
1571 1452 1713 1480 Rutulus
1738 1451 1865 1479 dicitur.

1060 1501 1169 1534 Quare
1185 1508 1270 1534 opus
1288 1507 1352 1527 non
1367 1503 1418 1526 est
1432 1497 1625 1526 coniectura
1644 1493 1714 1525 Pli:
1728 1492 1868 1535 praeda

1067 1542 1229 1583 Euryali,
1256 1552 1342 1578 quiae
1368 1543 1442 1572 aliis
1474 1544 1512 1571 de
1538 1542 1674 1571 caussis
1694 1542 1867 1570 etiamim-

1062 1592 1226 1625 probatur.
1261 1587 1344 1628 Wg.
1362 1593 1557 1617 mutatorum
1580 1588 1745 1616 nominum
1764 1589 1868 1616 Rutu-

1062 1639 1167 1664 lorum
1204 1640 1232 1663 et
1270 1634 1461 1663 Latinorum
1497 1635 1651 1668 exempla
1683 1634 1750 1661 alia
1775 1633 1868 1661 affert

1066 1681 1118 1710 10.
1144 1680 1220 1709 390.
1248 1679 1299 1717 tt,
1331 1679 1408 1708 518.
1432 1678 1510 1708 603.
1534 1678 1612 1707 618.
1640 1678 1717 1707 629.
1741 1678 1820 1707 869.

1064 1727 1112 1757 Cf.
1144 1727 1193 1762 10,
1221 1725 1299 1754 512.

1109 1770 1185 1800 454.
1218 1768 1421 1809 Numaque.-
1450 1772 1543 1799 Hunc
1569 1775 1666 1799 antea
1682 1770 1768 1798 inter
1789 1777 1868 1798 cae-

1067 1825 1126 1846 sos
1159 1826 1224 1845 non
1258 1816 1455 1851 nominavit,
1492 1820 1522 1844 ut
1557 1824 1599 1844 ex
1633 1818 1696 1844 hoc
1723 1818 1795 1844 loco
1818 1816 1869 1844 in-

1065 1864 1254 1898 telligamus
1301 1865 1416 1897 plures
1458 1870 1537 1890 esse
1585 1861 1729 1890 occisos.
1790 1863 1869 1890 lude

1065 1910 1272 1937 Schraderus
1299 1908 1439 1936 coniecit
1469 1904 1646 1946 Lamoquc
1668 1907 1710 1935 cf.
1737 1915 1768 1935 v.
1790 1905 1868 1936 334.

1065 1958 1230 1983 Serranus
1258 1959 1456 1982 memoratur
1478 1961 1509 1981 v.
1537 1951 1614 1981 335.
1660 1952 1708 1982 Cf.
1733 1951 1812 1982 593.

1110 1998 1185 2028 455.
1214 1997 1450 2039 „Tepidaque
1461 1999 1630 2027 recentem
1642 1995 1870 2027 caedelocum

1063 2047 1243 2080 hypallage
1268 2050 1315 2073 est
1344 2053 1400 2080 pro
1425 2041 1580 2082 tepidum
1611 2041 1720 2072 locum
1740 2041 1871 2073 recenti

1063 2089 1179 2120 caede.
1238 2092 1331 2119 Unde
1372 2091 1461 2118 multi
1497 2092 1608 2124 legunt
1643 2087 1868 2129 tepidumque

1065 2136 1238 2176 (MPRyt)
1265 2133 1394 2164 recenti
1433 2135 1542 2173 (¹²7¹)
1575 2132 1681 2163 caede
1716 2132 1869 2163 (nomm-⁴

1067 2186 1100 2211 S.
1133 2186 1203 2212 Non
1236 2187 1284 2211 est
1320 2183 1499 2216 hypallage
1531 2180 1572 2208 cf.
1609 2179 1637 2215 1,
1668 2180 1690 2207 8
1722 2182 1780 2208 sed
1817 2181 1870 2209 ubi

1066 2230 1202 2264 caedes,
1228 2228 1270 2256 ibi
1303 2228 1443 2261 sanguis
1478 2230 1548 2261 est;
1582 2226 1656 2254 hinc
1683 2227 1743 2254 ΟΥ.
1772 2229 1812 2254 Μ.
1838 2225 1870 2263 4,

1070 2274 1131 2302 125
1161 2270 1304 2302 Arborei
1326 2271 1424 2309 fetus
1447 2269 1665 2311 adspergine
1688 2269 1808 2300 caedis
1834 2269 1871 2300 in

1064 2322 1181 2348 atram
1212 2320 1398 2348 vertuntur
1425 2314 1558 2355 faciem
1586 2323 1617 2346 et
1644 2319 1721 2346 Luc.
1746 2317 1776 2354 7,
1803 2315 1872 2346 294

1064 2363 1233 2394 immensa
1257 2361 1405 2403 populos
1431 2360 1467 2391 in
1488 2359 1594 2391 caede
1610 2364 1798 2398 natantes‚·
1821 2363 1872 2392 sio

1065 2411 1151 2439 infra
1175 2419 1207 2440 v.
1233 2410 1301 2439 818
1327 2406 1451 2438 abluta
1477 2405 1584 2437 caede
1610 2409 1739 2443 legitur.

1112 2455 1188 2484 456.
1217 2452 1399 2495 spumanti
1428 2451 1608 2493 sunguine
1633 2456 1684 2493 γι).
1734 2457 1872 2489 spumat

1066 2503 1218 2537 sanguis,
1242 2503 1316 2530 (lum
1341 2501 1533 2535 effunditur,
1560 2499 1735 2528 effunditur
1750 2505 1871 2537 autem,

1067 2556 1165 2582 quum
1197 2548 1259 2576 viri
1291 2548 1433 2575 nondum
1467 2546 1584 2574 mortui
1616 2546 1679 2574 sint
1706 2545 1872 2581 (semine-

1066 2593 1156 2629 ces).
1181 2609 1224 2613 —-
1253 2588 1451 2631 spumantis
1475 2593 1565 2620 MPR
1593 2591 1745 2620 videntur
1782 2592 1872 2627 dare,

1071 2648 1086 2668 s
1105 2647 1148 2668 ex
1168 2642 1330 2673 sequente
1348 2639 1514 2666 vocabulo
1533 2641 1686 2672 attracto,
1712 2640 1872 2666 utcontra

1067 2682 1173 2725 pleno
1194 2687 1226 2713 Μ
1249 2681 1372 2724 plenos
1399 2685 1507 2722 PRyc.
1535 2683 1578 2712 cf.
1604 2681 1637 2720 2,
1664 2681 1741 2711 755.

1071 2794 1202 2827 459—
1226 2794 1304 2826 472.
1372 2792 1496 2825 Rutuli
1540 2792 1684 2825 Teucris
1724 2791 1800 2825 Nisi
1839 2797 1873 2824 et

1207 2839 1351 2883 Euryali
1378 2839 1493 2881 capita
1524 2837 1725 2871 ostendunt.

1113 2909 1191 2940 459.
1219 2913 1365 2946 Tempus
1399 2909 1593 2940 matutinum
1624 2908 1716 2937 varie
1745 2909 1872 2939 descri-

1069 2958 1155 2986 bitur
1177 2957 1219 2986 cf.
1249 2955 1300 2992 tt,
1330 2955 1405 2985 182.
1430 2971 1474 2975 --
1498 2955 1600 2983 Iidem
1632 2961 1663 2983 v.
1689 2953 1721 2992 4,
1744 2953 1822 2985 584.
1839 2954 1870 2984 5.

1114 3001 1192 3032 461.
1221 2999 1385 3032 iam-iam
1410 3000 1452 3029 cf.
1477 2998 1510 3037 5,
1532 2998 1613 3028 857.
