2023 3350
706 123 940 158 AENEIDOS
966 125 1052 158 LIB.
1078 125 1122 158 11.
1678 128 1732 166 97

76 229 254 293 ⁴Ingens
290 251 368 280 ara
401 236 500 289 fuit,
539 236 745 291 iuxtaque
781 236 1012 280 veterrima
1046 236 1204 289 laurus,

101 296 354 338 Incumbens
392 308 494 337 arae
530 297 659 349 atque
692 294 847 336 umbra
884 295 1109 349 complexa
1143 294 1335 336 Penates.

101 354 183 396 Hic
219 352 396 395 Hecuba
430 355 472 394 et
504 356 632 394 natae
664 351 955 406 nequidquam
991 351 1150 394 altaria
1187 353 1358 404 circum,

1650 357 1731 396 515

100 411 359 464 Praecipites
397 413 494 452 atra
533 423 610 451 ceu
646 413 901 463 tempestate
939 409 1174 461 columbae,

103 468 348 511 Condensae
388 471 430 509 et
467 467 608 508 divom
645 468 866 521 amplexae
905 468 1135 510 simulacra
1172 466 1390 508 sedebant.

99 527 245 579 Ipsum
277 529 421 568 autem
459 525 638 579 sumptis
674 525 891 566 Priamum
926 524 1190 567 iuvenalibus
1226 524 1357 566 armis

99 583 158 625 Ut
195 582 322 625 vidit:

383 583 501 634 Quae
534 596 652 625 mens
691 587 780 624 tam
818 582 930 635 dira,
970 583 1207 624 miserrime
1241 582 1435 633 coniunX,

99 640 274 694 Impulit
307 640 373 682 his
411 640 523 694 cingi
558 641 685 682 telis?
729 644 805 682 aut
841 654 925 694 quo
963 641 1081 682 ruis?
1121 640 1272 693 inquit.

1650 643 1672 680 Οἵ

1679 642 1701 680 [0

1706 642 1731 680 Ο

100 698 196 739 Non
233 698 311 740 tali
349 698 524 749 auxilio,
564 712 641 740 nec
681 698 975 740 defensoribus
1012 698 1107 740 istis

99 755 282 810 Tempus
320 759 435 810 eget;
472 769 573 807 non,
613 756 648 797 si
681 756 773 810 ipse
807 769 925 798 meus
960 770 1070 797 nunc
1108 753 1281 796 adforet
1315 753 1476 795 Hector
1509 778 1565 783 -—

99 813 193 855 Huc
229 813 405 855 tandem
438 813 644 865 concede,
683 813 789 855 haec
825 827 902 855 ara
937 812 1129 854 tuebitur
1171 825 1325 863 omnes,

97 871 185 912 Aut
221 871 405 912 moriere
442 870 577 912 simul.

645 870 714 913 Sic
755 885 828 913 ore
865 870 995 913 effata
1031 870 1192 924 recepit

98 928 165 970 Ad
202 942 294 970 sese
335 932 377 970 et
412 942 540 970 sacra
574 928 826 982 longaevum
860 929 904 970 in
939 928 1039 970 sede
1072 926 1243 969 locavit.

1650 929 1673 967 271

1680 930 1713 967 rc

1711 928 1730 966 υἱ

212 987 322 1028 Ecce
356 989 500 1027 autem
533 986 703 1039 elapsus
738 985 889 1041 Pyrrhi
923 985 975 1027 de
1011 983 1141 1027 caede
1174 983 1344 1034 Polites,

98 1043 218 1085 Unus
256 1046 458 1086 natorum
492 1043 669 1095 Priami,
706 1057 784 1098 per
819 1043 923 1095 tela,
963 1056 1040 1097 per
1076 1042 1220 1083 hostes

97 1100 341 1143 Porticibus
378 1101 516 1154 longis
552 1100 661 1154 fugit
696 1104 739 1142 et
770 1114 905 1142 vacua
942 1100 1055 1142 atria
1085 1100 1244 1141 lustrat

98 1158 288 1201 Saucius.

95 1358 208 1392 habet3
242 1357 286 1385 ita
311 1356 495 1385 nominatur
513 1354 640 1385 atrium
665 1356 697 1393 1,
724 1355 806 1392 725,
833 1364 890 1383 ca-

94 1399 258 1431 vaedium
291 1401 328 1438 2,
367 1401 449 1439 487,
493 1400 697 1431 vestibulum
737 1401 775 1439 6,
813 1400 890 1437 273,

96 1445 244 1476 lacunar
265 1447 304 1485 8,
331 1447 375 1476 25
400 1448 474 1477 alia.
524 1449 648 1483 Quales
672 1448 748 1476 illae
775 1447 891 1476 Troia-

95 1501 210 1522 norum
235 1495 352 1522 domus
376 1493 535 1530 fuissent,
565 1494 638 1529 ipse
661 1495 732 1528 vgt.
757 1493 890 1522 nescie-

95 1541 159 1567 bat.
187 1553 233 1559 —
263 1539 326 1568 Alii
359 1540 457 1568 alium
489 1541 613 1575 locum,
647 1547 709 1573 quo
738 1539 889 1567 Priamus

94 1592 218 1613 caesus
235 1589 337 1621 esset,
357 1585 550 1614 referebant.
593 1585 710 1614 Graeci
724 1585 888 1613 Priamum

95 1631 135 1659 ad
162 1637 253 1660 aram
279 1631 368 1660 lovis
390 1631 523 1668 Hercei,
550 1639 633 1666 quae
655 1632 784 1660 solebat
809 1638 887 1659 esse

92 1676 126 1705 iu
147 1675 221 1711 ipso
245 1676 372 1705 aedium
395 1677 537 1712 introitu,
564 1677 711 1706 occisum
735 1676 889 1713 referunt,

94 1722 151 1750 alii
175 1729 249 1750 eum
273 1727 407 1751 narrant
437 1730 457 1752 a
478 1724 604 1757 Pyrrho
632 1728 762 1757 captum
793 1727 823 1750 et
848 1723 888 1750 ad

94 1767 233 1796 Achillis
251 1770 407 1796 tumulum
425 1773 561 1796 tractum
583 1768 793 1802 occisumque
811 1776 889 1796 esse

91 1813 187 1842 iuxta
208 1814 339 1848 Sigeum
367 1814 629 1849 promontorium.
678 1816 769 1843 Haec
794 1814 888 1842 tradit

93 1862 186 1887 Serv.
213 1874 257 1878 —
280 1859 326 1889 Cf.
353 1859 428 1888 557.

141 1903 217 1932 515.
250 1901 504 1943 Nequidquam,
526 1913 632 1939 neque
651 1905 735 1933 enim
754 1911 813 1933 eas
831 1911 889 1933 ara

95 1950 255 1979 servavit.
296 1950 344 1978 De
360 1951 494 1985 repetito
514 1952 676 1979 vocabulo
697 1950 738 1979 cf.
760 1949 790 1986 6,
810 1949 887 1978 901.

141 1994 218 2022 516.
249 1992 449 2023 Condensae
465 1998 634 2031 sedebant,
654 2001 685 2023 ut
701 1993 888 2032 columbae,

94 2048 189 2076 quae,
212 2048 330 2075 magna
350 2045 543 2075 tempestate
564 2046 643 2075 orta,
662 2045 749 2069 metu
769 2045 888 2076 captae

93 2086 126 2114 in
149 2091 266 2114 terram
292 2094 330 2114 se
355 2087 580 2121 praecipitant.

139 2130 216 2160 517.
243 2129 431 2160 simulacra
450 2130 622 2161 tenebant.
663 2132 710 2159 De
730 2133 790 2159 hoc
810 2139 890 2165 sup-

94 2177 284 2212 plicantium
315 2185 403 2205 more
432 2178 472 2206 cf.
506 2177 544 2215 4,
572 2177 647 2205 219.
695 2178 788 2205 Adde
812 2176 888 2204 490.

94 2226 232 2258 sperant
266 2223 363 2251 etiam
396 2231 433 2252 se
473 2224 518 2252 ita
559 2226 599 2252 ab
638 2222 763 2251 iniuriis
802 2226 890 2251 tutos

94 2268 174 2297 fore.

139 2313 216 2342 518.
246 2310 424 2342 Iuvenalis
444 2314 561 2347 legitur
580 2313 613 2349 5,
638 2311 716 2342 475.
753 2311 786 2349 8,
815 2311 888 2341 163.

95 2360 192 2394 Apud
218 2359 398 2393 scriptores
423 2359 583 2394 reperitur
607 2356 778 2387 iuvenilis.

140 2405 218 2432 519.
248 2401 345 2433 Mens
393 2413 459 2433 non
499 2409 567 2439 est,
615 2406 700 2439 quod
742 2404 889 2433 animus:

101 2446 262 2478 lVelcher
286 2447 513 2479 schrcclcliche
537 2448 703 2479 Gedanlre
725 2447 785 2479 hat
812 2446 890 2478 dich

95 2493 188 2523 dazu
217 2491 394 2534 gebracht.
448 2495 496 2525 Cf.
527 2495 562 2532 l,
598 2495 674 2525 676.
724 2497 778 2524 Sic
811 2497 887 2524 Hor.

95 2542 130 2569 C.
162 2540 192 2575 1,
219 2539 274 2576 16,
300 2539 344 2568 22
369 2549 539 2580 compesce
564 2544 727 2577 mentem,
760 2542 888 2577 cohibe,

92 2594 179 2614 neve
205 2586 382 2620 eloquaris.
431 2587 484 2615 Sic
511 2589 569 2622 Ep.
602 2587 627 2623 t,
656 2586 687 2623 2,
714 2586 770 2616 60.
819 2589 888 2617 Cat.

96 2631 151 2661 15.
188 2629 236 2659 14.
286 2631 355 2660 Tit).
389 2630 424 2668 4,
455 2631 492 2670 3,
525 2632 554 2661 7.
608 2632 656 2663 Cf.
688 2632 726 2670 6,
760 2632 811 2661 ll.
847 2648 889 2652 —

94 2674 193 2706 dirus
222 2676 262 2705 cf.
293 2676 351 2714 12,
374 2676 450 2706 845.

138 2722 213 2751 521.
246 2719 327 2751 Tali
343 2720 489 2758 auxilio,
511 2725 608 2757 quale
624 2727 657 2751 tu
676 2727 770 2758 potes
789 2723 885 2761 ferre,

92 2773 123 2797 et
150 2765 389 2804 defensoribus
415 2765 644 2806 istis,-qualis
671 2773 703 2797 tu
731 2776 779 2798 es.

137 2813 216 2842 522.
245 2810 285 2842 Si
301 2821 397 2842 meus
417 2810 542 2843 Hector
560 2811 699 2851 adforet
718 2822 765 2843 sc.
785 2816 887 2851 „sub-

92 2860 202 2889 audis:
232 2865 347 2894 posset
365 2858 575 2888 defendere.“
605 2862 637 2888 S.
677 2861 769 2895 Quod
786 2860 886 2889 facile

92 2913 110 2934 e
139 2906 357 2940 praecedente
385 2905 594 2934 substantivo
616 2908 800 2944 suppletur,
827 2908 885 2935 sed

92 2958 112 2979 a
135 2953 270 2979 Hecuba
295 2951 420 2980 irritata
445 2951 609 2979 omittitur.

137 2995 214 3025 526.
241 2997 364 3025 Polites
398 2998 516 3032 pedum
543 2996 711 3025 celeritate
744 2997 884 3031 insignis

92 3041 132 3070 cf.
150 3043 244 3071 Hom.
261 3044 296 3071 11.
314 3041 347 3081 2,
372 3041 448 3072 791.
468 3058 511 3062 -—
532 3039 688 3082 Elapsus
703 3039 746 3072 de
762 3040 887 3072 caede.-

347 1158 475 1200 Illum
513 1157 668 1200 ardens
705 1157 861 1200 infesto
898 1158 1068 1199 volnere
1101 1155 1289 1210 Pyrrhus

96 1216 356 1270 Insequitur,
395 1215 481 1257 iam
514 1215 684 1270 iamque
718 1229 848 1257 manu
883 1219 1000 1257 tenet
1035 1218 1078 1256 et
1110 1213 1267 1268 premit
1300 1210 1440 1252 hasta.

1648 1213 1730 1252 530

938 1358 991 1385 Sic
1018 1357 1083 1386 Cic.
1109 1357 1173 1384 ΑΗ.
1203 1353 1230 1389 l,
1257 1352 1308 1389 16,
1331 1352 1351 1380 6
1389 1347 1636 1387 Reipublicae
1658 1352 1730 1380 sta-

937 1406 1007 1433 tum
1035 1424 1063 1431 ..
1091 1399 1247 1440 elapsum
1275 1396 1359 1428 scito
1389 1405 1461 1425 esse
1492 1394 1535 1425 de
1558 1394 1729 1426 manibus.

982 1462 1058 1491 528.
1092 1458 1283 1492 porticibus
1319 1455 1436 1499 longis
1473 1459 1536 1486 ahl.
1575 1458 1650 1486 loci.
1687 1474 1731 1478 -

943 1505 1083 1538 Lustrat
1104 1509 1124 1536 i.
1140 1516 1167 1536 e.
1189 1506 1357 1542 percurrit,
1380 1512 1427 1532 sc.
1448 1503 1730 1541 circumspiciens,

937 1555 989 1583 ubi
1019 1555 1058 1583 sit
1088 1555 1219 1588 aliquod
1251 1552 1311 1581 sihi
1339 1549 1510 1585 refugium.
1562 1546 1732 1579 Lustrare

935 1601 980 1629 ita
1005 1600 1041 1635 3,
1074 1600 1150 1628 335.
1197 1600 1233 1633 9,
1265 1597 1318 1626 57.
1369 1598 1446 1625 nor.
1473 1597 1507 1625 c.
1534 1593 1570 1630 3,
1596 1594 1656 1631 25,
1688 1595 1730 1623 12

932 1643 1022 1687 pede
1047 1643 1194 1674 barbaro
1217 1642 1401 1672 lustratam
1429 1642 1449 1670 i.
1472 1649 1499 1670 e.
1528 1646 1729 1676 pererratam

1189 1691 1243 1719 Sic
1269 1687 1421 1718 lustrare
1449 1687 1468 1715 i.
1497 1694 1526 1715 e.
1559 1694 1730 1722 permeare

937 1689 1140 1731 Rhodopen.

1299 1730 1411 1763 stella
1433 1730 1576 1761 Veneris
1593 1741 1730 1762 cursum

935 1739 974 1766 de
993 1739 1100 1766 stellis
1122 1737 1256 1765 dicitur:

936 1791 1027 1812 anno
1068 1780 1204 1819 conficit
1238 1783 1270 1810 et
1311 1776 1534 1809 latitudinem
1575 1774 1731 1808 lustrans

935 1826 1101 1869 signiferi
1125 1825 1215 1857 caeli
1239 1828 1271 1855 et
1300 1821 1556 1864 longitudinem
1578 1825 1645 1853 Cic.
1661 1826 1728 1853 ΝΒ.

934 1874 973 1911 2,
1000 1874 1053 1903 20.
1085 1889 1129 1894 -
1167 1872 1287 1902 laeua
1316 1868 1409 1900 atria
1437 1875 1512 1899 sunt
1535 1876 1642 1898 vacua
1669 1873 1730 1899 no-

935 1921 1087 1955 minibus,
1115 1920 1164 1948 sic
1191 1919 1222 1955 4,
1245 1917 1300 1946 82.
1348 1917 1396 1953 12,
1420 1914 1497 1944 476.
1545 1917 1596 1944 Ita
1620 1920 1729 1944 autem

935 1974 1000 1994 rem
1021 1967 1075 1995 tihi
1097 1966 1196 2001 tinge:
1235 1963 1397 1997 Porticus,
1421 1961 1454 1990 in
1473 1961 1590 1996 quibus
1607 1963 1730 1996 praeda

934 2014 1025 2040 nulla
1048 2016 1133 2047 erat,
1165 2019 1185 2039 a
1209 2010 1346 2038 Graecis
1373 2016 1451 2036 esse
1476 2009 1666 2049 neglectas,
1699 2012 1729 2036 et

934 2059 1030 2085 modo
1055 2059 1231 2092 Pyrrhum,
1265 2062 1363 2089 quum
1387 2054 1515 2082 Politen
1549 2061 1746 2088 perseque-.

934 2108 1034 2138 retur,
1058 2104 1135 2131 illuc
1161 2101 1309 2131 abstrahi
1327 2100 1439 2129 caedis
1458 2099 1620 2134 cupidine.
1662 2101 1729 2128 Ex-

935 2148 1055 2182 plicant
1083 2155 1198 2176 vacua
1227 2148 1352 2181 ampla,
1387 2145 1555 2182 spatiosa,
1592 2152 1730 2179 eamque

936 2194 1067 2222 student
1098 2193 1223 2221 firmare
1252 2191 1506 2226 explicationem
1540 2190 1624 2219 locis
1651 2190 1727 2219 761.

940 2238 991 2272 12,
1016 2238 1092 2274 710,
1119 2245 1217 2272 quum
1240 2242 1376 2270 utroque
1400 2236 1431 2264 in
1455 2237 1529 2263 loco
1553 2237 1643 2270 regio
1668 2237 1731 2264 ali-

936 2291 998 2319 qua
1023 2284 1207 2312 hominibus
1228 2289 1337 2311 vacua
1362 2280 1578 2316 significetur;
1601 2281 1646 2309 ita
1670 2278 1729 2310 de-

934 2332 1045 2359 sertus
1068 2329 1103 2365 3,
1131 2329 1161 2357 4.

981 2390 1057 2419 529.
1091 2387 1239 2418 l‘ulnere
1264 2385 1476 2428 insequitur,
1503 2387 1558 2422 qui
1582 2387 1730 2422 insequi-

936 2441 987 2465 tur
1024 2437 1268 2465 vulneraturus.
1329 2435 1379 2462 Ita
1418 2429 1543 2462 vulnus
1578 2434 1730 2462 effectum

937 2491 994 2518 pro
1029 2480 1096 2511 telo
1132 2481 1292 2510 efficiente
1326 2481 1446 2508 dictum
1480 2485 1613 2508 sumunt
1649 2487 1729 2509 esse

934 2529 1130 2563 interpretes
1165 2532 1196 2555 ut
1225 2526 1282 2557 10,
1313 2523 1378 2553 140
1410 2521 1565 2565 dirigere
1592 2522 1729 2554 vulnus.

936 2575 992 2604 Sil.
1020 2574 1052 2611 t,
1079 2573 1145 2602 397
1179 2570 1284 2602 Adest
1309 2568 1438 2608 infesto
1465 2567 1606 2599 vulnere
1633 2567 1730 2599 Lad—

935 2628 1021 2649 mus.
1072 2620 1130 2648 Ov.
1155 2621 1197 2647 11.
1225 2618 1260 2654 9,
1290 2616 1351 2645 126
1383 2613 1550 2652 Vulnere,
1576 2624 1643 2645 non
1667 2625 1729 2656 pe-

936 2663 1036 2694 dibus
1070 2667 1103 2694 tc
1133 2671 1334 2703 consequar.
1383 2661 1536 2690 Similiter
1566 2659 1644 2691 laus
1670 2670 1728 2698 pro

933 2709 1047 2740 virtus
1080 2710 1114 2747 1,
1149 2708 1224 2738 461.
1273 2706 1417 2737 haerent
1450 2715 1508 2742 pro
1540 2705 1729 2738 admoven-

932 2759 990 2787 tur
1015 2755 1092 2785 442.

978 2812 1055 2842 530.
1082 2809 1316 2851 iamiamque:
1362 2809 1518 2838 Proxime
1543 2809 1659 2847 instat,
1696 2813 1728 2838 ut

933 2859 1053 2894 quovis
1080 2862 1241 2887 momento
1274 2856 1424 2884 videatur
1447 2862 1527 2884 esse
1558 2861 1727 2890 capturus.

933 2921 976 2924 —
999 2901 1124 2944 premit
1149 2900 1270 2932 hasta.-
1315 2903 1382 2930 lam
1409 2901 1441 2929 in
1466 2908 1506 2929 eo
1532 2905 1583 2930 est
1609 2903 1665 2936 N.,
1695 2905 1727 2929 ut

932 2953 1062 2979 hastam
1089 2954 1178 2984 tergo
1203 2949 1366 2983 imponat,
1398 2954 1496 2981 quum
1525 2946 1665 2975 concidit
1691 2947 1725 2974 P.

933 3004 976 3025 ex
1001 2998 1137 3024 vulnere
1163 2994 1227 3023 iam
1252 2998 1327 3021 ante
1350 2997 1487 3027 accepto
1511 2997 1539 3021 et
1565 2997 1641 3021 ante
1668 2999 1727 3020 ora

932 3042 1124 3078 parentium.
1150 3056 1194 3059 —
1221 3036 1380 3069 Premere
1405 3038 1446 3067 cf.
1476 3037 1508 3076 1,
1533 3037 1612 3068 32⁴.

1424 3083 1454 3127 ἵ
