2023 3350
320 135 400 175 612

320 246 515 287 Diversos
551 241 621 281 ubi
654 239 783 281 sentit
816 251 947 291 equos
985 253 1237 294 currumque
1272 240 1432 291 referri,

847 128 883 159 P.
909 127 1102 161 VIRGan
1130 127 1340 161 MARONIS

1840 238 1922 278 495

322 301 455 343 Multa
490 299 627 339 Iovem
660 300 702 338 et
734 296 838 337 laesi
872 298 1052 337 testatus
1085 295 1268 338 foederis
1303 312 1412 348 aras,

322 360 411 399 Iam
440 354 609 396 tandem
644 353 808 394 invadit
840 352 1019 404 medios,
1059 356 1101 394 et
1136 353 1274 395 Marte
1310 354 1491 396 secundo

321 411 536 454 Terribilis
572 423 738 452 saevam
771 410 885 451 nullo
919 409 1160 451 discrimine
1190 410 1360 452 caedem

321 469 526 519 Suscitat,
557 468 797 520 irarumque
829 480 971 508 omnes
1009 466 1185 508 effundit
1220 466 1421 509 habenas.

434 525 535 575 Quis
570 524 672 565 mihi
702 537 810 565 nunc
843 527 909 565 tot
937 523 1093 565 acerba
1126 523 1246 574 deus,
1284 524 1376 577 quis
1410 525 1594 566 carmine
1632 521 1783 565 caedes
1842 523 1925 563 500

320 582 537 633 Diversas‚
571 581 815 633 obitumque
851 580 1023 631 ducum,
1065 594 1169 634 quos
1204 593 1390 634 aequore
1420 585 1512 622 toto

321 640 453 693 Inque
487 639 618 680 vicem
653 651 763 679 nunc
800 637 962 679 Turnus
1000 638 1105 691 agit,
1140 651 1252 678 nunc
1289 637 1437 679 Troius
1470 638 1606 689 heros,

321 695 559 750 Expediat‘?
599 699 751 737 tanton
786 695 946 748 placuit
981 707 1233 736 concurrere
1266 698 1396 746 motu,

321 753 528 807 Iuppiter,
565 756 738 794 aeterna
781 755 923 805 gentes
954 752 998 793 in
1034 765 1137 805 pace
1169 751 1360 793 futuras?

321 812 483 852 Aeneas
519 810 721 851 Rutulum
761 809 987 851 Sucronem
1015 833 1072 839 —
1096 822 1146 850 ea
1178 809 1319 862 prima
1352 810 1520 849 ruentes

321 868 467 920 Pugna
498 867 590 908 loco
624 866 775 909 statuit
808 866 991 908 Teucros
1016 891 1073 897 —
1096 865 1211 907 haud
1246 865 1381 906 multa
1410 867 1645 906 morantem

321 924 491 978 Excipit
526 924 570 965 in
604 924 733 974 latus,
770 927 829 974 et,
868 937 952 978 qua
989 923 1104 965 fama
1145 922 1382 973 celerrima,
1421 921 1595 963 crudum

321 980 593 1034 Transadigit
627 984 767 1023 costas
803 983 845 1022 et
881 984 1018 1022 crates
1057 980 1242 1035 pectoris
1281 992 1432 1021 ensem.

322 1039 484 1080 Turnus
523 1052 629 1092 equo
671 1038 878 1080 deiectum
916 1039 1136 1092 Amycum,
1170 1036 1430 1089 fratremque
1462 1035 1646 1086 Diorem,

323 1096 581 1149 congressus
614 1095 759 1149 pedes,
794 1095 905 1136 hunc
944 1095 1177 1137 venientem
1216 1093 1390 1148 cuspide
1425 1093 1565 1146 longa,

1847 1090 1929 1129 510

321 1152 444 1194 Hunc
475 1166 675 1194 mucrone
708 1152 826 1204 ferit3
864 1165 1074 1206 curruque
1112 1151 1279 1194 abscisa
1318 1151 1497 1192 duorum

321 1209 548 1263 Suspendit
587 1210 731 1264 capita
767 1213 808 1251 et
843 1210 1033 1251 rorantia
1070 1209 1272 1263 sanguine
1303 1210 1459 1262 portat.

320 1267 399 1308 Ille
432 1267 564 1308 Talon
597 1267 854 1320 Tanaimque
886 1267 977 1308 neci
1010 1266 1246 1320 sortemque
1282 1265 1522 1317 Cethegum,

321 1324 422 1366 Tres
457 1337 541 1366 uno
579 1337 821 1378 congressu,
853 1327 895 1366 et
929 1326 1136 1366 maestum
1172 1323 1306 1364 mittit
1345 1322 1508 1373 Oniten,

321 1381 482 1423 Nomen
518 1381 789 1433 Echionium,
825 1381 1059 1435 matrisque
1096 1393 1225 1435 genus
1261 1379 1476 1431 Peridiae3

368 1551 443 1584 495.
467 1551 571 1584 sentit
595 1557 638 1584 M.
667 1556 711 1584 al.
742 1552 847 1584 sensit
868 1555 1015 1594 anybc
1038 1563 1099 1585 rec.

329 1597 388 1629 Rb.
427 1601 573 1629 Praestat
597 1607 766 1638 praesens,
800 1608 895 1635 quum
920 1609 971 1630 res
995 1601 1099 1630 adhuc

323 1649 446 1681 agatur.

368 1688 442 1719 496.
465 1691 610 1719 testatus
630 1692 672 1719 Μ.
698 1692 741 1720 al.
784 1706 821 1711 —
860 1692 1010 1720 testatur
1032 1691 1099 1719 PR.

321 1737 412 1764 Serv.
458 1736 604 1764 Praestat
642 1736 748 1772 prius,
792 1737 873 1771 quod
912 1735 958 1763 ita
996 1737 1097 1765 oratio

320 1781 437 1809 melius
458 1783 613 1809 cohaeret.

366 1823 440 1854 499.
464 1823 595 1854 irarum
621 1822 770 1864 effundit
785 1822 939 1853 habenas
961 1825 999 1854 cf.
1019 1823 1048 1861 6,
1072 1822 1099 1854 1.

320 1872 380 1908 ,,Εῑ
404 1871 455 1900 hle
480 1871 635 1900 moderate
652 1871 777 1900 locutus
801 1874 858 1899 est.
883 1872 963 1898 Nam
979 1871 1099 1899 Ennius

320 1913 467 1954 effundit
507 1913 640 1944 irarum
681 1913 878 1956 quadrigas
915 1915 1027 1945 dixit.“
1067 1919 1098 1945 S.

320 1962 474 1990 videmus
503 1961 675 1997 Virgilium
712 1961 778 1991 acri
821 1961 938 1990 iudicio
976 1962 1100 1991 vitasse

319 2007 467 2042 ineptias.

320 2094 385 2125 500
401 2112 444 2116 —
462 2094 538 2126 553.
584 2093 719 2126 Aeneas
750 2098 783 2125 et
807 2095 945 2126 Turnus
968 2078 1097 2127 multos

319 2150 475 2182 caedunt.
524 2149 704 2192 Utrimque
728 2151 889 2183 acerrime
914 2155 1098 2193 pugnatur.

363 2218 439 2248 500.
469 2216 545 2260 quis
577 2216 662 2249 mihi
699 2221 777 2249 etc„-
823 2221 895 2258 „Ac
920 2222 949 2250 si
973 2222 1098 2259 diceret,

318 2274 375 2295 nec
410 2267 505 2295 Musa
542 2274 600 2295 nec
640 2265 758 2300 Apollo
797 2266 969 2297 sufficiunt.
1017 2270 1096 2296 Stat.

318 2310 434 2344 (Theb.
465 2309 517 2348 10,
540 2308 626 2346 830)
663 2308 777 2339 Maior
808 2309 850 2340 ab
887 2309 1008 2342 Aoniis
1038 2321 1094 2341 su-

316 2353 441 2385 menda
482 2353 635 2385 audacia
671 2353 771 2394 lucis,
814 2365 943 2386 mecum
981 2366 1095 2387 omncs

317 2398 443 2431 audete
467 2398 587 2430 deae.“
608 2403 639 2429 S.

361 2455 436 2486 503.
468 2454 584 2487 Placet
602 2458 761 2492 proprium
783 2462 830 2487 est
853 2460 992 2494 deorum,
1016 2468 1095 2495 quo-

315 2512 386 2533 rum
415 2504 448 2532 in
473 2503 621 2532 consiliis
648 2504 799 2532 rationem
829 2505 1007 2540 perspicere
1037 2507 1093 2534 ho·

315 2550 419 2578 mines
442 2557 504 2577 non
524 2550 635 2577 valent
657 2548 695 2578 cf.
719 2548 748 2584 3,
776 2547 805 2577 2.

359 2603 434 2634 504.
464 2602 625 2639 Futuras,
655 2605 772 2640 quibus
803 2606 1005 2635 constitutum
1036 2611 1093 2643 est,

314 2655 347 2680 ut
369 2655 475 2680 essent
498 2651 532 2679 in
554 2657 641 2685 pace.

357 2695 433 2724 506.
460 2698 669 2725 morantem:
711 2697 808 2725 Sucro
831 2704 892 2725 non
916 2697 1016 2731 potuit
1039 2697 1092 2726 diu

313 2741 464 2771 remorari
496 2741 639 2769 Aeneam
670 2741 865 2777 resistendo,
901 2749 1092 2778 quamquam

313 2791 440 2816 ruentes
464 2787 619 2815 Troianos
644 2787 849 2815 sustinuerat.

357 2830 431 2860 507.
454 2830 536 2868 fata
556 2829 744 2867 celerrima,
778 2839 841 2866 qua
865 2837 953 2867 parte
980 2841 1091 2868 corpo-

312 2877 338 2905 ri
363 2878 525 2906 celerrime
549 2885 634 2905 mors
658 2876 760 2905 afferri
789 2881 898 2912 potest.
945 2894 981 2898 —
1013 2887 1089 2907 cru-

312 2919 389 2949 dum
416 2923 453 2951 cf.
484 2921 533 2958 10,
554 2920 629 2951 682.

356 2965 429 2995 508.
457 2965 576 2997 Crates
596 2964 744 3007 pectoris
761 2969 798 2996 de
819 2968 1028 2998 similitudine
1041 2970 1089 2998 di-

311 3015 392 3039 ctum
416 3016 448 3040 ut
473 3010 575 3041 hasta
599 3015 710 3042 crates
730 3010 876 3042 laterum
896 3012 1089 3055 perrumpit

1847 1375 1927 1415 515

1144 1556 1203 1584 Ov.
1228 1556 1271 1583 Μ.
1301 1551 1351 1591 12,
1377 1550 1452 1581 370.
1489 1567 1526 1572 -
1569 1546 1791 1590 transadigit
1815 1550 1928 1579 costas

1146 1607 1258 1629 ensem
1282 1600 1303 1628 i.
1328 1608 1355 1628 e.
1380 1599 1447 1635 agit
1473 1605 1581 1626 ensem
1603 1600 1692 1626 trans
1717 1599 1836 1625 costas.
1877 1594 1926 1624 Cf.

1145 1647 1196 1674 Gr.
1223 1644 1255 1679 S.
1282 1643 1345 1673 302
1371 1648 1400 1673 et
1427 1642 1457 1681 6,
1481 1640 1556 1671 328.

1189 1698 1265 1729 509.
1292 1701 1352 1730 Hic
1375 1699 1523 1739 Amycus
1543 1707 1616 1728 esse
1639 1702 1741 1734 potest
1765 1698 1848 1727 idem
1872 1697 1927 1732 qui

1143 1750 1193 1775 est
1218 1742 1247 1782 1,
1270 1744 1351 1781 221;
1399 1746 1455 1774 sed
1480 1744 1600 1773 diversi
1623 1749 1707 1781 sunt,
1731 1744 1784 1779 qui
1808 1750 1928 1772 memo-

1144 1795 1255 1820 rantur
1281 1790 1311 1828 5,
1338 1787 1413 1818 373.
1439 1788 1470 1827 9,
1495 1787 1571 1818 772.
1597 1787 1647 1827 10,
1671 1787 1750 1818 704.
1775 1804 1812 1809 -
1843 1785 1927 1817 Dio-

1143 1844 1198 1864 res
1221 1835 1260 1865 cf.
1285 1836 1316 1873 5,
1343 1832 1420 1864 297.

1190 1890 1266 1921 510.
1294 1889 1481 1921 venientem
1504 1891 1543 1921 cf.
1568 1889 1619 1928 10,
1644 1888 1719 1919 456.

1190 1945 1265 1977 511.
1293 1950 1419 1977 Turnus
1444 1955 1484 1977 ea
1507 1951 1556 1976 est
1578 1947 1754 1977 insolentia
1785 1954 1824 1977 ac
1854 1954 1926 1978 cru-

1144 1995 1283 2029 delitate,
1334 1998 1367 2023 ut
1403 1993 1622 2023 misericordia
1663 1993 1773 2022 aliena
1810 1992 1927 2030 dignus

1144 2048 1207 2069 non
1230 2041 1281 2069 sit.

1188 2094 1264 2125 513.
1294 2093 1414 2132 Talon,
1445 2092 1604 2130 Tanaim,
1643 2091 1767 2124 Oniten
1795 2094 1928 2124 nomina

1145 2151 1202 2171 nec
1227 2142 1307 2171 satis
1331 2142 1449 2170 Latina
1471 2144 1562 2177 sunt,
1602 2148 1703 2176 neque
1727 2140 1809 2169 satis
1831 2141 1925 2169 libris

1144 2187 1282 2224 firmata,
1326 2187 1360 2215 in
1393 2187 1507 2222 quibus
1540 2186 1643 2215 variis
1674 2186 1776 2214 modis
1806 2186 1925 2221 scripta

1144 2233 1361 2262 inveniuntur.
1391 2229 1514 2262 Oniten
1532 2240 1593 2260 non
1613 2233 1739 2267 Onyten
1758 2228 1818 2260 Lcl.
1839 2229 1924 2272 Wg.

1148 2275 1212 2308 Ro.
1238 2278 1352 2313 recepi.

1187 2331 1261 2362 514.
1288 2335 1352 2363 Cur
1367 2333 1479 2363 Oniten
1510 2336 1665 2362 maestum
1682 2332 1799 2362 dixerit
1821 2336 1923 2371 poeta,

1143 2386 1262 2408 caussa
1285 2383 1409 2415 reperta
1438 2386 1501 2407 non
1535 2382 1599 2414 est,
1643 2387 1701 2408 nec
1729 2379 1923 2408 vocabulum

1142 2425 1186 2453 ita
1214 2426 1296 2454 nude
1327 2425 1464 2460 positum
1497 2423 1641 2453 sufficere
1676 2424 1814 2461 videtur,
1859 2431 1922 2459 quo

1141 2470 1280 2499 hominis
1311 2478 1414 2499 mores
1445 2473 1474 2498 et
1514 2470 1583 2498 vita
1620 2470 1826 2499 describatur.
1867 2465 1920 2498 Pl.

1139 2516 1319 2544 emendavit
1343 2516 1518 2555 quartum,
1555 2519 1585 2544 et
1614 2519 1698 2544 recte
1730 2515 1920 2544 numeravit.

1140 2562 1199 2590 Sed
1225 2562 1347 2598 cogitur
1366 2560 1506 2589 ordinem
1536 2568 1689 2590 versuum
1711 2558 1775 2588 515
1801 2564 1829 2589 et
1855 2557 1920 2588 516

1139 2607 1307 2635 invertere.
1368 2606 1537 2642 Ingeniose
1573 2606 1716 2641 explicat
1753 2607 1920 2634 maestum

1138 2653 1353 2688 Niirnberger:
1402 2648 1463 2680 mit
1500 2648 1559 2679 cler
1604 2648 1821 2691 Voralmung
1860 2647 1920 2679 des

1142 2694 1232 2726 'I'ods
1255 2695 1301 2726 im
1328 2694 1448 2726 triiben
1473 2693 1583 2725 Blick.
1617 2693 1701 2736 Wg.
1725 2697 1773 2733 0.,
1805 2695 1907 2731 inquit

1136 2746 1278 2771 maestus
1305 2746 1373 2771 erat
1404 2746 1529 2771 natura.
1578 2743 1638 2771 Sed
1671 2742 1703 2770 id
1731 2749 1794 2770 non
1833 2741 1918 2769 inest

1135 2787 1168 2816 in
1192 2796 1281 2824 voce,
1306 2795 1408 2822 neque
1432 2787 1604 2822 quisquam
1623 2791 1766 2816 maestus
1787 2789 1836 2815 est
1855 2792 1916 2814 na-

1135 2837 1215 2869 tura,
1241 2834 1296 2862 sed
1320 2835 1415 2861 rebus
1436 2833 1595 2862 adversis.

1179 2877 1254 2907 515.
1281 2878 1385 2907 onitis
1410 2882 1499 2913 pater
1524 2878 1660 2915 Echion,
1700 2878 1801 2906 mater
1822 2873 1915 2904 Peri-

1133 2924 1195 2952 dia.
1223 2939 1259 2943 —
1287 2931 1408 2952 nomen
1434 2920 1653 2953 Echionium.
1693 2921 1746 2950 Sic
1772 2916 1914 2949 Servius

1137 2967 1306 2997 Albanum
1327 2977 1448 2998 nomen
1475 2967 1505 3006 6,
1529 2966 1606 2996 763.
1645 2962 1835 2995 EcMonius
1857 2972 1913 3000 pa-

1132 3015 1343 3050 tronymicum
1366 3014 1405 3044 cf.
1433 3012 1483 3052 10,
1510 3011 1582 3042 123.
