2023 3350
805 93 1042 129 AENEIDOS
1069 95 1157 129 LIB.
1183 96 1243 129 VI.

1771 95 1855 136 285

157 237 163 241 -
199 208 262 250 Tu
297 207 470 262 Stygias
505 206 757 250 inhumatus
793 221 931 262 aquas
971 221 1228 262 amnemque
1265 221 1460 251 severum

199 266 488 308 Eumenidum
519 264 752 319 adspicies,
795 267 988 320 ripamve
1022 267 1210 309 iniussus
1246 265 1420 309 adibis?

1773 269 1855 308 375

198 324 358 366 Desine
395 323 490 366 fata
525 323 653 365 deum
689 322 805 366 flecti
841 338 1017 377 sperare
1053 323 1286 378 precando.

199 381 284 424 Sed
320 395 426 436 cape
466 381 584 423 dicta
622 395 807 434 memor,
848 382 945 423 duri
983 382 1144 424 solatia
1180 395 1318 426 casus,

197 439 309 481 Nam
342 443 421 481 tua
458 438 649 491 finitimi,
690 439 817 494 longe
850 440 1025 494 lateque
1060 454 1139 494 per
1175 439 1304 482 urbes

197 496 414 551 Prodigiis
456 497 544 538 acti
580 497 863 549 caelestibus,
909 511 1008 540 ossa
1045 497 1254 553 piabunt3

197 555 255 597 Et
287 558 481 597 statuent
509 555 745 607 tumulum,
786 559 829 597 et
863 556 1030 598 tumulo
1073 555 1299 597 sollemnia
1335 553 1529 606 mittent,

197 613 520 667 Aeternumque
556 613 679 655 locus
718 613 912 655 Palinuri
945 627 1103 655 nomen
1135 612 1327 654 habebit.

198 670 278 712 His
310 670 439 712 dictis
486 685 616 712 curae
654 675 839 722 emotae,
886 671 1125 726 pulsusque
1163 682 1398 725 parumper

199 728 339 771 Corde
381 728 509 770 dolor
537 729 675 781 tristi3
722 729 882 783 gaudet
917 729 1169 784 cognomine
1208 732 1363 770 terrae.
1811 744 1829 759 ι

313 786 430 840 Ergo
466 786 551 828 iter
586 787 806 841 inceptum
839 791 1057 841 peragunt
1096 786 1314 839 fluvioque
1342 783 1650 839 propinquant.

196 844 355 887 Navita
389 857 498 898 quos
535 845 623 886 iam
661 844 760 887 inde
796 849 845 887 ut
881 844 1032 899 Stygia
1064 844 1292 899 prospexit
1328 842 1384 885 ab
1421 841 1540 883 unda

1772 842 1854 883 385

196 903 280 944 Per
312 902 495 944 tacitum
534 916 685 944 nemus
722 903 787 944 ire
821 902 1062 957 pedemque
1104 902 1330 944 advertere
1362 900 1497 953 ripae,

199 960 270 1003 Sic
305 960 429 1015 prior
467 959 723 1014 adgreditur
763 960 911 1012 dietis,
954 964 1086 1014 atque
1127 960 1325 1012 increpat
1364 958 1500 999 ultro:

199 1018 403 1073 Quisquis
442 1032 507 1070 es,
546 1021 742 1060 armatus
776 1018 850 1072 qui
888 1022 1040 1060 nostra
1077 1017 1133 1059 ad
1166 1016 1345 1058 flumina
1381 1014 1535 1065 tendis,

198 1077 310 1118 Fare
345 1090 442 1130 age,
488 1076 594 1129 quid
630 1076 797 1128 venias;
841 1076 928 1118 iam
961 1075 1111 1126 istinc;
1159 1078 1203 1116 et
1242 1073 1479 1127 comprime
1516 1084 1724 1125 gressum.

196 1133 462 1177 Umbrarum
502 1133 572 1175 hic
612 1134 734 1176 locus
771 1137 855 1185 est,
898 1133 1045 1176 Somni
1080 1132 1333 1185 Noctisque
1356 1143 1563 1185 soporae,

1773 1130 1856 1169 390

198 1192 394 1246 Corpora
430 1192 527 1233 viva
560 1191 682 1234 nefas
717 1191 867 1246 Stygia
905 1194 1080 1232 vectare
1119 1190 1280 1232 carina.

195 1251 287 1292 Nec
320 1264 422 1291 vero
460 1249 642 1291 Alciden
681 1263 749 1290 me
782 1262 876 1290 sum
911 1248 1101 1290 laetatus
1132 1251 1305 1289 euntem

195 1308 429 1362 Accepisse
465 1307 581 1359 lacu,
625 1320 703 1349 nec
734 1306 900 1348 Thesea
938 1305 1282 1359 Pirithoumque,

195 1367 274 1408 Dis
310 1379 577 1420 quamquam
617 1365 750 1419 geniti
789 1367 921 1418 atque
957 1363 1107 1405 invicti
1142 1362 1305 1405 viribus
1341 1364 1496 1403 essent.

196 1424 456 1466 Tartareum
491 1423 566 1465 ille
605 1436 735 1464 manu
776 1421 998 1464 custodem
1035 1422 1079 1463 in
1115 1421 1257 1463 vincla
1292 1419 1457 1475 petivit,

1772 1418 1854 1457 395

197 1482 343 1537 Ipsius
378 1496 405 1524 a
437 1481 544 1524 solio
576 1480 711 1535 regis,
745 1480 968 1534 traxitque
1005 1483 1280 1531 trementem;

244 1609 320 1641 375.
347 1608 480 1641 adibis:
524 1612 679 1640 Futurum
708 1611 742 1640 in
777 1611 1004 1645 interrogatio-

195 1659 293 1687 nibus
328 1665 402 1688 cum
439 1657 662 1693 indignatione
695 1658 832 1693 prolatis
868 1657 1003 1693 saepius

195 1705 346 1742 legimus,
376 1708 410 1733 ut
439 1702 467 1737 l,
490 1701 543 1731 49.
571 1701 602 1739 2,
623 1700 700 1732 578.
732 1701 762 1739 4,
785 1702 862 1731 590.

244 1748 320 1779 376.
341 1748 427 1789 fata
447 1745 548 1778 deum
575 1750 615 1779 cf.
646 1747 677 1785 2,
701 1747 778 1778 257.

244 1793 321 1825 378.
351 1792 522 1825 Finitimi.
579 1795 746 1833 „Lucanis
781 1795 867 1824 enim
902 1794 1003 1829 pesti—

196 1842 301 1872 lentia
342 1841 567 1870 laborantibus
609 1841 775 1876 respondit
820 1842 1000 1875 oraculum,

196 1895 313 1918 manes
335 1886 486 1916 Palinuri
511 1895 585 1915 esse
614 1888 809 1923 placandos.
840 1889 878 1915 oh
904 1894 1002 1921 quam

198 1942 266 1963 rem
290 1941 355 1962 non
377 1934 473 1968 longe
500 1940 520 1961 a
540 1933 639 1962 Velia
663 1937 692 1962 et
714 1935 823 1963 lucum
851 1933 881 1962 ei
906 1933 1002 1961 dede-

197 1983 272 2009 runt
297 1983 325 2008 et
347 1976 607 2013 cenotaphiuin.‘'·
632 1980 664 2007 S.

244 2022 321 2053 379.
347 2021 558 2065 „Prodigiis
589 2021 662 2053 acti
686 2020 894 2052 caelestibus
918 2031 1005 2053 coni-

197 2072 352 2108 pendiose
383 2074 413 2099 et
436 2070 658 2105 pestilentiam
685 2073 788 2098 ortam
814 2073 843 2097 et
871 2069 1005 2104 petitum

197 2117 396 2154 significavit
421 2118 600 2145 oraculum.
630 2131 668 2135 -
701 2112 865 2154 piabunt,
891 2116 1005 2149 placa-

198 2166 294 2199 bunt,
320 2162 532 2198 expiabunt.“
557 2164 587 2190 S.
638 2162 728 2196 Quod
753 2160 889 2189 mortuis
915 2160 1003 2189 iusta

198 2218 262 2239 non
284 2213 377 2239 erant
395 2208 490 2245 facta,
512 2208 612 2237 etiam
635 2208 722 2236 alias
745 2210 793 2236 est
816 2206 1004 2241 pestilentia

199 2260 269 2285 orta
291 2255 331 2285 cf.
358 2256 447 2284 Plut.
472 2255 565 2283 Rom.
587 2250 639 2282 24.

245 2298 322 2330 381.
349 2297 541 2339 „Palinuri
560 2301 634 2335 plus
657 2303 706 2328 est
729 2306 827 2333 quam
852 2298 882 2326 si
908 2299 1004 2328 tuum

199 2347 352 2378 diceret.“
371 2348 403 2375 S.
430 2346 469 2376 cf.
499 2344 530 2382 4,
555 2343 610 2374 31.

246 2391 323 2422 382.
350 2389 418 2421 Ht's
450 2389 554 2421 dictis
587 2392 768 2420 Palinurus
798 2391 949 2424 placatus
976 2393 1005 2417 et

198 2439 342 2468 laetatus
366 2442 430 2475 est,
458 2442 492 2467 ut
512 2444 707 2477 parumper
733 2437 843 2464 dolore
867 2435 1005 2464 desiste-

198 2488 257 2521 ret,
279 2492 342 2520 quo
364 2488 505 2519 tempore
526 2483 627 2512 utitur
643 2483 784 2519 Sibylla,
806 2486 840 2510 ut
856 2482 1004 2510 Aeneam

199 2532 240 2559 ab
272 2538 308 2559 eo
338 2533 497 2558 retentum
529 2530 676 2558 abducat.
733 2525 784 2556 Pl.
813 2535 932 2556 versus
954 2527 1004 2556 in-

199 2576 308 2606 ficetos
333 2577 441 2604 habet.
481 2575 584 2610 Atqui
608 2578 684 2603 sunt
708 2573 898 2603 necessarii.

248 2619 325 2650 383.
357 2623 496 2657 „terrae
538 2621 692 2658 MPRybc
729 2627 792 2648 rec.
834 2616 898 2648 Hb.
939 2615 1004 2647 Ld.

954 2661 970 2676 f

998 2685 1006 2693 .

200 2669 296 2698 terra
308 2675 328 2706 χ
338 2666 379 2702 [i.
389 2675 416 2696 e.
431 2666 529 2701 pauci
543 2663 667 2702 malij⁴²
682 2661 744 2694 Rs).
757 2673 820 2694 rec.
833 2661 902 2693 Hn.
921 2661 953 2693 ll
967 2672 995 2705 g

201 2742 422 2776 384—416.
484 2740 620 2774 Charon
661 2740 817 2772 Aeneam
862 2740 1006 2782 Stygem

503 2785 707 2819 transvehit.

248 2845 325 2876 384.
353 2844 474 2887 Ergox
499 2847 657 2876 Palinuro
682 2847 768 2876 enim
793 2849 912 2875 remoto
939 2846 1006 2874 iam

201 2898 340 2929 possunt
364 2893 524 2930 progredi.

247 2937 325 2968 387.
351 2937 456 2968 ultro.
519 2940 628 2973 Neque
671 2937 758 2966 enim
795 2938 930 2967 Aeneas
971 2945 1007 2966 se

201 2985 372 3015 transvehi
395 2985 462 3022 iam
485 2986 574 3014 velle
596 2984 801 3012 indicaverat
822 2983 862 3013 cf.
889 2984 932 3012 acl
952 2980 1006 3021 12,

202 3028 250 3070 3.,
286 3032 342 3061 sed
367 3038 445 3067 prae
472 3031 586 3061 tImore
611 3030 741 3061 charon
766 3029 834 3059 iam
858 3037 901 3059 ex
933 3030 1006 3058 lon-

1051 1610 1172 1647 ginquo
1206 1617 1279 1639 eum
1310 1608 1417 1637 studet
1454 1613 1575 1636 arcere.
1615 1619 1654 1624 —
1698 1600 1858 1645 aggredi

1051 1653 1156 1685 (lictis
1183 1656 1222 1686 cf,
1249 1654 1280 1692 3,
1307 1652 1384 1683 358.

1097 1699 1173 1731 389.
1205 1699 1280 1730 Iam
1308 1698 1429 1729 istinc:
1455 1706 1498 1736 „a
1525 1699 1614 1733 loco,
1643 1696 1676 1724 in
1703 1703 1764 1730 quo
1789 1693 1858 1729 es,‘4

1051 1750 1082 1776 S.
1115 1748 1186 1777 fare
1210 1747 1287 1783 quid
1312 1746 1447 1783 venias,
1478 1752 1562 1773 neve
1587 1742 1719 1779 propius
1744 1748 1857 1771 acces—

1050 1794 1144 1823 seris.

1097 1837 1173 1868 390.
1205 1838 1334 1868 Timore
1367 1840 1461 1866 actus
1496 1842 1565 1864 rem

1049 1885 1192 1921 exponit.

1096 1941 1173 1971 392.
1200 1949 1261 1970 nec
1286 1948 1360 1969 sum
1387 1936 1544 1968 laetatus
1574 1939 1729 1974 „Lectum
1755 1942 1803 1966 est
1829 1942 1861 1966 et

1052 1990 1086 2017 in
1112 1990 1255 2023 Orpheo,
1289 1987 1373 2021 quod
1400 1985 1528 2020 quamio
1556 1985 1714 2013 Hercules
1739 1985 1781 2012 ad
1802 1985 1857 2011 In-

1050 2035 1137 2063 feros
1163 2033 1345 2069 descendit,
1378 2032 1508 2061 Charon
1532 2031 1662 2059 territus
1689 2038 1763 2059 eum
1788 2034 1856 2059 sta-

1050 2081 1108 2109 tim
1139 2079 1303 2115 suscepit,
1340 2080 1378 2106 ob
1403 2084 1501 2112 quam
1529 2084 1596 2105 rem
1621 2083 1708 2105 aimo
1733 2077 1856 2112 integro

1051 2126 1084 2154 in
1110 2125 1320 2160 compedibus
1343 2123 1414 2152 fuit.
1464 2124 1539 2151 Ideo
1562 2130 1638 2159 ergo
1663 2130 1727 2150 non
1751 2123 1857 2150 laeta-

1813 2169 1857 2205 s,

1600 1833 1714 1863 multis
1744 1833 1858 1862 verbis

1050 2172 1108 2200 tus
1152 2179 1196 2199 sc.
1240 2173 1370 2205 propter
1407 2168 1605 2203 supplicium
1647 2167 1764 2196 suum*

1051 2218 1135 2252 quod
1157 2216 1275 2245 iterum
1299 2214 1363 2243 sibi
1390 2217 1481 2249 putat.
1505 2214 1702 2248 impendere.

1097 2271 1175 2302 394.
1205 2268 1374 2301 Hercules
1411 2271 1504 2299 Iovis
1551 2269 1601 2305 (et
1645 2270 1858 2306 Alcmenae),

1057 2317 1210 2349 Theseus
1252 2317 1417 2352 [Aethrae
1461 2316 1565 2352 Aegei
1611 2316 1760 2352 coniugis
1805 2316 1856 2351 et]

1052 2364 1209 2401 Neptuni,
1254 2360 1433 2392 Pirithous
1465 2361 1569 2397 (Diae
1593 2361 1720 2390 Ixionis
1743 2361 1858 2390 uxoris

1052 2412 1102 2448 et)
1128 2410 1221 2440 Iovis
1244 2409 1330 2438 filius
1355 2408 1497 2438 creditus
1521 2412 1580 2436 est.

1099 2465 1176 2496 395.
1203 2475 1330 2503 manu,
1358 2465 1395 2494 vi
1431 2465 1471 2494 cf.
1501 2465 1580 2494 Luc.
1609 2462 1638 2502 1,
1661 2461 1725 2491 666
1748 2461 1858 2502 ferri-

1052 2522 1118 2554 qne
1140 2514 1298 2553 potestas
1320 2507 1516 2541 Contundct
1541 2508 1595 2539 ins
1616 2516 1716 2539 omne
1738 2517 1859 2539 manu.

1054 2575 1093 2580 -
1127 2557 1322 2589 'Tartareus
1358 2559 1472 2586 custos
1504 2560 1554 2585 est
1585 2555 1715 2584 Tartari
1748 2560 1859 2585 custos

1052 2605 1091 2636 cf.
1128 2601 1264 2641 2‚58t.
1307 2619 1345 2623 -
1393 2600 1426 2630 ἰιι
1464 2599 1580 2630 uincla
1617 2598 1754 2641 petivit.
1809 2603 1860 2630 Ita

1053 2651 1160 2686 Quint.
1188 2648 1227 2687 7,
1259 2647 1293 2687 l,
1318 2649 1360 2676 55
1395 2647 1428 2677 in
1458 2645 1502 2676 iis
1534 2645 1797 2683 controversiis,
1823 2644 1860 2676 in

1054 2694 1178 2737 quibus
1202 2697 1373 2736 petuntur
1398 2691 1434 2722 ἰιι
1461 2691 1624 2731 vincula,
1651 2691 1710 2733 qui
1728 2701 1859 2733 puren-

1053 2745 1103 2773 tes
1124 2749 1204 2771 suos
1227 2749 1297 2770 non
1322 2737 1436 2769 alunt.

1100 2797 1176 2827 396.
1214 2795 1329 2838 Ipsius
1367 2804 1383 2825 e
1424 2793 1512 2825 solio
1548 2793 1645 2837 regis
1686 2796 1860 2825 Cerberum

1052 2847 1225 2875 abductum
1261 2851 1336 2873 esse
1371 2844 1411 2872 ab
1442 2843 1580 2872 Hercule
1617 2846 1730 2871 narrat
1759 2842 1859 2871 etiam

1053 2893 1179 2920 Seneca
1217 2891 1255 2918 H.
1295 2891 1329 2918 F.
1373 2886 1459 2916 804:
1517 2885 1693 2918 Eoetimuit
1735 2885 1860 2916 sedens

1053 2939 1200 2976 uterque
1221 2932 1309 2964 solio
1335 2931 1499 2963 dominus
1524 2935 1556 2963 et
1584 2931 1666 2962 duci
1689 2930 1802 2970 iubet,
1830 2937 1861 2962 et

1053 2983 1092 3011 H.
1125 2984 1159 3012 Ο.
1195 2979 1282 3010 1600
1319 2981 1480 3010 Cerberus
1517 2984 1689 3016 conspecto
1720 2980 1860 3010 Hercule

1054 3029 1095 3058 ad
1121 3028 1228 3057 Ditem
1252 3026 1345 3063 fugit.
