2023 3350
104 219 358 273 Impositum
390 220 510 259 scuto
548 216 741 259 referunt
779 217 980 261 Pallanta
1014 218 1272 273 frequentes.

110 277 144 319 O
188 278 311 319 dolor
348 280 476 329 atque
513 274 641 317 decus
680 289 883 329 magnum
922 277 1114 319 rediture
1155 278 1376 333 parentii.

104 335 224 377 Haec
261 339 304 376 te
341 334 481 388 prima
522 332 612 374 dies
652 333 763 375 bello
807 334 943 387 dedit,
979 335 1086 377 haec
1122 336 1272 378 eadem
1312 335 1456 379 aufert

105 393 243 444 Quum
276 396 418 433 tamen
452 391 647 444 ingentes
684 392 943 434 Rutulorum
982 393 1140 448 linquis
1180 395 1375 437 acervos!

217 451 304 492 Nec
333 450 420 490 iam
457 449 574 490 fama
612 450 715 491 mali
747 451 880 503 tanti,
922 452 996 493 sed
1040 448 1202 494 certior
1236 456 1387 495 auctor

104 509 289 550 Advolat
328 508 516 558 Aeneae,
556 509 677 549 tenui
714 508 959 550 discrimine
1000 509 1076 551 leti

104 567 208 608 Esse
243 578 341 606 suos
374 568 543 619 tempus
583 566 717 608 versis
760 581 1011 608 succurrere
1051 567 1249 610 Teucris:

103 624 299 666 Proxima
337 636 531 677 quaeque
569 625 693 665 metit
731 625 896 678 gladio,
929 626 1150 680 latumque
1187 641 1264 680 per
1302 639 1455 678 agmen

100 681 264 723 Ardens
300 680 481 722 limitem
515 682 606 735 agit
644 682 783 735 ferro,
824 687 887 735 te,
926 683 1083 735 Turne,
1127 684 1359 738 superbum

102 738 240 781 Caede
277 752 389 780 nova
428 754 650 793 quaerens.

99 796 252 838 Omnia
290 800 390 838 sunt
431 798 586 850 oculis3
626 812 817 851 mensae,
858 814 965 853 quas
1001 800 1167 842 advena
1201 801 1365 855 primas

97 854 214 896 Tune
251 854 380 906 adiit,
417 855 681 910 dextraeque
718 857 857 899 datae.

97 912 311 963 Quattuor
351 912 420 954 hic
461 914 652 966 iuvenes,
690 915 892 967 totidem,
927 929 1033 968 quos
1077 916 1232 958 educat
1271 916 1421 969 Ufens,

95 970 296 1012 Viventes
335 972 472 1024 rapit,
514 972 691 1014 inferias
728 988 834 1027 quos
874 974 1070 1015 immolet
1109 974 1295 1026 umbris,

705 103 939 136 AENEHJOS
968 106 1055 137 LtB.
1085 106 1124 138 X.
1665 110 1744 148 509

1465 372 1474 390 ⁷

1665 454 1747 493 510

712 741 873 792 Pallas,
917 742 1139 794 Euander,
1170 743 1215 784 in
1242 742 1349 796 ipsis
1665 750 1746 789 515

919 857 1119 900 Sulmone
1162 862 1332 900 creatos

1661 1038 1743 1076 520

97 1028 364 1083 Captivoque
400 1030 494 1083 rogi
535 1030 768 1084 perfundat
810 1032 1017 1085 sanguine
1057 1032 1264 1074 flammas.

94 1086 200 1128 Inde
244 1087 373 1140 Mago
410 1089 564 1141 procul
595 1088 807 1131 infensam
850 1090 1132 1132 contenderat
1170 1091 1358 1131 hastam.

142 1191 218 1222 507.
244 1195 301 1222 Est
339 1190 439 1222 dolor
470 1197 576 1235 atque
608 1193 712 1225 (Iocus
745 1194 900 1236 parenti,

94 1240 150 1274 qui
172 1244 199 1269 et
224 1244 323 1268 morte
348 1241 488 1269 dolorem
514 1246 544 1270 et
565 1243 683 1271 virtute
708 1250 770 1272 sua
798 1246 898 1271 hono-

95 1294 161 1315 rem
199 1286 285 1315 facit.
344 1286 451 1314 Simili
493 1289 584 1316 modo
624 1296 674 1323 ap.
711 1290 897 1318 Martialem

96 1329 149 1368 11,
174 1331 222 1370 13,
245 1332 266 1360 5
291 1332 404 1360 histrio
440 1338 585 1362 mortuus
610 1335 726 1364 dicitur
744 1332 898 1364 Romani

95 1375 199 1407 decus
246 1380 276 1406 et
322 1375 424 1407 (lotor
465 1376 604 1409 theatri.
655 1381 713 1409 Sil.
738 1379 796 1417 13,
830 1379 895 1409 383

98 1421 255 1453 Fortuna
273 1420 469 1453 abstulerat
484 1423 687 1465 Scipiadas,
708 1436 897 1468 maguum-

93 1478 159 1510 que
202 1467 307 1499 decus
346 1478 586 1511 magnumque
622 1470 788 1502 (lotorem.
843 1474 896 1503 Sic

94 1518 191 1546 decus
216 1518 254 1545 de
287 1517 415 1545 homine
441 1520 474 1545 ut
499 1514 604 1546 decus
629 1516 720 1547 divis
744 1519 783 1556 8,
808 1517 894 1555 301,

93 1559 198 1592 decus
221 1559 332 1592 nostri
358 1561 388 1599 6,
413 1560 497 1599 546;
535 1560 720 1593 Maecenas
741 1563 895 1605 equitum

80 1606 197 1638 *decus
223 1609 298 1637 Hor.
321 1609 356 1638 C.
385 1606 414 1646 3,
446 1606 495 1647 16,
524 1607 577 1638 20.
614 1607 719 1640 decus
746 1608 897 1641 Cartha-

92 1651 190 1696 ginis
213 1655 271 1683 Sil.
301 1653 352 1693 10,
375 1652 430 1683 88.

138 1699 215 1730 509.
241 1709 345 1740 quum
375 1701 416 1730 cf.
439 1698 476 1738 9,
499 1699 575 1730 249.

93 1744 298 1777 510—-605.
340 1742 480 1776 Aeneas
518 1749 629 1777 castra
663 1745 895 1777 Troianorum

320 1789 506 1822 obsidione
528 1790 666 1823 liberat.

139 1834 215 1866 510.
246 1835 359 1867 Fama
385 1836 544 1876 aduolat,
567 1847 643 1869 nam
664 1838 769 1877 fama
789 1837 887 1869 volat

93 1881 124 1921 3,
150 1880 226 1912 121.
282 1881 355 1912 Vox·
387 1881 473 1913 mihi
503 1882 550 1913 ad
583 1893 687 1914 aures
711 1883 896 1915 advolavit

92 1930 199 1959 Plaut.
232 1930 352 1964 Amph.
391 1929 425 1968 1,
460 1928 544 1967 169·,
588 1933 682 1960 nulla
719 1932 896 1961 celeritatis

90 1976 232 2004 notione.
293 1976 345 2005 Ae
367 1975 472 2014 fama
498 1974 645 2007 advolat
672 1978 756 2006 idem
780 1982 830 2007 est
855 1986 895 2007 ac

85 2020 193 2061 fama
215 2021 411 2061 perfertur,
439 2024 507 2060 est,
531 2024 676 2060 regitque
700 2024 895 2054 infinitivum

90 2072 125 2097 ut
147 2069 283 2107 tempus
310 2070 360 2097 est
382 2066 448 2096 512
472 2069 512 2098 cf.
537 2069 574 2107 5,
602 2067 677 2098 638.
705 2085 742 2090 —-
771 2068 897 2100 certior

92 2115 225 2150 auctor,
245 2115 300 2149 qui
324 2123 391 2143 rem
417 2116 562 2150 aliquam
596 2116 715 2145 factam
746 2120 892 2146 testatur.

92 2160 147 2189 Sic
171 2160 235 2190 Cic.
262 2161 374 2191 Plane.
401 2160 453 2190 23.
481 2163 540 2191 Ov.
566 2164 609 2191 M.
640 2159 691 2200 11,
719 2161 784 2190 666
817 2160 894 2192 Non

91 2202 179 2235 haec
204 2203 268 2236 tibi
288 2204 432 2236 nuntiat
458 2210 581 2237 auctor
601 2205 800 2249 ambiguus.

138 2247 214 2281 511.
242 2250 340 2282 tenui
373 2250 576 2283 discrimine
608 2251 670 2283 leti
702 2262 775 2283 esse
797 2263 895 2285 suos:

92 2298 238 2336 „modico
262 2299 374 2328 mortis
405 2300 596 2337 interstitio,
635 2309 691 2336 per
716 2303 799 2337 quod
825 2309 895 2331 ma-

92 2351 157 2381 gna
181 2345 344 2374 Pallantis
374 2346 480 2375 virtus
513 2347 708 2384 ostenditur,
749 2356 811 2383 quo
843 2348 895 2377 in-

92 2393 246 2425 terempto
282 2392 388 2420 omnis
422 2396 470 2421 est
506 2393 540 2421 in
579 2393 692 2430 fugam
714 2402 894 2424 conversus

91 2435 288 2466 exercituS.“
327 2439 360 2466 S.
411 2439 464 2468 Sic
504 2440 563 2468 Ov.
590 2441 632 2468 M.
660 2437 697 2477 7,
736 2438 800 2469 426
833 2437 896 2470 leti

93 2478 294 2511 discrimine
316 2491 440 2523 parvo.

137 2525 214 2556 512.
247 2526 364 2558 Versis
393 2527 535 2559 Teucris
559 2531 755 2567 defenditur3
782 2541 896 2562 omnes

91 2573 200 2611 enim,
228 2574 283 2609 qui
307 2582 329 2604 a
352 2579 443 2611 parte
467 2577 662 2606 Teucrorum
684 2582 775 2615 sunt,
798 2580 895 2614 quasi

91 2620 208 2649 Teucri
232 2624 323 2657 sunt3
372 2622 439 2650 iam
464 2623 493 2651 si
513 2624 595 2652 socii
619 2624 817 2654 Teucrorum
843 2626 895 2655 fu-

91 2670 219 2703 gantur,
247 2667 272 2694 ii
292 2667 358 2702 ipsi
382 2675 422 2697 ea
444 2672 535 2703 parte
561 2669 746 2699 vincuntur.
794 2671 834 2702 cf.
864 2669 895 2709 9,

91 2709 167 2741 450.
196 2728 234 2732 -
263 2715 399 2752 tempus
420 2711 530 2744 versis
547 2716 651 2746 MRhc
676 2713 786 2746 versis
812 2719 897 2747 tem-

88 2766 156 2798 pus
184 2759 232 2797 Ργ
255 2767 318 2788 rec.
347 2756 412 2788 Rb.

135 2801 212 2834 513,
239 2802 346 2834 metit.
376 2805 431 2835 Sic
453 2806 513 2835 Ov.
532 2808 576 2835 M.
600 2806 637 2845 5,
662 2804 727 2836 104
755 2805 898 2839 demetit

91 2857 171 2879 ense
196 2852 313 2890 caput.
362 2851 439 2880 Hor.
465 2851 500 2881 C.
526 2849 566 2890 ⁴,
598 2849 654 2890 14,
687 2851 728 2882 31
759 2851 897 2884 Primos

91 2897 124 2925 et
149 2897 319 2926 extremos
334 2895 495 2927 metendo
518 2896 645 2928 stravit
666 2896 805 2929 humum
822 2898 896 2930 sine

92 2938 194 2971 clade
218 2940 349 2978 victor,
389 2944 458 2972 alii.
507 2945 610 2974 Latus
646 2945 742 2974 limes
766 2946 896 2983 signum

91 2990 141 3016 est
163 2989 298 3023 pavoris
311 2990 501 3020 cedentium.
530 3006 568 3011 -—-
591 2991 714 3021 Tamen
742 2988 794 3021 Pl.
811 2993 894 3022 coni.

93 3030 334 3076 Rutulumque
355 3043 420 3077 per
444 3045 476 3066 a.

989 1195 1066 1226 514.
1096 1195 1258 1227 Limitem
1285 1204 1406 1238 ogere,
1444 1197 1534 1226 viam
1558 1198 1665 1228 facere
1691 1208 1748 1234 per

941 1245 1065 1278 hostes3
1108 1245 1156 1273 sie
1180 1245 1239 1272 Sil.
1269 1242 1299 1279 9,
1325 1242 1401 1271 380.
1451 1244 1499 1272 Cf.
1528 1242 1558 1281 9,
1586 1244 1662 1274 323.

987 1287 1064 1318 515.
1096 1288 1145 1318 16.
1186 1290 1315 1327 „Perite
1344 1289 1453 1318 scissa
1482 1294 1531 1318 est
1565 1291 1745 1321 narratio“.

942 1337 973 1363 S.
1032 1333 1120 1365 Nam
1142 1335 1260 1365 omnia
1292 1344 1317 1364 s.
1345 1344 1389 1364 m.
1424 1344 1462 1364 oc
1504 1340 1647 1366 extremo
1674 1340 1744 1368 loco

941 1383 1088 1416 ponenda
1122 1386 1214 1411 eraut
1260 1382 1294 1410 in
1334 1382 1578 1412 enumeratione
1622 1386 1745 1414 sedata.

945 1424 996 1456 Pl.
1028 1428 1113 1457 coni.
1147 1435 1287 1457 mensae
1316 1436 1427 1456 novus
1453 1426 1592 1457 advena
1613 1428 1750 1468 primas

941 1481 1030 1512 quas
1073 1471 1176 1503 adiit.
1225 1475 1380 1509 Expende
1417 1478 1539 1512 tecum,
1578 1484 1657 1505 num
1693 1474 1747 1507 Pl.

941 1523 1070 1554 poetam
1095 1520 1311 1555 superaverit.

986 1564 1063 1595 517.
1095 1564 1191 1594 'I'unc
1222 1566 1294 1595 sine
1324 1574 1447 1595 caussa
1477 1567 1619 1596 additum
1654 1569 1747 1598 metri

939 1612 1081 1641 fulcrum
1097 1621 1173 1641 esse
1189 1613 1317 1648 putavit
1335 1610 1404 1641 Hn.
1423 1614 1469 1642 At
1482 1622 1518 1642 eo
1534 1618 1673 1649 tempore
1684 1623 1745 1650 quo

940 1662 1008 1687 erat
1034 1660 1181 1696 advena,
1215 1659 1311 1694 primi
1342 1664 1452 1696 erant,
1487 1660 1543 1695 qui
1567 1661 1746 1691 amicitiam

940 1705 1102 1742 offerrent,
1128 1707 1279 1734 Evander
1304 1709 1333 1734 et
1359 1707 1485 1735 Pallas.

987 1759 1064 1789 518.
1088 1759 1215 1790 educat
1236 1769 1342 1797 praeS.
1383 1763 1423 1792 cf.
1452 1761 1485 1801 4,
1519 1761 1597 1793 228.
1646 1767 1745 1802 „Em-

940 1808 1056 1842 phasis
1090 1811 1139 1836 est
1169 1808 1319 1846 virtutis,
1360 1810 1444 1843 quod
1484 1811 1620 1848 multos,
1661 1813 1746 1845 quod

940 1854 1090 1890 iuveneS,
1116 1855 1199 1888 quod
1223 1858 1378 1891 armatos,
1404 1856 1486 1890 quod
1506 1857 1608 1893 rapit3
1634 1858 1745 1887 minus

940 1900 1028 1929 enim
1052 1899 1174 1937 fuerat,
1199 1900 1229 1928 si
1251 1901 1389 1930 dixisset
1409 1898 1543 1941 capit.“
1569 1905 1600 1932 S.

987 1955 1064 1986 519.
1091 1959 1201 1995 „Sane
1237 1966 1308 1987 mos
1342 1959 1467 1988 eratin
1498 1962 1661 1996 sepulcris
1692 1963 1745 1991 vi-

940 2011 1049 2032 rorum
1092 2003 1222 2033 fortium
1255 2005 1404 2040 captivos
1443 2007 1564 2036 necari.
1615 2008 1663 2037 cf.
1692 2007 1745 2045 11,

939 2048 994 2078 82.
1017 2052 1104 2079 Suet.
1129 2052 1194 2080 Oct.
1225 2049 1262 2079 15
1301 2049 1466 2081 Scribunt
1490 2051 1652 2092 qnidam,
1678 2057 1747 2084 tre-

939 2098 1055 2125 centos
1076 2104 1115 2125 esc
1135 2093 1310 2127 dedititiis
1331 2094 1455 2127 electos
1490 2097 1672 2140 utriusque
1693 2109 1748 2130 or—

939 2139 1033 2171 dinis
1066 2141 1114 2171 art
1146 2151 1260 2180 aram,
1285 2141 1367 2173 divo
1397 2140 1489 2173 Iulio
1520 2148 1748 2186 exstructam,

942 2185 1062 2217 Idibus
1081 2186 1221 2218 Martiis
1239 2187 1432 2219 hostiarum
1461 2199 1554 2220 more
1576 2195 1751 2223 mactatos

941 2231 984 2262 ab
1015 2231 1222 2264 Octaviano.
1277 2237 1326 2266 Cf.
1355 2236 1416 2265 Dio
1442 2234 1503 2275 43,
1544 2235 1598 2267 24.
1658 2240 1748 2274 Quod

941 2284 1111 2315 postquam
1141 2283 1269 2311 crudele
1292 2283 1403 2311 visum
1430 2286 1490 2320 est,
1515 2284 1641 2318 placuit
1671 2287 1745 2322 gla-

941 2327 1081 2356 diatores
1118 2331 1193 2357 aute
1228 2330 1380 2363 sepulcra
1412 2329 1584 2368 dimicare,
1631 2332 1687 2366 qui
1725 2339 1745 2360 a

941 2373 1045 2402 bustis
1082 2375 1235 2403 bustiarii
1277 2375 1354 2404 dicti
1396 2374 1494 2404 sunW
1529 2378 1561 2405 S.
1609 2378 1648 2405 Et.
1677 2378 1747 2406 ludi

941 2419 1129 2456 gladiatorii
1155 2421 1251 2455 primi
1271 2428 1302 2450 a.
1326 2419 1391 2449 490
1417 2429 1446 2450 a.
1470 2430 1501 2451 u.
1526 2422 1593 2450 dati
1616 2427 1693 2452 sunt
1713 2424 1745 2452 in

939 2465 1052 2494 funere
1076 2466 1116 2495 cf.
1141 2467 1216 2496 Liv.
1239 2468 1296 2502 Ep.
1326 2464 1379 2496 16.
1418 2469 1492 2497 Val.
1518 2470 1608 2497 Max.
1635 2466 1665 2507 2,
1691 2467 1746 2499 47.

988 2520 1065 2552 520.
1092 2522 1232 2563 captivo
1258 2521 1438 2564 sanguine
1469 2529 1503 2555 ut
1526 2527 1601 2556 Tae.
1623 2526 1666 2555 A.
1696 2524 1747 2563 ¹4,

942 2566 984 2596 30
1001 2577 1122 2598 cruore
1146 2567 1286 2609 captiuo
1308 2568 1451 2599 adolere
1476 2579 1559 2600 aras
1581 2576 1611 2600 et
1637 2570 1748 2612 capti-

941 2623 1006 2643 vus
1050 2617 1091 2644 ad
1129 2624 1182 2645 res
1220 2616 1356 2645 refertur
1403 2617 1442 2646 cf.
1492 2615 1529 2655 2,
1567 2615 1644 2647 765.
1693 2619 1748 2649 Sic

942 2668 1043 2689 caeso
1067 2659 1245 2702 sanguine
1272 2658 1332 2699 11,
1353 2660 1408 2692 82.

988 2716 1065 2747 521.
1099 2716 1210 2759 Mago
1238 2720 1393 2757 „dativus
1418 2724 1453 2749 ut
1469 2728 1570 2756 supra
1586 2729 1620 2750 v.
1645 2718 1747 2751 401.⁴‘

943 2766 974 2793 S.
1002 2765 1041 2794 cf.
1068 2764 1145 2793 555.
1188 2780 1225 2785 —-
1272 2763 1448 2803 infensam
1475 2769 1561 2806 Myb.
1580 2764 1748 2799 infestam

942 2813 1043 2840 Macr.
1068 2812 1135 2839 Sat.
1162 2809 1200 2848 5,
1236 2809 1265 2840 2.
1290 2813 1329 2841 R.
1377 2814 1446 2842 Hoc
1469 2814 1553 2843 satis
1577 2813 1748 2851 usitatum,

943 2857 999 2885 sed
1032 2856 1130 2885 etiam
1164 2858 1303 2887 alterum
1336 2862 1367 2888 et
1406 2861 1524 2889 bonum
1559 2863 1588 2889 et
1622 2860 1655 2888 in
1683 2868 1747 2889 usu

942 2906 992 2931 est
1009 2902 1047 2931 cf.
1066 2902 1097 2940 5,
1123 2899 1200 2931 641.
1226 2901 1454 2934 contenderat
1476 2907 1525 2934 Pl.
1542 2908 1573 2934 S.
1591 2909 1621 2934 et
1646 2908 1746 2936 Macr.

945 2964 983 2968 —
1016 2945 1112 2978 deret
1132 2946 1205 2978 Mc2
1232 2965 1276 2969 —
1301 2947 1390 2980 derit
1412 2948 1448 2981 cl
1476 2967 1513 2972 —
1544 2954 1693 2982 torserat
1707 2953 1747 2982 R.

941 2993 1186 3029 Plusqpfectum
1232 2999 1318 3025 recte
1363 3000 1437 3026 ante
1493 2995 1588 3028 subit
1640 3006 1746 3034 praes.

943 3040 1145 3070 historicum.
