2023 3350
292 93 374 133 548

853 89 891 121 Ρ.
921 89 1117 123 VIRGtLu
1151 91 1364 126 MARONIS

290 203 538 254 Dardanus,
579 204 622 243 et
658 200 791 242 versis
826 201 995 255 lugeret
1034 202 1217 247 Graecia
1249 204 1363 247 fatis.

291 260 509 313 Quidquid
544 258 662 312 apud
697 257 829 300 durae
870 262 1083 301 cessatum
1115 264 1180 302 est
1216 264 1384 304 moenia
1426 262 1590 315 Troiae,

291 317 490 360 Hectoris
529 316 780 369 Aeneaeque
826 330 955 358 manu
989 317 1171 359 victoria
1209 318 1387 361 Graium

292 375 456 425 Haesit,
494 377 537 414 et
573 373 617 414 in
655 373 866 415 decimum
898 374 1080 428 vestigia
1117 375 1285 417 rettulit
1321 390 1489 418 annum.

291 432 428 474 Ambo
468 431 638 481 animis,
678 430 804 472 ambo
839 431 1026 485 insignes
1061 432 1381 486 praestantibus
1414 435 1566 487 armis3

292 490 373 531 Hic
410 489 570 543 pietate
602 488 732 542 prior.

292 548 387 598 Qua
420 546 565 598 datur3
599 549 684 597 ast,
724 546 853 587 armis
889 551 1148 589 concurrant
1181 560 1324 599 arma,

293 606 349 646 Et
383 617 587 658 responsa
620 603 746 645 simul
781 617 891 657 quae
921 604 1023 656 sint,
1065 618 1141 646 rex
1180 604 1351 658 optime,
1388 606 1501 659 regis

293 662 482 713 Audisti,
513 665 555 703 et
594 675 704 715 quae
741 661 797 703 sit
829 675 983 715 magno
1019 662 1232 704 sententia
1268 661 1394 703 bello.

408 720 491 761 Vix
528 733 578 761 ea
610 719 761 772 legati,
801 720 1029 774 variusque
1061 733 1138 774 per
1175 733 1252 761 ora
1283 719 1472 761 cucurrit

294 777 558 820 Ausonidum
591 776 768 818 turbata
803 776 982 819 fremor:

294 836 434 887 Quum
468 834 643 889 rapidos
679 848 844 886 amnes,
879 834 928 876 fit
966 835 1110 877 clauso
1148 835 1316 888 gurgite
1349 849 1551 886 murmur,

293 894 554 947 Vicinaeque
583 891 769 933 fremunt
801 892 921 946 ripae
957 892 1266 947 crepitantibus
1303 892 1438 933 undis.

294 952 353 993 Ut
388 951 573 1005 primum
610 949 772 1003 placati
810 950 942 991 animi
979 954 1021 992 et
1056 949 1228 1004 trepida
1257 963 1333 992 ora
1370 950 1581 1003 quierunt,

1839 377 1925 416 290

793 488 953 531 Coeant
987 489 1031 530 in
1069 489 1244 531 foedera
1284 489 1471 542 dextrae,

1365 553 1519 590 cavete.

1847 663 1928 702 295

1023 791 1101 819 ceu
1136 790 1241 819 saxa
1279 781 1502 819 morantur

1846 953 1931 992 300

294 1009 519 1052 Praefatus
554 1007 674 1049 divos
712 1007 818 1049 solio
854 1021 930 1049 rex
966 1007 1061 1049 infit
1100 1008 1154 1050 ab
1192 1007 1306 1049 alto:

407 1067 517 1108 Ante
556 1065 753 1119 equidem
785 1080 951 1107 summa
987 1065 1039 1107 de
1075 1080 1121 1108 re
1158 1066 1383 1116 statuisse,
1421 1065 1574 1116 Latini,

295 1125 352 1166 Et
386 1124 554 1175 vellem,
595 1126 639 1164 et
674 1122 816 1165 fuerat
851 1124 1024 1175 melius3
1064 1137 1150 1165 non
1181 1127 1374 1176 tempore
1411 1122 1490 1164 tali

295 1182 456 1237 Cogere
495 1181 738 1233 concilium,
779 1194 911 1234 quum
946 1195 1090 1223 muros

340 1354 416 1386 287.
446 1353 637 1387 Dardanus
663 1356 685 1386 i.
708 1365 736 1386 e.
759 1357 937 1394 Troianus3
969 1366 1085 1386 nomen

294 1404 459 1440 singulare
471 1404 566 1438 quasi
578 1403 782 1433 collectivum
799 1403 889 1432 sites.
901 1402 931 1439 9,
946 1402 1022 1432 380.
1044 1419 1081 1423 -

295 1451 331 1478 Si
362 1453 487 1484 praeter
525 1452 609 1479 bunc
648 1451 709 1477 duo
749 1450 833 1478 tales
873 1450 1084 1487 exstitissent,

294 1495 428 1525 Troiani
455 1495 624 1524 Graeciam
648 1495 850 1524 evertissent.

340 1549 416 1580 288.
443 1549 553 1581 durae
576 1551 616 1581 cf.
638 1549 669 1587 9,
694 1549 771 1579 603.

340 1573 1082 1650 289.c1⁹.}10m.11.17,513‘”'Enm9

294 1633 519 1725 glvzia573',
556 1636 594 1671 οἳ
636 1636 771 1681 Τρώων
808 1637 896 1671 εἰσιν
930 1634 1083 1681 ἄριστοι.

338 1744 416 1775 290.
442 1746 530 1780 Quod
562 1744 646 1774 idem
680 1745 745 1773 soli
783 1746 877 1773 datur
906 1744 1035 1773 Hectori
1055 1741 1086 1781 9,

294 1789 358 1821 155
386 1788 578 1827 (decimum
613 1799 699 1830 quos
728 1787 868 1820 distulit
894 1787 1022 1819 Hector
1051 1787 1087 1819 in

294 1837 447 1872 anuum]
468 1843 589 1866 caussa
615 1840 710 1872 patet.

339 1892 416 1922 292.
440 1890 538 1933 prior
562 1902 589 1922 c.
612 1895 676 1923 abl.
703 1894 786 1923 idem
816 1892 882 1922 fere
912 1893 995 1928 quod
1023 1900 1088 1933 po-

293 1937 372 1978 tior,
395 1944 428 1969 ut
452 1937 520 1967 760
541 1941 616 1969 arte
639 1937 748 1980 prior.

339 2005 415 2036 293.
436 2015 507 2048 qua
530 2015 585 2042 pro
619 2015 687 2047 qua
720 2004 858 2037 ratione
881 2007 921 2037 cf.
948 2004 981 2045 l,
1008 2004 1084 2036 676.

293 2069 336 2073 ——
361 2062 431 2093 qua
461 2050 569 2082 datur
586 2054 729 2088 ratione,
754 2061 946 2088 quacunque
977 2053 1088 2083 condi—

292 2100 378 2128 tione
407 2106 473 2134 pax
502 2099 595 2128 vobis
628 2099 792 2135 offeratur,
830 2100 981 2135 arripite3
1028 2100 1084 2127 sed

292 2146 391 2174 nolite
411 2152 564 2181 pugnare.
589 2160 633 2164 —
657 2145 711 2174 Sic
739 2146 957 2175 Romanorum
984 2145 1084 2174 tutius

292 2195 361 2220 erat
387 2195 508 2220 tentare
533 2191 625 2220 fidem
649 2198 746 2226 quarn
769 2198 872 2220 arma.

337 2256 414 2288 295.
437 2260 546 2288 Habes
570 2262 599 2287 et
624 2266 706 2294 quae
738 2260 858 2288 sentiat
887 2261 925 2289 de
957 2259 1083 2288 auxilio

291 2304 431 2341 serendo,
455 2309 486 2334 et
508 2306 545 2334 de
569 2308 632 2333 toto
655 2306 749 2334 bello.
802 2308 901 2335 Suam
925 2306 994 2340 ipse
1018 2306 1083 2334 Ve-

291 2353 391 2380 nulus
414 2351 606 2380 sententiam
635 2359 696 2379 non
721 2352 817 2380 addit.
871 2349 940 2380 Mu.
966 2351 1084 2380 rectius

291 2397 408 2426 dictum
433 2397 536 2425 fuisse
563 2396 684 2425 iudicat
709 2400 740 2425 et
765 2405 854 2436 quae
873 2395 915 2426 de
940 2405 1082 2436 magno.

292 2444 354 2471 Sed
378 2443 449 2477 ipse
471 2443 569 2479 addit,
599 2443 682 2479 „Sed
707 2442 762 2477 qui
787 2447 924 2479 poterat,
954 2443 1084 2471 etiamsi

291 2489 527 2517 adscriberetur
554 2485 610 2523 sit,
637 2488 706 2516 tolli
733 2485 797 2517 det
832 2490 943 2523 Itaque
969 2496 1083 2524 parum

291 2531 443 2563 confido.“
474 2536 582 2569 Neque
604 2541 684 2569 opus
708 2538 766 2563 est.

291 2622 494 2654 296—335.
559 2622 703 2654 Latinus
745 2626 886 2655 senatus
927 2623 1082 2665 exposcit

578 2690 798 2723 sententiam.

334 2757 411 2788 296.
438 2757 496 2790 vis
523 2776 560 2780 ——
591 2769 655 2801 qne
676 2761 715 2790 cf.
742 2761 773 2799 5,
799 2759 877 2790 857.

335 2814 414 2848 298.
439 2815 559 2846 clauso
593 2815 764 2858 gurgite:
804 2818 945 2847 obiectis
988 2818 1082 2847 saxis

288 2869 444 2896 aquarum
473 2871 587 2893 cursus
616 2866 809 2898 praeclusus
838 2869 896 2893 est.
925 2879 961 2883 —
989 2872 1083 2893 mm·-

288 2909 467 2937 murvarr.
482 2910 545 2937 LL.
567 2909 596 2944 6,
617 2907 659 2937 67
673 2907 946 2951 „Miri-mitratur
965 2910 1084 2939 dictum

289 2959 306 2979 a
333 2953 545 2983 similitudine
568 2955 638 2983 soni
665 2956 764 2984 surdi.
787 2977 795 2984 .
814 2978 821 2984 .
842 2977 849 2985 .
877 2956 960 2984 Hinc
984 2956 1081 2984 etiam

288 3001 400 3031 poetae
447 2998 705 3030 murmurantia
760 2998 877 3031 litora.
927 3001 1083 3031 Similiter

1125 1180 1296 1223 adsidet
1333 1180 1480 1222 hostis.

1125 1355 1296 1395 fremere,
1321 1353 1477 1398 gemere,
1510 1353 1680 1393 clamare,
1720 1363 1863 1396 crepare
1886 1357 1927 1386 ab

1127 1403 1341 1432 similitudine
1365 1403 1458 1432 vocis
1482 1403 1609 1432 sonitus
1628 1399 1746 1431 dicta.“

1173 1458 1249 1488 299.
1275 1457 1528 1499 crepitantibus
1543 1456 1665 1489 undis:
1682 1460 1723 1490 cf.
1737 1461 1922 1496 flonnpoa.

1129 1503 1187 1542 16,
1220 1503 1262 1534 47
1303 1503 1476 1534 montibus
1517 1502 1602 1534 altis
1632 1503 1719 1534 levis
1759 1508 1925 1544 crepante

1128 1548 1269 1591 lympha
1293 1548 1410 1580 desilit
1433 1549 1761 1591 pede—fremunt.
1785 1551 1824 1580 cf.
1849 1549 1925 1580 453.

1126 1599 1239 1632 Itaque
1263 1601 1373 1625 tantus
1394 1601 1442 1626 est
1465 1600 1597 1625 exortus
1624 1598 1747 1626 clamor
1767 1597 1924 1626 dissonus

1131 1643 1388 1679 vociferantium,
1420 1646 1452 1671 ut
1475 1642 1504 1671 is
1530 1642 1646 1671 fremor
1668 1642 1773 1678 possit
1796 1650 1927 1678 compa—

1132 1689 1199 1717 rari
1229 1696 1302 1717 cum
1334 1688 1475 1717 fluminis
1511 1688 1654 1717 cadentis
1684 1697 1725 1718 ex
1751 1689 1926 1725 longinquo

1131 1734 1248 1763 sonitu.

1181 1787 1256 1818 301.
1282 1787 1470 1829 praefatus
1496 1786 1613 1819 divos:
1645 1792 1927 1828 „morcantiqutu

1133 1843 1208 1865 nam
1231 1836 1370 1865 maiores
1396 1837 1521 1864 nullam
1542 1836 1719 1866 orationem
1740 1836 1805 1865 nisi
1829 1837 1925 1867 invo-

1132 1882 1215 1912 catis
1254 1881 1440 1910 numinibus
1479 1881 1688 1919 inchoabant,
1731 1883 1815 1912 sicut
1848 1886 1925 1912 sunt

1133 1928 1294 1957 orationes
1318 1928 1449 1956 Catonis
1473 1932 1502 1956 et
1521 1926 1690 1957 Gracchi.“
1715 1929 1748 1957 S.
1797 1929 1857 1957 Ov.
1881 1930 1925 1957 Μ.

1134 1971 1187 2010 15,
1212 1971 1276 2001 593
1299 1970 1483 2013 priscoque
1506 1971 1587 2002 deos
1610 1981 1730 2003 emore
1745 1976 1927 2013 precatum

1131 2020 1205 2048 dein
1252 2019 1396 2053 sequitur
1445 2019 1557 2048 oratio.
1604 2021 1653 2048 Ita
1691 2017 1926 2049 Demosthenes

1132 2065 1254 2094 orditur
1278 2066 1480 2100 praeclaram
1502 2072 1597 2094 suam
1629 2066 1667 2093 de
1699 2072 1819 2095 corona
1850 2073 1925 2095 ora-

1130 2112 1249 2140 tionem
1277 2111 1329 2139 his
1356 2111 1482 2139 verbis:
1514 2107 1683 2161 Πρῶτον
1689 2104 1771 2149 μὲν,
1796 2102 1929 2149 ανδρες

1126 2149 1334 2205 Ἀθηναῖοι,
1385 2154 1462 2190 τοῖς
1496 2153 1601 2191 θεοῖς
1644 2162 1798 2194 ευχομαι
1837 2153 1927 2185 πᾶσι

1129 2196 1192 2230 καὶ
1213 2195 1356 2236 πάσαις.
1386 2201 1478 2230 Adde
1499 2201 1583 2230 Plin.
1607 2202 1687 2230 Pan.
1715 2199 1745 2230 1.
1772 2217 1811 2222 —
1837 2199 1927 2231 solio

1131 2244 1173 2276 ab
1200 2245 1273 2277 alto
1296 2247 1337 2276 cf.
1365 2244 1397 2284 8,
1421 2245 1497 2275 541.

1176 2302 1252 2333 302.
1278 2301 1445 2333 statuisse
1477 2300 1621 2332 vellem.-
1667 2305 1746 2341 „Est
1773 2312 1925 2340 compen-

1131 2350 1224 2378 diosa
1256 2350 1390 2386 locutio,
1433 2357 1529 2384 quum
1566 2349 1729 2384 querimur
1758 2358 1822 2379 non
1850 2358 1926 2379 esse

1129 2395 1267 2433 factum,
1315 2395 1486 2430 quod-fieri
1515 2393 1655 2424 debuit.“
1680 2397 1711 2424 S.
1759 2396 1925 2425 Pertinent

1130 2443 1170 2471 ad
1197 2449 1247 2477 ea,
1274 2449 1357 2476 quae
1381 2441 1519 2469 Latinus
1550 2446 1700 2470 suaserat
1725 2439 1756 2478 7,
1777 2439 1838 2469 591
1863 2450 1926 2479 sq.,

1129 2496 1232 2522 neque
1256 2492 1361 2516 tamen
1383 2487 1531 2516 omnibus
1556 2487 1606 2516 ira
1629 2487 1823 2522 praepeditis
1847 2491 1878 2516 et
1903 2495 1924 2516 a

1129 2534 1235 2562 Turno
1258 2533 1291 2561 in
1314 2533 1455 2562 furorem
1478 2533 1560 2562 actis
1587 2534 1689 2569 potuit
1710 2533 1869 2568 perticere.

1175 2587 1250 2618 304.
1276 2597 1391 2618 muros
1416 2586 1571 2618 adsidet:
1594 2590 1830 2620 Accusativum
1852 2597 1925 2619 cunt

1127 2644 1160 2665 v.
1187 2633 1350 2664 adsidere
1374 2635 1465 2671 iungi
1494 2642 1545 2670 ap.
1573 2636 1638 2666 Cic.
1665 2641 1696 2665 et
1721 2638 1802 2665 Sall.
1827 2636 1920 2664 testis

1127 2686 1176 2711 est
1199 2682 1387 2710 Arusianus
1414 2690 1443 2716 p.
1470 2678 1533 2709 211
1560 2683 1607 2710 ed.
1632 2683 1776 2711 Lindem.
1815 2682 1853 2709 Et
1871 2682 1918 2709 le-

1127 2727 1212 2764 gitur
1241 2729 1321 2756 Sall.
1350 2728 1418 2763 lug.
1455 2723 1495 2755 11
1530 2724 1655 2757 dextra
1693 2723 1920 2757 Adherbalem

1127 2770 1289 2808 adsedit‚·
1324 2773 1370 2801 ita
1394 2780 1434 2802 ea
1462 2779 1544 2808 quae
1574 2775 1606 2802 h.
1628 2774 1650 2802 l.
1678 2775 1728 2801 est
1753 2771 1919 2801 obsidendi

1127 2819 1254 2847 notione
1285 2825 1336 2854 ap.
1362 2819 1437 2848 Tac.
1463 2819 1506 2847 A.
1533 2815 1564 2855 4,
1589 2816 1632 2847 58
1656 2814 1792 2846 moenia
1823 2814 1920 2846 urbis

1129 2862 1312 2902 adsidens,
1346 2862 1381 2902 4,
1419 2862 1461 2893 43
1488 2865 1659 2893 assidendo
1692 2863 1863 2892 castellum
1888 2866 1920 2890 et

1128 2917 1179 2944 ap.
1206 2911 1295 2938 Sall..
1326 2909 1439 2946 fragm.
1466 2906 1496 2946 4,
1523 2907 1541 2937 9
1583 2905 1738 2938 Amisum
1768 2905 1920 2936 assideri

1128 2953 1201 2984 sine
1234 2953 1379 2996 proeliis
1414 2952 1591 2985 audiebat.
1636 2954 1700 2988 Ap.
1732 2953 1918 2983 Ciceronem

1128 3010 1214 3031 nunc
1242 3010 1305 3030 non
1328 3006 1386 3031 est.
