2023 3350
127 217 244 271 Ergo
282 220 325 259 et
357 231 488 272 quam
525 217 673 271 petitis
712 216 861 260 iuncta
900 220 966 261 est
1002 217 1107 259 mihi
1148 218 1320 261 foedere
1350 218 1517 273 dextra,

130 276 186 316 Et
220 275 294 316 lux
335 290 466 329 quum
496 275 683 329 primum
721 276 850 317 terris
889 289 933 318 se
969 276 1158 318 crastina
1193 277 1359 330 reddet,

127 333 301 374 Auxilio
342 333 484 375 laetos
525 333 742 374 dimittam
785 332 1025 388 opibusque
1064 333 1234 376 iuvabo.

127 390 299 432 Interea
332 405 457 432 sacra
488 390 615 443 haec,
654 391 825 445 quando
864 391 947 432 huc
987 392 1163 433 venistis
1200 392 1338 444 amici,

127 448 299 499 Annua,
339 462 448 501 quae
481 447 655 490 differre
687 448 828 499 nefas,
866 448 1081 491 celebrate
1118 449 1311 491 faventes

127 505 386 558 Nobiscum,
425 509 467 546 et
506 506 593 547 iam
629 520 741 548 nunc
775 506 991 548 sociorum
1032 507 1276 548 adsuescite
1307 507 1477 549 mensis.

240 563 360 604 Haec
398 563 472 604 ubi
511 563 648 615 dicta,
688 564 821 617 dapes
862 564 983 605 iubet
1019 568 1062 605 et
1095 564 1267 607 sublata
1308 566 1460 619 reponi

128 619 307 671 Pocula,
348 621 659 674 gramineoque
695 622 810 663 viros
846 621 963 663 locat
1003 621 1096 675 ipse
1136 622 1272 675 sedili,

126 678 496 732 Praecipuumque
532 683 628 720 toro
665 683 707 720 et
745 679 887 720 villosi
919 678 1031 733 pelle
1071 679 1206 721 leonis

125 735 295 789 Accipit
333 737 506 777 Aenean
543 737 738 791 solioque
770 737 926 778 invitat
961 750 1129 778 acerno.

125 793 232 834 Tum
260 793 363 834 lecti
398 794 571 836 iuvenes
607 795 806 836 certatim
847 807 1035 847 araeque
1073 793 1274 835 sacerdos

124 850 303 891 Viscera
340 854 459 892 tosta
498 851 642 893 ferunt
679 856 903 893 taurorum
943 855 1210 905 onerantque
1249 851 1450 894 canistris

123 908 249 949 Dona
284 908 512 950 laboratae
551 910 718 951 Cereris
750 909 1057 962 Bacchumque
1092 909 1351 951 ministrant.

125 966 325 1007 Vescitur
356 966 523 1008 Aeneas
565 966 691 1008 simul
735 970 776 1008 et
809 967 996 1008 Troiana
1031 967 1230 1008 iuventus

124 1023 327 1077 Perpetui
365 1027 488 1077 tergo
522 1023 642 1066 bovis
679 1028 721 1066 et
756 1024 1010 1065 lustralibus
1049 1024 1170 1065 extis.

237 1081 472 1135 Postquam
501 1085 700 1137 exempta
733 1081 868 1123 fames
904 1085 946 1123 et
982 1094 1104 1122 amor
1136 1094 1407 1134 compressus
1446 1080 1611 1135 edendi,

717 102 957 137 AENEmos
992 105 1076 137 Lm.
1102 106 1197 138 vni.
1697 108 1779 148 397

1700 279 1781 319 170

1700 572 1777 610 175

1697 856 1779 895 180

658 1140 754 1181 Non
791 1139 896 1181 haec
936 1138 1163 1180 sollemnia
1197 1138 1335 1190 nobis,
1696 1144 1774 1184 185

143 1138 214 1179 tex
250 1139 479 1181 Euandrus
518 1140 598 1182 ait:

126 1264 384 1297 didicens-em.
426 1268 451 1306 1,
469 1269 551 1298 695:
581 1267 725 1309 Iamque
739 1266 812 1298 ibat
833 1265 926 1297 dicto

122 1321 285 1353 parcns
321 1317 352 1343 ct
398 1312 490 1343 (Iona
533 1312 704 1354 Cupido
748 1312 926 1354 portabat.

125 1359 180 1387 sic
206 1359 238 1395 2,
264 1357 332 1387 419
349 1358 529 1399 saevitque
545 1359 692 1390 tridenti
717 1367 928 1400 spumeus

125 1407 230 1444 atque
255 1402 323 1433 imo
351 1402 508 1434 Nireus
539 1404 604 1435 ciet
634 1413 788 1445 aequora
807 1402 927 1443 fundo

124 1451 164 1485 9,
210 1450 230 1478 9
268 1453 387 1485 Septra
424 1448 584 1480 Palatini
620 1453 801 1485 sedemque
848 1451 926 1486 petit

129 1493 292 1524 Evandri
314 1496 363 1533 ll,
380 1495 446 1524 659
470 1494 688 1525 Threiciae..
708 1502 737 1526 et
756 1519 762 1525 .
782 1518 788 1525 .
817 1495 926 1526 Ama-

124 1549 236 1570 zones.
285 1542 349 1569 Sed
384 1542 480 1570 etiam
514 1543 722 1571 disiunctivis
753 1542 925 1577 particulis

122 1587 308 1616 secernitur
332 1587 576 1616 substantivum
606 1590 645 1616 ab
673 1589 856 1617 adiectivo:
883 1587 923 1616 cf.

123 1633 238 1662 Claud.
264 1634 300 1661 B.
327 1633 410 1662 Gild.
443 1633 522 1662 130:
562 1631 631 1662 Nec
650 1631 761 1663 sicco
790 1630 924 1672 Cybele,

121 1686 183 1707 uec
220 1677 337 1708 stabat
379 1676 542 1708 lumine
582 1677 680 1708 Iuno.
729 1681 822 1708 Adde
863 1680 923 1707 Ov.

122 1725 195 1752 Ain.
223 1722 260 1760 3,
305 1723 342 1761 9,
377 1724 417 1752 21
457 1721 549 1762 Quid
585 1727 689 1764 pater
723 1722 924 1762 Ismario,

122 1766 207 1809 quid
235 1771 347 1798 mater
376 1768 514 1810 profuit
546 1767 715 1810 Orpheo
742 1775 773 1799 et
806 1770 862 1798 sil.
894 1770 924 1799 6.

122 1814 176 1843 60.
226 1815 370 1843 Facilius
402 1816 467 1843 iant
500 1816 539 1843 A.
565 1813 601 1852 3,
642 1815 699 1845 161
741 1813 812 1845 Nec
839 1812 925 1844 haec

123 1857 186 1889 tibi
218 1856 324 1889 litora
351 1858 464 1889 suasit
493 1857 674 1899 Delius,
710 1863 771 1890 aul
803 1859 926 1890 Cretae

123 1902 226 1934 iussit
259 1903 437 1934 considere
465 1903 634 1944 Apollo.
684 1908 749 1935 Sed
777 1907 806 1935 is
841 1914 924 1936 usus

122 1948 260 1979 invaluit
284 1951 394 1987 etiam,
419 1951 450 1980 si
474 1953 610 1979 alterum
636 1952 731 1980 alteri
755 1953 922 1980 enuntiato

123 1997 306 2026 subiectum
325 2002 386 2025 est.
437 1996 490 2024 Sic
514 1997 653 2025 relativo
674 2003 849 2032 separatur
866 1999 923 2026 ad-

123 2043 278 2070 iectivuin
302 2049 321 2070 a
347 2042 568 2076 substantivo,
594 2047 624 2070 ut
645 2044 675 2070 h.
692 2044 712 2070 l.
739 2047 768 2070 et
787 2042 819 2080 5,
846 2042 924 2071 7⁴26.

124 2091 236 2122 Neque
270 2089 377 2116 solum
410 2088 609 2116 adjectivum
641 2093 797 2116 enuntato
838 2090 926 2116 rela-

123 2134 189 2162 tivo
225 2134 419 2170 includitur,
463 2134 527 2161 alio
562 2140 797 2167 nonnunquam
831 2140 925 2169 casu,

123 2181 182 2209 sed
223 2180 323 2207 etiam
364 2179 618 2209 substantivum.
669 2179 716 2209 Cf.
762 2178 818 2215 11,
859 2178 925 2207 687

122 2227 199 2254 Hor.
230 2228 297 2254 sat.
333 2223 357 2261 Ι,
389 2224 437 2262 tt),
466 2224 506 2253 16
537 2222 623 2261 Illi,
650 2222 782 2263 scripta
804 2221 927 2262 quibus

123 2268 301 2299 comoedia
325 2267 444 2310 prisca
476 2267 587 2299 viris
616 2274 677 2299 est.
725 2272 785 2305 Ep.
816 2269 853 2305 2,
882 2268 925 2297 37

127 2313 213 2354 Quis
245 2324 314 2344 non
346 2313 577 2351 malarum,
610 2323 698 2355 quas
731 2322 829 2344 amor
862 2322 927 2343 cu-

121 2369 193 2389 ras
219 2357 339 2398 habel,
370 2358 454 2389 hacc
488 2359 579 2390 inter
608 2357 837 2390 obliviscitur.
886 2360 927 2388 cf.

124 2409 177 2435 Gr.
199 2406 221 2439 ς
245 2404 322 2434 249.
337 2422 380 2425 ——
399 2407 462 2435 Sed
490 2407 700 2442 reperiuntur
721 2407 819 2435 etiam
838 2406 926 2434 aliae

123 2452 316 2487 particulae.
368 2451 408 2480 cf.
441 2451 473 2489 l,
508 2451 529 2480 4
551 2450 701 2481 vicina
733 2450 850 2492 coegi,
888 2452 926 2480 ut

120 2499 286 2537 parerent
304 2505 411 2525 arva
431 2495 561 2526 colono.
611 2498 651 2526 cf.
673 2498 704 2535 9,
729 2496 802 2526 133.
853 2499 926 2526 Val.

122 2542 232 2579 1⁴¹1.2,
263 2540 328 2570 ⁶244
367 2539 443 2571 Non
474 2540 572 2571 ulla
602 2552 676 2572 meo
706 2545 739 2572 te
772 2540 927 2572 carmine

122 2586 255 2618 dictam
283 2585 508 2624 abstulerint,
533 2586 658 2619 durent
686 2585 801 2617 Latiis
825 2585 927 2617 modo

122 2631 303 2664 saecula
321 2631 444 2670 fastis.
492 2635 527 2662 Is
555 2642 638 2662 usus
663 2635 775 2671 docet,
801 2635 923 2662 Roma-

122 2687 185 2709 nos
225 2679 396 2713 periodum
440 2679 658 2708 existimasse
700 2687 800 2708 unum
845 2688 924 2708 esse

122 2725 336 2754 enuntiatum.
373 2725 485 2753 Simile
501 2730 563 2761 est,
587 2726 674 2760 quod
688 2729 819 2754 notatur
835 2727 875 2754 ad
896 2724 925 2763 l,

121 2769 199 2799 411.
250 2772 320 2799 Huc
348 2772 445 2799 etiam
472 2771 611 2805 pertinet
640 2771 670 2800 is
703 2778 786 2800 usus
819 2779 922 2806 saepe

123 2817 259 2853 obvius,
303 2824 366 2851 quo
403 2817 664 2854 substantivum,
707 2816 761 2845 cui
797 2818 926 2846 additur

123 2862 325 2891 enuntiatum
339 2863 525 2899 relativum,
550 2863 616 2897 ipsi
638 2862 668 2890 ei
689 2862 856 2891 enuntiato
875 2863 926 2891 in-

123 2907 224 2936 fertur
241 2911 272 2936 ut
290 2907 322 2946 6,
346 2907 413 2937 567
442 2905 578 2949 subigit
595 2904 710 2945 fateri
736 2916 826 2947 qnae
849 2906 927 2947 quis

121 2950 297 2992 piacula
335 2951 490 2992 distulit,
532 2962 607 2990 pro:
652 2953 803 2993 piacula,
840 2960 925 2988 quae

125 2998 197 3032 quis
227 2999 360 3028 distulit.

1022 1267 1096 1297 169.
1124 1265 1245 1298 iuncta
1283 1267 1333 1297 est
1364 1264 1450 1296 mihi
1473 1266 1617 1306 foedere
1654 1268 1779 1302 dextra

973 1312 1213 1388 ef.1‡71.8?dem
1241 1366 1347 1394 paene
1369 1365 1492 1388 versus
1522 1358 1554 1397 1,
1578 1358 1656 1389 571.

977 1436 1038 1467 175
1061 1435 1198 1467 —183.
1246 1433 1388 1511 Tiioiani
1424 1433 1602 1468 intersunt
1641 1437 1776 1470 Hercu-

1299 1488 1330 1511 ιε
1356 1488 1465 1513 sacro.

1021 1538 1095 1568 175.
1121 1536 1259 1579 reponi,
1298 1540 1401 1576 „quia
1441 1545 1528 1569 metu
1577 1542 1776 1577 reliquerant

973 1584 1151 1614 mensas.“
1177 1588 1208 1614 S.
1235 1601 1281 1605 —
1305 1584 1415 1625 (tapes
1437 1586 1477 1614 cf.
1503 1585 1541 1624 3,
1566 1586 1643 1616 224.

1024 1631 1096 1659 176.
1123 1628 1247 1660 sedili.-
1273 1632 1331 1668 „In
1360 1634 1480 1666 templo
1503 1634 1657 1663 Herculis
1682 1634 1776 1663 lecti—

973 1678 1133 1706 sternium
1161 1685 1240 1705 esse
1267 1685 1331 1705 non
1355 1677 1509 1706 licebat.“
1536 1681 1569 1707 S.

1023 1722 1096 1751 177.
1123 1723 1328 1757 Praecipuus
1354 1723 1514 1758 accipitur
1530 1725 1568 1753 A.
1598 1728 1626 1752 et
1650 1729 1721 1753 toro
1745 1729 1777 1754 et

974 1770 1077 1803 pelle,
1115 1775 1213 1802 quum
1245 1769 1346 1796 ceteri
1375 1769 1407 1796 in
1438 1770 1584 1803 gramine
1614 1772 1776 1800 locentur.

973 1814 1021 1843 Cf.
1045 1814 1103 1842 Sil.
1125 1813 1175 1851 11,
1199 1814 1266 1842 275
1297 1811 1502 1853 Praecipitis
1518 1817 1682 1850 multoque
1699 1825 1777 1851 pro-

973 1862 1027 1888 cul
1050 1860 1301 1894 splendentibus
1328 1864 1418 1888 ostro
1439 1861 1609 1895 Accipitur
1633 1863 1775 1891 sublime

971 1903 1073 1942 toris,
1099 1913 1194 1940 quein
1217 1907 1326 1934 locum
1351 1906 1454 1933 attulit
1488 1903 1572 1946 Wg.

1022 1950 1097 1979 178.
1124 1952 1250 1979 Solium
1279 1958 1435 1979 acernum
1464 1959 1507 1979 ex
1531 1952 1620 1981 illius
1646 1957 1776 1989 tempo·

971 1997 1016 2025 ris
1042 1997 1263 2031 simplicitate.
1313 1997 1353 2025 cf.
1376 1998 1437 2025 Ov.
1456 1999 1547 2026 Fast.
1571 1997 1602 2035 3,
1628 1998 1704 2028 359.
1730 2015 1776 2019 —-

974 2039 1130 2070 Invitare
1156 2043 1201 2071 ita
1232 2043 1268 2078 9,
1306 2041 1374 2071 676
1410 2040 1564 2072 invitant
1598 2042 1776 2075 moenibus

970 2084 1112 2115 hostem.
1168 2089 1217 2115 De
1244 2088 1353 2116 dativo
1378 2089 1459 2124 loci,
1492 2088 1534 2116 cf.
1559 2088 1598 2125 5,
1625 2088 1704 2119 451.

1019 2131 1094 2159 179.
1121 2130 1202 2161 lecti
1230 2130 1393 2161 iuvenes.-
1427 2135 1521 2170 „Non
1552 2139 1651 2163 vacat
1684 2133 1774 2164 lecti.

970 2177 1008 2204 In
1031 2177 1139 2205 sacris
1160 2177 1245 2205 enim
1273 2178 1428 2206 Herculis
1454 2186 1514 2206 nec
1542 2180 1632 2207 servi
1654 2181 1776 2209 intere-

972 2226 1059 2259 rant,
1087 2230 1148 2250 nec
1173 2221 1313 2251 liberti.“
1341 2225 1374 2251 S.
1423 2231 1484 2251 nec
1508 2223 1652 2252 feminae
1674 2227 1773 2260 Pron.

971 2265 1009 2303 4,
1046 2267 1083 2304 9,
1117 2267 1171 2296 69.
1222 2270 1305 2296 Geli.
1335 2267 1391 2305 11,
1429 2267 1459 2296 6.
1508 2269 1694 2298 visceratio
1717 2271 1776 2299 illa

973 2312 1034 2348 (cf.
1061 2321 1092 2341 v.
1117 2312 1209 2348 104.)
1233 2313 1274 2342 iis
1295 2318 1418 2342 tantum
1440 2313 1570 2342 videtur
1592 2323 1670 2344 esse
1688 2317 1774 2353 data,

973 2359 1024 2393 qui
1069 2362 1219 2393 poterant
1258 2366 1351 2387 arina
1394 2359 1490 2387 ferre.
1541 2362 1627 2388 Male
1665 2365 1775 2390 tamen

972 2404 1111 2433 Servius
1141 2401 1222 2433 lecti
1248 2406 1312 2432 huc
1338 2405 1453 2438 refert,
1489 2406 1549 2433 sed
1578 2406 1654 2434 lecti
1679 2407 1776 2435 iuve-

971 2458 1032 2478 nes
1057 2454 1144 2487 sunt,
1174 2450 1363 2485 quinarem
1389 2458 1533 2487 sacrum,
1560 2459 1627 2480 non
1646 2460 1774 2491 omnes,

970 2496 1024 2531 qui
1051 2496 1158 2525 sacris
1184 2497 1303 2524 adsunt
1331 2500 1362 2525 et
1382 2498 1566 2532 epulantur.

1021 2541 1092 2570 180.
1120 2539 1254 2571 viscera
1282 2542 1324 2570 cf.
1355 2542 1392 2579 6,
1426 2540 1504 2570 253.
1539 2557 1583 2561 —-
1609 2544 1774 2573 onerant-

971 2595 1036 2627 que
1061 2585 1227 2616 canistris
1256 2587 1297 2617 cf.
1329 2586 1363 2624 l,
1394 2587 1466 2616 195.

1021 2632 1094 2661 183.
1120 2634 1169 2661 De
1195 2640 1279 2661 voce
1305 2638 1485 2668 perpetuus
1504 2631 1543 2661 cf.
1569 2633 1601 2671 7,
1633 2633 1703 2663 176.
1729 2650 1774 2655 —

974 2675 1159 2707 Lustralia
1183 2680 1263 2708 exta
1287 2680 1325 2707 de
1348 2679 1457 2707 hostia
1479 2682 1567 2716 sunt,
1593 2687 1658 2714 qua
1675 2688 1774 2714 quum

972 2729 1174 2760 vescuntur,
1216 2725 1288 2753 sine
1323 2725 1420 2753 dubio
1460 2728 1491 2753 et
1528 2726 1662 2760 purgari
1699 2727 1773 2755 sive

969 2770 1104 2799 lustrari
1131 2773 1160 2798 et
1189 2770 1250 2798 diis
1270 2770 1434 2804 gratiores
1460 2778 1498 2799 se
1520 2770 1588 2799 fieri
1606 2773 1773 2806 putabant.

971 2818 1020 2845 De
1044 2818 1106 2845 noc
1134 2823 1231 2845 sacro
1259 2815 1300 2844 cf.
1325 2816 1398 2845 Liv.
1427 2814 1461 2855 1,
1488 2815 1519 2844 7.

1245 2892 1355 2924 Cacus
1393 2891 1435 2924 ab
1474 2893 1627 2926 Hercule
1667 2893 1774 2926 inter-

1307 2937 1431 2971 ficitur.

1017 2998 1195 3028 Historiam
1229 2998 1308 3029 Caci
1334 3000 1374 3027 ab
1403 2999 1544 3028 Hercule
1578 2999 1773 3038 interempti,

974 2893 1038 2926 184
1049 2911 1092 2915 —
1111 2892 1187 2924 279.
