2023 3350
715 100 947 136 AENEIDOS
974 105 1060 137 LIB.
1083 106 1160 138 ΧΠ.

1675 113 1756 153 627

117 209 375 254 Excisurum
412 213 560 255 urbem
595 213 821 267 minitans,
858 219 901 258 et
938 218 1108 260 saucius
1143 219 1291 262 instat.

118 267 313 323 Quinque
349 270 473 312 orbes
514 270 688 324 explent
729 286 876 326 cursu,
917 276 1185 330 totidemque
1219 281 1419 321 retexunt

117 325 213 367 Huc
247 327 361 369 illuc.
418 328 565 381 Neque
597 328 708 370 enim
738 330 849 373 levia
887 337 962 375 aut
1002 333 1170 376 ludicra
1209 338 1416 388 petuntur

116 383 333 436 Praemia,
369 384 442 426 sed
483 384 616 426 Turni
650 385 702 428 de
740 388 829 430 vita
867 393 909 431 et
949 391 1157 444 sanguine
1188 396 1368 435 certant.

1673 399 1754 439 765

116 440 245 483 Forte
282 455 402 483 sacer
436 442 585 484 Fauno
621 443 737 486 foliis
774 446 958 489 oleaster
995 449 1154 490 amaris

117 498 198 540 Hic
234 502 432 550 steterat,
466 500 609 542 nautis
647 502 748 543 olim
785 505 1029 547 venerabile
1068 506 1242 558 lignum,

117 555 281 597 Servati
311 570 363 597 ex
398 557 525 599 undis
559 558 632 600 ubi
669 559 800 614 figere
835 561 950 603 dona
990 562 1186 604 solebant

115 613 321 654 Laurenti
357 612 452 656 divo
491 619 534 657 et
567 620 688 659 votas
725 619 984 673 suspendere
1023 623 1184 671 vestes3

116 668 200 711 Sed
239 670 416 724 stirpem
450 672 602 715 Teucri
634 675 750 717 nullo
791 676 1034 718 discrimine
1071 691 1240 718 sacrum

1670 687 1752 725 770

114 726 405 781 sustulerant,
443 744 552 784 puro
587 735 636 773 ut
670 737 847 786 possent
884 747 1138 776 concurrere
1180 748 1345 788 campo.

114 784 196 826 Hic
232 785 359 828 hasta
389 788 558 831 Aeneae
597 790 761 842 stabat,
795 790 878 832 huc
918 791 1104 845 impetus
1143 791 1264 833 illam

113 842 339 886 Detulerat
371 844 499 887 fixam
536 850 578 888 et
614 847 731 889 lenta
763 849 806 889 in
845 848 991 891 radice
1022 849 1207 891 tenebat.

112 900 314 943 Incubuit
349 903 568 958 voluitque
604 919 734 947 manu
768 906 1005 948 convellere
1046 906 1207 948 ferrum

112 958 400 1011 Dardanides,
439 961 611 1015 teloque
644 963 784 1016 sequi,
822 977 948 1018 quem
986 964 1196 1019 prendere
1235 978 1364 1006 cursu

490 1019 596 1060 Tum
627 1034 727 1062 vero
759 1035 906 1064 amens
940 1022 1170 1064 formidine
1203 1022 1381 1074 Turnus,

113 1073 279 1126 Faune,
312 1089 483 1128 precor,
519 1077 738 1130 miserere,
772 1079 930 1133 inquit3

113 1016 211 1058 Non
247 1020 429 1070 poterat.

1669 973 1752 1010 775

969 1083 1104 1134 tuque
1142 1080 1306 1134 optima
1341 1080 1503 1122 serrum

111 1130 243 1173 Terra
276 1135 390 1184 tene,
432 1133 544 1175 colui
582 1139 746 1178 vestros
781 1137 817 1178 si
854 1152 1021 1191 semper
1058 1138 1254 1189 honores,

113 1188 227 1240 Quos
262 1193 414 1232 contra
449 1192 676 1235 Aeneadae
712 1194 823 1236 bello
864 1195 1002 1237 fecere
1039 1195 1253 1250 profanos.

110 1246 250 1299 Dixit,
292 1261 502 1303 opemque
539 1250 608 1292 dei
645 1266 730 1294 non
766 1267 887 1295 cassa
921 1254 965 1295 in
998 1257 1099 1295 vota
1140 1253 1321 1295 vocavit.

1666 1257 1749 1296 ‘780

109 1304 305 1359 Namque
343 1305 417 1348 diu
451 1307 621 1351 luctans
660 1310 862 1364 lentoque
899 1311 942 1352 in
981 1312 1117 1365 stirpe
1155 1314 1347 1353 moratus

111 1354 285 1405 Viribus
317 1363 435 1406 haud
469 1365 568 1408 ullis
609 1368 744 1409 valuit
783 1368 1023 1410 discludere
1061 1383 1228 1410 morsus

110 1420 293 1473 Roboris
329 1421 506 1465 Aeneas.

564 1425 679 1466 Dum
714 1426 869 1467 nititur
901 1440 1000 1467 acer
1038 1430 1080 1467 et
1113 1425 1260 1476 instat,

63 1477 66 1480 “
109 1478 275 1520 Rursus
308 1479 352 1521 in
388 1481 564 1535 aurigae
601 1482 757 1524 faciem
790 1486 957 1525 mutata
992 1483 1163 1525 Metisci

110 1535 335 1579 Procurrit
367 1536 581 1592 fratrique
619 1554 762 1582 ensem
798 1541 879 1583 dea
910 1541 1082 1582 Daunia
1120 1525 1274 1582 reddit.

157 1640 234 1672 762.
260 1646 291 1673 et
316 1642 437 1683 instat,
472 1654 666 1683 quamquam
690 1648 824 1678 saucius
844 1652 903 1678 est.

157 1686 234 1718 763.
259 1692 418 1720 retexunt
443 1692 675 1723 cf.Claud.V1.
707 1696 803 1724 Cons.
825 1696 906 1724 Hon.

110 1731 174 1764 131
192 1733 373 1766 revolutus
394 1736 543 1769 culmine
561 1737 637 1774 fati
661 1742 761 1780 turpe
784 1739 909 1770 retexit

110 1777 188 1811 iter.
216 1797 254 1802 —
283 1780 419 1822 explent
443 1793 565 1822 cursu,
596 1785 642 1814 ita
664 1788 757 1815 Lucr.
788 1784 819 1823 2,
841 1784 905 1814 323

111 1824 187 1856 loca
212 1835 315 1856 cursu
343 1837 541 1869 camporum
566 1829 749 1871 complent.

159 1870 236 1902 764.
260 1874 314 1902 Ad
337 1883 404 1904 rem
427 1875 467 1905 cf.
493 1877 585 1905 Hom.
607 1878 645 1906 ΙΙ.
672 1875 725 1915 22,
743 1875 907 1906 159-61.

158 1917 235 1948 765.
261 1920 390 1950 Turnus
416 1930 480 1951 non
499 1923 633 1952 Aeneas
657 1923 690 1952 in
716 1924 828 1953 mortis
855 1928 905 1953 est.

112 1965 266 2001 periculo.

159 2009 235 2040 767.
260 2009 419 2053 lignum.-
471 2013 517 2042 ita
543 2015 617 2043 Hor.
649 2015 683 2044 C.
710 2013 740 2052 2,
774 2012 825 2051 13,
866 2011 900 2043 lt

111 2059 277 2095 arborem,
318 2066 402 2093 quae
432 2067 505 2088 eum
537 2068 637 2095 paene
668 2065 906 2099 suppresserat,

111 2108 275 2139 nuncupat
299 2102 398 2133 triste
417 2102 566 2146 lignum.
600 2105 838 2143 „Venerabile
863 2105 908 2136 ti-

111 2157 240 2190 gnum.-
289 2150 457 2186 antiquam
487 2154 635 2181 arborem
660 2153 763 2182 voluit
795 2153 906 2188 expri-

107 2194 231 2224 ψει-8)*
257 2198 288 2225 S.

158 2239 233 2270 768.
252 2240 372 2283 figere
396 2239 498 2271 dona.
547 2245 699 2273 solebant
731 2244 855 2274 servati
887 2254 905 2274 e

110 2286 283 2325 naufragio
307 2289 392 2317 dona
418 2289 532 2324 aliqua
561 2291 767 2327 suspendere,
807 2298 905 2326 saepe

111 2336 255 2364 tabulam
279 2335 427 2364 votivam
452 2334 491 2364 cf.
511 2336 586 2365 Hor.
609 2336 644 2365 C.
673 2334 700 2373 Ι,
725 2336 757 2373 5,
786 2334 824 2364 13
850 2334 905 2366 ,We

110 2378 234 2410 tabula
259 2389 357 2410 sacer
376 2378 493 2409 votiva
512 2379 631 2421 paries
649 2379 784 2412 indicat
797 2379 907 2411 uvida

111 2423 334 2466 suspendisse
375 2424 511 2465 potenti
552 2425 760 2457 vestimenta
798 2425 908 2457 maris

113 2469 187 2501 deo.
213 2471 261 2501 Cf.
291 2472 357 2502 Cic.
384 2473 450 2500 ND.
478 2470 508 2509 3,
534 2470 576 2501 37
602 2471 655 2501 89.
679 2475 766 2508 Quod
792 2475 903 2503 Fauno

111 2519 324 2554 suspendunt,
367 2524 490 2547 caussa
533 2519 661 2548 videtur
696 2528 779 2557 esse,
820 2521 904 2556 quod

112 2563 223 2599 pinus,
259 2564 357 2592 navis
381 2564 543 2602 materieS,
577 2565 607 2594 ei
633 2573 728 2595 sacra
751 2569 809 2595 est.
854 2566 902 2595 Cf.

110 2611 172 2638 ov.
200 2610 274 2638 Her.
297 2609 330 2646 5,
361 2607 434 2638 137.
484 2612 527 2638 Μ.
556 2609 582 2648 Ι,
608 2609 685 2648 699,
721 2612 838 2647 quibus
870 2612 904 2640 in

112 2655 194 2685 locis
233 2662 272 2684 ea
308 2654 421 2684 fronde
454 2660 624 2685 coronatus
663 2665 737 2686 esse
775 2658 902 2688 dicitur.

108 2702 175 2730 Sed
204 2701 337 2730 Faunus
372 2709 444 2730 cum
474 2702 563 2730 Pane
591 2710 612 2731 a
642 2704 800 2733 Romanis
827 2712 902 2733 con-

111 2747 269 2783 funditur,
305 2750 334 2775 et
360 2746 389 2774 is
420 2746 539 2776 dicitur
564 2738 686 2783 ἄκιιος
712 2750 843 2779 Theocr.
869 2749 901 2786 5,

112 2790 156 2822 14
183 2797 213 2822 et
235 2783 473 2830 ἁλίπλαγκτος
503 2794 599 2827 Soph.
628 2794 683 2822 Ai.
715 2793 792 2832 694,
848 2796 902 2824 ubi

107 2840 232 2869 schol.:
265 2827 288 2876 ἦ
311 2828 366 2866 ὅτι
389 2829 570 2877 ἐβοήθησε
592 2836 668 2873 τοῖς
689 2831 902 2879 Ἀθηναίοις

109 2877 150 2913 ἐν
187 2879 230 2926 τῇ
259 2877 445 2924 ναυμαχίᾳ
466 2902 474 2910 .
499 2903 506 2911 .
533 2904 541 2911 .
564 2873 587 2922 ἢ
624 2875 682 2912 ὅτι
720 2880 756 2913 οἱ
789 2877 902 2920 οἶλιεῖς

108 2925 240 2968 τιμῶσι
259 2922 325 2957 τὸν
356 2923 464 2957 Πᾶνα
487 2919 538 2963 (ἇς
558 2920 712 2966 νόμιμον
735 2923 838 2960 θεόν.

158 2972 236 3003 77⁰.
261 2971 360 3004 nullo
381 2970 580 3003 discrimine
600 2975 719 3013 habito,
743 2983 836 3005 sacer
859 2984 902 3005 an

111 3020 268 3056 profanus
290 3023 387 3049 esset.
436 3020 497 3050 Sed
510 3027 608 3055 quum
626 3024 750 3050 ceteras
770 3024 902 3052 arbores

1667 1543 1747 1582 785

952 1649 1141 1684 deciderent,
1167 1648 1242 1677 huic
1264 1654 1390 1682 quoque
1412 1647 1523 1675 Fauno
1542 1654 1668 1682 sacrae,
1694 1656 1751 1676 ne—

953 1695 1096 1724 scientes
1119 1694 1229 1729 qualis
1256 1697 1359 1730 esset,
1401 1701 1464 1721 non
1491 1696 1675 1728 parcebant.
1708 1709 1751 1715 —

954 1738 1060 1779 stirps
1085 1747 1185 1769 masc.
1211 1747 1243 1769 v.
1268 1737 1344 1767 208.

1000 1783 1078 1814 771.
1101 1793 1223 1825 purus,
1272 1792 1337 1813 non
1376 1784 1563 1819 impeditus,
1607 1789 1749 1820 apertus.

954 1832 1009 1861 Sic
1034 1832 1108 1860 Hor.
1125 1833 1182 1866 Ep.
1200 1829 1230 1868 2,
1252 1828 1283 1867 2,
1310 1826 1352 1858 71
1374 1837 1487 1869 purae
1506 1827 1660 1869 plateae.
1689 1833 1749 1860 0v.

955 1879 996 1906 M.
1025 1876 1054 1913 3,
1089 1875 1154 1905 709
1186 1884 1298 1917 purus
1331 1873 1374 1904 ab
1403 1872 1586 1904 arboribus
1616 1879 1751 1915 specto-

953 1921 1033 1951 bilis
1058 1920 1212 1963 undique
1234 1929 1392 1961 campus.
1420 1922 1454 1950 F.
1469 1919 1499 1957 3,
1517 1919 1629 1960 5521».
1649 1930 1748 1961 ager.

954 1969 1026 1997 Liv.
1051 1967 1103 2005 24,
1131 1966 1170 1996 14
1200 1976 1341 2008 campus
1366 1975 1478 2007 purus
1502 1975 1542 1995 ac.
1567 1969 1704 2006 parens.

999 2012 1075 2043 773.
1108 2011 1258 2054 Impetus
1288 2013 1381 2042 iilam
1405 2014 1564 2041 detulerat
1599 2018 1627 2042 et
1653 2014 1749 2044 fixam

954 2063 1079 2089 tenebat
1106 2061 1194 2089 lenta
1218 2060 1324 2088 radix.
1371 2058 1522 2088 Violento
1543 2059 1662 2094 impetu
1689 2063 1748 2089 ha-

953 2111 1005 2135 sta
1034 2106 1067 2134 in
1091 2106 1217 2135 arboris
1242 2106 1381 2134 radicem
1406 2105 1548 2140 impacta
1567 2110 1646 2140 erat,
1687 2116 1748 2141 quo

952 2152 985 2180 in
1009 2153 1154 2181 Turnum
1193 2153 1338 2181 coniecta
1372 2153 1582 2180 aberraverat
1607 2152 1646 2181 cf.
1670 2149 1746 2182 711.

953 2214 996 2218 -
1011 2196 1043 2226 in
1071 2200 1161 2226 abest
1173 2205 1193 2226 a
1209 2200 1303 2236 Mybc
1320 2205 1381 2225 oin.
1401 2194 1463 2225 leb.
1482 2194 1542 2226 Fb.
1559 2198 1747 2234 Conington.

958 2241 1010 2273 Pl.
1034 2244 1116 2273 coni.
1133 2241 1213 2283 fisa
1239 2240 1294 2271 hic
1320 2240 1415 2272 lenta
1441 2240 1476 2270 ιή
1502 2251 1530 2270 r.
1554 2241 1708 2272 sedebat.

999 2287 1075 2318 779.
1100 2289 1276 2318 Aeneadae
1285 2291 1422 2317 honores
1429 2288 1554 2317 arboris
1564 2288 1667 2318 fecere
1674 2297 1748 2324 pro—

951 2335 1055 2372 fanos,
1071 2343 1168 2370 quum
1184 2343 1255 2364 eam
1269 2335 1476 2364 excinderent
1492 2332 1523 2371 2,
1535 2332 1598 2362 681
1609 2338 1747 2365 etMacr.

953 2380 982 2417 3,
999 2380 1017 2409 3
1028 2382 1083 2417 qui
1095 2381 1287 2417 „Trebatius
1300 2379 1529 2417 prosanumid
1543 2381 1671 2416 proprie
1685 2382 1749 2411 dici

951 2428 1007 2463 ait,
1037 2429 1118 2462 quod
1140 2436 1181 2456 ex
1208 2426 1361 2463 religioso
1385 2427 1440 2455 vel
1469 2433 1562 2455 sacro
1588 2427 1621 2455 in
1644 2427 1747 2456 homi-

950 2482 1026 2502 num
1043 2481 1137 2502 usum
1156 2473 1448 2508 proprietatemque
1466 2480 1657 2502 conversum
1666 2472 1748 2503 est.“

950 2516 1170 2556 „Profanum
1197 2519 1325 2554 proprie
1349 2518 1475 2553 dicitnr,
1513 2520 1595 2552 quod
1630 2528 1671 2548 ex
1696 2528 1747 2548 re—

948 2565 1070 2601 ligiosa
1094 2574 1127 2594 re
1152 2565 1185 2593 in
1210 2565 1376 2594 hominum
1399 2572 1493 2593 usum
1515 2563 1746 2594 convertitur.“

951 2613 981 2639 S.
1031 2612 1092 2640 Hic
1127 2614 1235 2639 autem
1271 2618 1390 2639 versus
1435 2611 1642 2639 necessarius
1679 2616 1746 2646 est3

949 2658 1085 2692 complet
1107 2657 1193 2685 enim
1216 2656 1369 2691 precandi
1396 2662 1566 2685 caussam:
1612 2657 1746 2686 Faunus

949 2707 980 2731 et
1004 2703 1116 2738 Terra,
1142 2702 1221 2730 mihi
1244 2702 1361 2739 favete,
1386 2702 1441 2736 qui
1468 2709 1528 2730 vos
1554 2703 1656 2737 colui3
1688 2711 1747 2731 no-

948 2748 1005 2776 lite
1029 2748 1183 2783 opitulari
1207 2748 1254 2783 ei,
1295 2747 1349 2782 qui
1369 2755 1431 2776 vos
1456 2747 1606 2777 violavit.
1639 2744 1690 2776 Pl.
1713 2757 1745 2778 v.

948 2794 1031 2822 delet
1060 2794 1161 2830 „Tuto
1188 2800 1298 2822 carere
1331 2792 1541 2827 possumus.“
1587 2794 1676 2828 Quod
1713 2799 1747 2823 ut

948 2847 1063 2868 verum
1088 2839 1140 2875 sit,
1181 2847 1258 2868 num
1281 2839 1418 2867 delenda
1436 2843 1521 2874 sunt,
1563 2847 1646 2875 quae
1670 2847 1746 2875 pos-

948 2888 1023 2913 sunt
1048 2885 1187 2913 abesse?

995 2927 1072 2958 782.
1099 2937 1234 2958 morsus
1264 2926 1419 2957 roboris:
1457 2937 1520 2958 non
1547 2933 1650 2965 potest
1678 2931 1746 2960 dis-

948 2975 1078 3005 cludere
1103 2978 1210 3009 partes
1228 2975 1364 3012 roboris,
1385 2982 1470 3010 quae
1490 2977 1634 3005 mordent
1647 2977 1742 3012 quasi

947 3025 979 3050 et
1005 3021 1169 3050 continent
1193 3023 1331 3050 hastam.
