2023 3350
194 132 276 171 218
760 131 795 163 P.
824 131 1015 166 vmciui

1051 133 1264 168 MARONIS

192 242 349 284 Mutati
385 245 631 284 transversa
666 240 854 284 fremunt
888 247 931 286 et
961 257 1137 299 vespere
1172 247 1228 289 ab
1260 251 1357 290 atro

192 302 465 352 Consurgunt
505 299 641 349 venti,
681 302 813 353 atque
847 300 892 342 in
930 301 1087 344 nubem
1124 305 1292 358 cogitur
1331 319 1416 348 aer.

189 358 277 398 Nec
311 370 388 397 nos
426 355 562 397 obniti
599 359 752 398 contra
792 370 870 399 nec
912 358 1090 401 tendere
1131 364 1301 403 tantum

191 413 444 455 Sufficimus.
505 412 691 466 Superat
729 415 933 467 quoniam
968 416 1179 470 Fortuna,
1221 433 1465 473 sequamur,

191 472 367 523 Quoque
398 473 539 521 vocat,
580 474 796 513 vertamus
832 472 926 514 iter.

189 527 296 568 Fida
333 541 431 568 reor
472 525 666 569 fraterna
701 529 851 582 Erycis
885 533 1121 584 portusque
1157 531 1346 586 Sicanos,

190 585 235 625 Si
271 584 400 625 modo
432 584 516 626 rite
552 598 716 627 memor
750 591 920 629 servata
954 589 1160 630 remetior
1193 594 1324 632 astra.

189 642 294 682 Tum
328 641 424 695 pius
466 642 654 684 Aeneas:
705 643 918 697 Equidem
958 645 1019 687 sic
1053 660 1234 700 poscere
1268 650 1417 689 ventos

187 698 445 740 Iamdudum
484 702 526 741 et
568 699 732 742 frustra
770 715 895 743 cerno
933 705 977 744 te
1011 704 1188 746 tendere
1228 708 1392 747 contra.

186 757 332 798 Flecte
368 757 482 798 viam
523 757 639 798 velis.
698 758 765 799 An
803 759 860 800 sit
894 760 999 801 mihi

188 814 332 864 Quove
367 813 506 867 magis
546 814 683 856 fessas
721 819 865 870 optem
901 816 1126 860 demittere
1161 833 1303 871 naves,

188 876 325 922 Quam
362 885 471 925 quae
506 872 773 915 Dardanium
806 874 934 916 tellus
974 875 1080 916 mihi
1120 881 1263 918 servat
1299 878 1493 927 Acesten,

186 930 242 970 Et
278 929 415 983 patris
449 929 663 972 Anchisae
702 932 864 984 gremio
906 933 1209 987 complectitur
1247 936 1376 976 ossa?

187 988 306 1029 Haec
343 986 418 1028 ubi
453 986 588 1038 dicta,
630 991 783 1041 petunt
820 993 992 1042 portus,
1033 994 1075 1032 et
1105 991 1199 1032 vela
1235 992 1410 1033 secundi

186 1044 421 1086 Intendunt
458 1044 662 1098 Zephy1·i;
700 1045 840 1088 fertur
877 1047 965 1088 cita
1000 1049 1170 1102 gurgite
1205 1049 1366 1102 classis,

187 1103 243 1144 Et
274 1101 448 1144 tandem
482 1102 585 1143 laeti
622 1106 752 1145 notae
787 1104 1073 1147 advertuntur
1110 1120 1298 1155 arenae,

301 1160 359 1200 At
392 1159 546 1213 procul
581 1173 633 1200 ex
674 1161 786 1202 celso
821 1162 1003 1204 miratus

1779 309 1835 347 20

992 474 1081 515 Nec
1117 474 1250 517 litora
1287 477 1414 531 longe

1779 592 1831 630 25

1037 762 1203 814 gratior
1236 762 1338 814 ulla,

1779 878 1833 916 30

1035 1164 1195 1205 vertice
1230 1164 1389 1206 montis
1778 1166 1831 1204 35

186 1217 427 1259 Adventum
463 1217 688 1270 sociasque
724 1222 841 1260 rates
884 1221 1072 1262 occurrit
1109 1221 1296 1272 Acestes,

186 1274 400 1316 Horridus
436 1274 480 1315 in
516 1274 669 1316 iaculis
710 1279 752 1317 et
790 1276 904 1330 pelle
944 1277 1179 1332 Libystidis
1214 1292 1353 1330 ursae,

185 1333 314 1375 Troia
348 1332 528 1375 Crimiso
569 1336 822 1387 conceptum
856 1334 1031 1377 flumine
1068 1339 1208 1378 mater

230 1450 285 1478 20.
315 1447 354 1478 Ιη
378 1446 500 1478 nubem
520 1447 661 1489 cogitur
685 1458 756 1488 aer,
784 1451 824 1481 cf.
853 1451 878 1487 l,
905 1452 984 1482 587.

230 1494 285 1524 22.
315 1493 488 1534 Sufficere
512 1504 539 1523 c.
565 1496 721 1525 infinitivo
753 1498 794 1526 cf.
821 1496 858 1534 2,
883 1497 960 1527 539.

223 1540 286 1583 ⁴24.
316 1538 412 1580 Eryx
429 1539 564 1578 frater,
597 1541 637 1570 cf.
666 1541 701 1579 1,
728 1541 807 1572 570.
839 1541 986 1582 —fida

178 1586 356 1625 fraterna.
405 1588 477 1614 Duo
511 1587 677 1616 adiectiva
708 1588 792 1617 inter
824 1597 861 1617 se
894 1597 985 1618 com-

185 1637 350 1667 ponuntur
379 1632 465 1666 apud
487 1633 623 1661 Latinos
648 1635 748 1670 bene,
786 1634 816 1663 si
846 1636 984 1663 alterum

184 1687 257 1706 cum
281 1677 491 1706 substantivo
517 1678 548 1706 in
575 1686 671 1706 tinam
698 1679 793 1713 quasi
818 1680 984 1709 notionem

185 1724 266 1759 coit,
292 1723 345 1752 cui
370 1723 492 1751 notioni
518 1725 656 1752 alterum
681 1725 878 1754 adiectivum
905 1728 986 1755 sub-

184 1769 328 1804 iungitur
355 1772 386 1797 ut
410 1771 440 1796 11.
469 1770 490 1797 l.
522 1768 564 1798 cf.
599 1768 653 1807 11,
680 1769 755 1798 775.
806 1773 886 1799 Sall.
913 1773 985 1806 lug.

182 1814 228 1843 38
281 1812 367 1843 Cum
413 1811 538 1852 paucis
585 1813 769 1855 gregariis
814 1813 984 1846 militibus

182 1856 365 1889 transiere.
413 1859 460 1888 Cf.
489 1861 542 1888 Gr.
571 1859 592 1894 S
619 1859 695 1888 369.
725 1876 771 1881 —-
793 1863 985 1902 portusque

186 1903 345 1934 Sicanos.
410 1905 521 1933 Sicani
566 1906 651 1934 enim
691 1913 711 1934 a
751 1908 888 1936 Graecis
929 1907 984 1942 qui

184 1956 303 1986 postea
337 1950 601 1985 immigraverant
640 1952 777 1988 devicti,
821 1952 852 1981 in
893 1954 982 1981 occi-

185 1998 314 2025 dentale
337 1996 414 2025 litus
435 2001 650 2025 recesserunt
674 1997 716 2025 cf.
738 1999 842 2028 ThuC.
867 1997 903 2035 6,
926 1997 957 2026 2.

229 2041 283 2070 25.
314 2039 355 2070 Si
379 2038 481 2070 modo
501 2039 568 2070 rite
590 2039 752 2071 remetior
775 2047 875 2079 astra,
899 2051 982 2078 quae

183 2093 291 2124 antea,
318 2094 416 2122 quum
441 2086 473 2115 in
501 2087 647 2116 Siciliam
672 2088 899 2126 venissemus,
926 2091 984 2118 ob-

183 2133 332 2162 servavi.
370 2147 415 2152 —
455 2130 604 2162 Servata
637 2141 695 2169 pro
730 2135 907 2164 observata
942 2134 983 2164 cf.

186 2177 260 2207 154.

228 2223 282 2252 27.
309 2219 516 2252 iamdudum
541 2222 581 2251 cf.
612 2221 670 2259 12,
695 2222 772 2252 217.

226 2268 282 2298 28.
311 2265 430 2298 Flecte
448 2265 541 2297 viam
565 2265 663 2305 velis,
681 2268 814 2298 immuta
832 2277 983 2305 cursu1n3

181 2315 225 2343 ita
244 2312 388 2353 flectere
413 2310 479 2342 iter
501 2314 532 2349 7,
558 2311 612 2342 35.
662 2316 719 2351 ,,111
745 2318 832 2343 terra
858 2316 942 2344 enim
965 2323 985 2344 a

181 2361 235 2389 via
266 2359 467 2388 deflectimus
498 2367 579 2395 nos,
616 2359 649 2388 in
680 2360 762 2388 mari
790 2360 897 2395 ipsam
926 2362 984 2389 de-

179 2406 340 2435 flectimus
359 2404 481 2432 1111111.ιι
508 2406 541 2432 S.
590 2404 702 2433 Simile
728 2403 785 2433 131
811 2409 840 2433 et
866 2404 897 2441 3,
916 2404 978 2433 431

179 2448 448 2489 circumflectere
479 2457 610 2479 cursus.
639 2464 684 2475 —
723 2458 769 2479 an
801 2450 840 2479 cf.
875 2453 928 2480 Gr.
961 2450 982 2484 S

179 2496 264 2531 419,
287 2494 319 2524 3.

226 2541 280 2570 29.
312 2537 511 2580 Demittere,
527 2547 601 2568 nam
616 2547 714 2573 quum
731 2539 871 2568 medium
892 2547 983 2569 mare

181 2590 281 2616 altuni
306 2587 442 2623 dicatur,
468 2585 546 2614 litus
573 2584 711 2614 inferius
738 2594 816 2614 esse
843 2585 980 2621 fingitur.

180 2648 224 2651 —
249 2629 424 2660 dimittere
448 2627 512 2659 Rb.

229 2676 283 2705 31.
310 2673 446 2716 gremio
493 2672 736 2716 complectitur
782 2683 872 2704 ossa.
935 2677 982 2705 lta

183 2723 279 2750 Lucr.
324 2721 360 2757 1,
406 2719 478 2749 136.
524 2720 561 2756 4,
594 2719 660 2749 738
690 2728 835 2760 quorum
872 2722 982 2750 morte

181 2765 275 2796 obita
301 2764 404 2795 tellus
429 2763 668 2804 complectitur
690 2773 779 2794 ossa.

228 2810 282 2840 32.
313 2808 466 2839 Secundi
491 2815 566 2839 sunt
592 2819 692 2840 cursu
718 2815 851 2839 mutato.

226 2855 279 2885 34.
307 2853 449 2885 tandem
477 2853 563 2886 laeti
590 2857 630 2885 cf.
657 2855 693 2894 3,
723 2855 798 2884 131.

183 2931 354 2963 35-41.
415 2930 551 2963 Aeneas
591 2930 633 2963 ab
665 2930 793 2964 Aceste
829 2930 980 2974 henigne

490 2976 670 3018 excipitur.

228 3033 280 3063 37.
309 3032 484 3065 Horridus
507 3036 582 3064 licet
603 3037 739 3071 iungere
765 3043 839 3066 cum
865 3034 901 3066 in
927 3034 980 3066 ia-

1033 1450 1121 1482 culis
1146 1455 1177 1483 et
1198 1450 1300 1493 pelle,
1333 1456 1366 1481 ut
1391 1459 1443 1488 ap.
1470 1454 1551 1481 Stat.
1578 1452 1680 1480 Theb.
1707 1449 1739 1488 4,
1763 1449 1826 1479 221

1039 1495 1162 1527 Procul
1191 1497 1264 1539 ipse
1294 1496 1404 1539 gravi
1432 1494 1637 1527 metuendus
1664 1494 1699 1525 iu
1726 1493 1831 1525 hasta

1034 1541 1187 1573 Eminet.
1247 1546 1450 1579 Quamquam
1492 1546 1637 1578 praestat
1678 1542 1830 1577 accipere

1031 1585 1211 1618 horridum
1230 1591 1400 1627 incultum,
1419 1590 1509 1617 nullo
1527 1593 1640 1617 ornatu
1655 1592 1830 1624 comptum,

1033 1638 1062 1663 ut
1096 1635 1214 1669 legitur
1244 1636 1281 1672 7,
1315 1634 1381 1663 669
1407 1639 1438 1663 et
1462 1636 1523 1663 Ov.
1553 1636 1595 1662 Μ.
1626 1632 1660 1671 1,
1694 1631 1761 1662 514
1791 1633 1830 1661 de

1031 1688 1088 1717 eo,
1129 1681 1183 1714 qui
1226 1686 1276 1710 est
1315 1681 1448 1709 indutus
1490 1679 1643 1714 pellibus.
1704 1678 1830 1707 Deinde

1031 1726 1276 1760 praepositione
1312 1725 1459 1760 accipias
1496 1725 1633 1753 indicari
1668 1724 1718 1761 id,
1767 1731 1829 1758 quo

1031 1771 1105 1805 quis
1127 1773 1264 1801 vestitur
1286 1773 1341 1800 vel
1367 1771 1587 1800 circumdatur
1611 1769 1653 1798 cf.
1680 1767 1716 1798 ἰη
1737 1771 1831 1799 veste

1032 1815 1107 1844 179.
1141 1815 1172 1853 4,
1198 1815 1276 1845 518.
1316 1816 1348 1853 7,
1379 1815 1452 1845 167.
1495 1818 1584 1845 Suet.
1608 1815 1717 1844 Vitell.
1743 1814 1765 1842 8
1792 1815 1830 1843 ut

1031 1863 1106 1890 erat
1129 1858 1164 1890 in
1187 1864 1280 1891 veste
1304 1859 1503 1891 domestica.
1543 1861 1610 1890 Cic.
1630 1861 1700 1889 Fin.
1721 1858 1754 1895 2,
1773 1858 1829 1895 20,

1028 1906 1071 1935 65
1087 1909 1216 1946 potans
1241 1904 1276 1936 in
1297 1915 1378 1937 rosa
1400 1903 1552 1936 Thorius
1570 1906 1724 1941 (corollis
1743 1905 1830 1933 redi-

1029 1952 1126 1981 mitus
1158 1953 1299 1988 roseis).
1349 1952 1397 1982 cf.
1421 1954 1522 1981 Tusc.
1548 1951 1580 1989 3,
1617 1950 1666 1980 18.
1702 1950 1741 1988 5,
1773 1949 1829 1979 26.

1030 1999 1080 2026 Ita
1104 1995 1139 2026 in
1166 1995 1275 2027 armis
1299 1997 1378 2028 550.
1408 1997 1459 2034 11,
1478 1995 1554 2025 464.
1597 1998 1657 2025 Ov.
1676 1998 1753 2024 Met.
1775 1994 1829 2031 12,

1029 2042 1083 2072 65.
1134 2040 1206 2072 ibat
1231 2041 1266 2072 in
1290 2040 1400 2072 armis
1425 2042 1455 2078 9,
1483 2041 1560 2071 269.
1585 2041 1662 2071 376.
1712 2038 1830 2070 stabat

1030 2086 1066 2118 in
1095 2086 1205 2118 armis
1232 2088 1309 2118 581.
1362 2087 1419 2125 11,
1453 2086 1518 2116 173
1548 2092 1578 2116 et
1605 2087 1747 2116 Ennius:
1780 2082 1828 2114 le-

1030 2142 1157 2173 vesque
1182 2136 1376 2174 sequuntur
1399 2131 1434 2162 in
1461 2130 1584 2162 hastis.
1609 2148 1652 2151 -
1677 2128 1828 2171 Libysti-

1032 2176 1086 2208 dis
1118 2187 1222 2208 ursae
1255 2180 1299 2208 ita
1331 2179 1369 2215 8,
1397 2178 1473 2207 368.
1522 2178 1661 2207 Nomina
1683 2177 1827 2205 virorum

1031 2225 1164 2260 propria
1187 2226 1323 2260 saepius
1349 2225 1583 2253 adieclivoruin
1607 2223 1702 2251 vices
1725 2222 1828 2251 susti-

1030 2274 1105 2298 nent
1133 2270 1173 2298 cf.
1202 2270 1228 2306 1,
1257 2270 1335 2304 68⁴3,
1359 2271 1419 2298 sed
1440 2269 1632 2298 feminarum
1661 2268 1757 2296 etiam
1782 2267 1827 2295 ita

1030 2319 1242 2349 usurpantur,
1267 2315 1295 2343 si
1320 2315 1508 2343 femininum
1533 2315 1615 2343 satis
1640 2313 1743 2348 prodit
1765 2321 1827 2341 ex-

1030 2365 1133 2388 trema
1166 2362 1318 2395 syllaba,
1354 2361 1439 2394 quod
1472 2359 1503 2388 fit
1527 2360 1559 2388 in
1589 2358 1826 2395 patrous-micis

1031 2407 1157 2434 Graeco
1188 2413 1277 2433 more
1303 2405 1463 2434 formatis.
1511 2407 1580 2434 Ecl.
1612 2402 1651 2440 4,
1683 2403 1699 2432 1
1732 2401 1826 2433 sice-

1029 2447 1118 2478 lides
1143 2447 1275 2479 Musae.
1320 2453 1355 2479 G.
1372 2449 1403 2488 4,
1419 2449 1485 2478 463
1509 2447 1632 2480 Actias
1653 2445 1824 2488 Orithyia.

1031 2497 1090 2524 Ov.
1118 2497 1151 2523 [⁴¹.
1178 2494 1214 2531 2,
1239 2493 1284 2524 94
1311 2493 1461 2525 Ausonis
1484 2503 1557 2525 ora.
1608 2497 1649 2524 M.
1678 2493 1734 2531 13,
1763 2493 1826 2523 109

1033 2537 1151 2569 Pelias
1177 2537 1291 2570 hasta.
1323 2557 1368 2561 —
1399 2543 1506 2570 Ursos
1540 2541 1572 2569 in
1598 2539 1711 2569 Africa
1736 2547 1825 2574 esse,

1028 2590 1125 2620 negat
1145 2586 1226 2614 Plin.
1252 2589 1287 2615 N.
1305 2588 1341 2615 H.
1368 2585 1400 2622 8,
1427 2584 1483 2622 54,
1511 2586 1564 2621 qui
1589 2587 1672 2614 haec
1697 2586 1823 2614 scribit:

1027 2631 1233 2665 „Annalibus
1273 2636 1417 2660 notatum
1458 2635 1509 2660 est
1549 2633 1591 2659 Μ.
1629 2631 1751 2660 Pisone
1781 2632 1822 2658 Μ.

1027 2679 1176 2705 Messala
1198 2678 1334 2706 Css....
1362 2677 1535 2706 Domitium
1557 2677 1823 2711 Ahenobarbum,

1028 2722 1166 2750 aedilem
1205 2724 1350 2750 curulem
1387 2730 1484 2751 ursos
1520 2721 1708 2751 Numidicos
1745 2728 1823 2749 cen—

1027 2771 1092 2795 tum
1187 2767 1218 2796 in
1237 2768 1324 2796 circo
1349 2768 1496 2796 dedisse.
1543 2767 1643 2796 Miror
1660 2766 1822 2794 adiectum

1027 2813 1217 2841 Numidicos
1244 2812 1367 2847 fuisse,
1395 2820 1491 2848 quum
1515 2812 1546 2840 in
1571 2811 1683 2840 Africa
1710 2818 1821 2840 ursum

1026 2866 1091 2886 non
1109 2858 1196 2893 gigni
1215 2857 1376 2886 constet.“
1420 2859 1483 2887 Sed
1501 2860 1679 2885 memorant
1702 2857 1820 2885 Herod.

1027 2905 1133 2932 Sti-ab.
1161 2905 1230 2931 [nv.
1255 2901 1292 2939 4,
1323 2902 1383 2939 99,
1416 2907 1445 2931 et
1477 2903 1509 2931 in
1534 2901 1666 2935 antiqua
1692 2904 1821 2930 Maure-

1027 2948 1115 2976 tania
1138 2956 1235 2977 ursos
1261 2948 1358 2977 hodie
1383 2956 1461 2976 esse
1485 2950 1560 2976 sunl
1579 2946 1633 2981 qui
1651 2950 1819 2976 testentur.

1027 2993 1074 3022 Cf.
1105 2992 1139 3029 1,
1168 2992 1242 3022 184.
1267 3009 1310 3013 —
1336 2994 1478 3022 Acestes
1500 2992 1669 3020 venationi
1692 2993 1820 3022 deditus

1027 3043 1097 3067 erat
1120 3038 1160 3067 cf.
1188 3037 1265 3066 300.
1314 3041 1417 3067 Fama
1434 3041 1503 3066 erat
1521 3045 1593 3066 eum
1614 3041 1723 3066 natum
1741 3046 1820 3068 esse
