2044 3329
176 97 226 136 12

737 101 774 133 P.
802 101 996 134 VIRGILII
1020 101 1229 137 MAROMS

172 208 329 252 Saevus
351 210 425 252 ubi
447 211 657 255 Aeacidae
680 213 765 254 telo
790 213 903 254 iacet
926 213 1105 266 Hector,
1138 216 1212 258 ubi
1238 217 1386 272 ingens

171 265 411 321 Sarpedon,
441 270 513 311 ubi
539 274 605 311 tot
634 270 786 312 Simois
815 273 1015 324 correpta
1045 272 1123 314 sub
1151 274 1274 316 undis

1713 278 1793 317 100

171 323 300 366 Scuta
323 326 459 368 Virmn
486 327 714 380 galeasque
743 331 784 368 et
809 326 940 368 sortia
969 341 1152 382 corpora
1180 332 1321 374 volvit.

283 383 403 424 Talia
430 384 609 425 iactanti
641 383 824 425 stridens
854 384 1066 437 Aquilone
1096 389 1285 440 procella.

169 438 318 480 Velum
348 439 526 482 adversa
556 441 653 482 ferit
677 440 916 495 fluctusque
940 442 995 483 ad
1025 443 1165 486 sidera
1193 446 1320 487 tollit.

168 495 442 549 Franguntur
471 498 597 549 remi3
625 501 716 538 tum
746 512 877 551 prora
909 500 1084 552 avertit,
1113 506 1155 542 et
1182 503 1306 544 undis

167 552 254 594 Dat
283 553 414 596 latus:
449 555 682 607 insequitur
712 556 878 597 cumulo
908 561 1163 611 praeruptus
1193 573 1331 613 aquae
1359 573 1492 602 mons.

1713 563 1792 601 105

168 609 225 650 Hi
256 625 417 652 summo
447 612 489 652 in
518 611 649 652 fluctu
672 612 873 665 pendent3
902 613 968 654 his
999 615 1115 656 unda
1141 616 1361 659 dehiscens

166 667 341 709 Terram
365 669 476 710 inter
499 668 652 710 fluct-us
675 671 835 723 aperit,
867 670 972 712 furit
998 675 1140 714 aestus
1170 675 1322 716 arenis.

165 724 267 765 Tres
298 726 432 767 Notus
462 725 664 780 abreptas
689 727 733 768 in
761 741 866 769 saxa
892 728 1072 771 latentia
1101 733 1278 783 torquet
1304 755 1358 761 —

165 781 278 824 Saxa
307 786 462 825 vocant
490 783 607 835 Itali,
636 784 785 827 mediis
814 799 923 840 quae
949 786 993 828 in
1019 786 1237 840 fluctibus,
1269 789 1378 830 Aras
1410 812 1457 818 —-

161 923 245 951 miae
276 923 378 961 filius,
413 925 481 952 dux
510 925 704 963 Lyciorum,
739 926 951 955 Troianorum

162 969 275 998 socius
316 974 346 998 et
386 969 501 998 virtute
544 972 695 1006 egregius
739 977 768 1000 et
803 973 950 1007 corporis

161 1020 337 1049 praestans
376 1016 611 1052 magnitudine,
658 1017 789 1045 occisus
832 1023 882 1047 est
928 1025 948 1047 a

162 1061 325 1088 Patroclo.
392 1062 454 1089 Sed
492 1063 638 1096 neglexit
674 1063 826 1098 Virgilius
866 1065 951 1098 quod

161 1107 323 1135 Homerus
357 1107 449 1134 tradit
479 1115 598 1142 corpus
633 1108 704 1137 eius
736 1117 755 1138 a
788 1109 889 1139 sociis
918 1110 950 1138 in

160 1152 296 1186 Lyciam
330 1160 406 1180 esse
437 1158 644 1187 reportatum.
690 1154 729 1183 cf.
763 1155 800 1183 H.
829 1156 867 1183 Il.
899 1154 949 1187 16,

160 1195 238 1225 454.
290 1199 381 1232 Quod
403 1206 442 1226 ne
468 1199 623 1233 Virgilius
653 1199 774 1228 fecisse
803 1200 953 1229 videatur

163 1239 248 1272 ch.
279 1240 368 1271 iacet
400 1244 438 1271 de
481 1245 590 1272 occiso
627 1245 772 1280 intelligit
812 1254 875 1274 non
912 1247 950 1274 de

161 1290 308 1323 sepulto,
335 1293 365 1316 ut
392 1286 480 1318 iacet
505 1290 546 1317 sit
573 1298 629 1324 pro
653 1292 827 1326 praeterito
851 1291 892 1320 cf.
918 1290 950 1328 4,

158 1332 237 1363 228.
285 1335 325 1362 At
350 1334 381 1362 id
405 1334 471 1362 fieri
496 1335 614 1369 nequit.

209 1379 281 1407 100.
306 1380 354 1407 De
379 1380 559 1417 Simoente,
587 1380 626 1409 cf.
651 1382 687 1410 H.
713 1384 751 1411 Il.
781 1381 834 1419 12,
859 1380 914 1410 22.

207 1424 281 1453 101.
307 1426 394 1453 Idem
444 1433 548 1460 paene
593 1434 712 1456 versus
759 1428 875 1463 legitur
915 1427 948 1464 8,

158 1469 236 1500 539.
274 1472 320 1499 De
341 1471 396 1499 tali
418 1471 608 1506 repetitione
632 1472 672 1501 cf.
693 1471 724 1509 4,
749 1473 826 1502 528.
866 1476 948 1502 Sen-

158 1517 259 1545 tentia
297 1522 404 1545 autem
441 1519 539 1545 haec:
596 1518 725 1547 Utinam
763 1519 947 1548 interissem

157 1567 212 1591 aut
245 1570 317 1591 cum
350 1562 390 1590 iis
427 1563 620 1596 quibuscum
658 1565 738 1593 mori
774 1567 946 1593 honestum

158 1612 243 1644 erat,
282 1612 336 1636 aut
370 1615 441 1636 cum
474 1609 599 1645 multis,
643 1610 835 1644 quibuscum
866 1611 946 1640 mori

156 1662 222 1682 non
248 1658 315 1681 erat
338 1654 505 1688 singulare
533 1655 751 1684 infortunium.

205 1698 278 1727 102.
307 1696 458 1735 lactare,
491 1700 538 1728 ita
566 1699 604 1737 2,
638 1701 704 1729 768
742 1709 839 1730 voces
873 1699 946 1731 iac-

157 1747 232 1774 tare
273 1752 334 1783 per
374 1742 523 1775 umbras.
595 1747 746 1775 Dativum
795 1749 945 1782 explica:

156 1798 253 1825 quum
278 1790 356 1819 talia
380 1790 532 1827 iactaret,
563 1791 603 1820 cf.
630 1800 660 1821 v.
687 1791 763 1821 266.
799 1793 838 1829 2,
861 1792 944 1821 713:

157 1833 223 1864 Est
248 1833 332 1864 urbe
358 1834 507 1876 egressis
537 1835 690 1866 tumulus
716 1835 946 1878 templumque

154 1883 328 1910 vetustum
355 1878 473 1916 (menn
499 1890 579 1910 man
604 1879 860 1913 hemuslrommt
886 1892 946 1911 vor

157 1923 213 1955 die
253 1923 391 1963 stadt).
453 1929 597 1961 Elegans
638 1928 691 1956 hic
728 1929 760 1956 in
802 1933 944 1964 tempore

156 1972 316 2006 signando
350 1972 479 2000 dativus
512 1973 552 2001 cs.
584 1975 635 2001 Gr.
660 1972 681 2007 S
709 1972 786 2002 280.
834 1976 944 2003 Paene

155 2017 311 2052 expressi
334 2018 465 2045 Homeri
488 2025 607 2047 versus
635 2024 711 2047 sunt
736 2020 793 2047 0d.
817 2019 854 2055 5,
878 2018 943 2048 313

154 2071 223 2099 sq.,
249 2070 330 2096 quos
357 2062 520 2091 conferas.

202 2106 275 2136 103.
307 2104 465 2136 Stridens
495 2106 648 2147 procella
678 2106 837 2139 adversa.
894 2112 943 2139 De

152 2151 306 2192 procella
339 2161 411 2182 cum
443 2154 563 2187 duplici
599 2155 758 2183 adiectivo
790 2157 830 2184 ad
864 2158 944 2185 sub-

154 2199 272 2227 iectum
298 2200 416 2232 altero,
449 2201 549 2228 altero
575 2201 614 2228 ad
641 2201 861 2234 praedicatum
885 2203 943 2230 ad-

154 2244 262 2273 iuncto
294 2244 334 2273 cf.
362 2242 400 2279 3,
431 2244 482 2272 70.
532 2247 683 2274 Procella
705 2247 857 2281 aquilone
883 2256 943 2275 ex-

154 2291 253 2320 citata
277 2295 307 2319 et
332 2291 476 2319 adversa
505 2291 566 2325 (ex
599 2292 760 2327 adverso]
791 2294 940 2326 veniens,

153 2337 295 2366 stridens
322 2337 432 2364 velum
460 2336 548 2373 ferit,
581 2336 600 2365 i.
632 2345 661 2365 e.
694 2338 827 2374 scindit,
869 2346 942 2366 zer-

152 2379 270 2413 reisst,
306 2386 337 2410 ut
366 2380 404 2417 4,
437 2381 505 2410 580
534 2380 718 2421 strictoque
745 2381 832 2421 ferit
858 2381 942 2413 reti—

151 2424 280 2456 nacula
299 2426 417 2465 ferro‚·
443 2432 471 2455 et
490 2427 606 2462 frangit
624 2435 732 2456 remos
758 2433 787 2456 et
812 2436 941 2463 proram

151 2473 294 2509 invertit,
321 2473 367 2501 ita
391 2477 423 2501 ut
448 2473 511 2502 iam
536 2473 631 2502 navis
653 2475 739 2502 latus
763 2475 856 2503 undis
883 2483 941 2510 op-

153 2523 308 2553 ponatur,
334 2519 418 2547 unde
442 2518 572 2547 facilius
597 2519 797 2554 pervertitur.

201 2562 274 2591 104.
300 2572 438 2600 proram
464 2562 589 2593 avertit
614 2561 685 2603 Μγ.
707 2566 748 2593 al.
773 2565 843 2593 scil.
861 2573 941 2604 pro-

151 2605 251 2637 cella.
298 2610 411 2642 Itaque
441 2610 480 2637 ad
510 2617 625 2638 vocem
657 2607 717 2639 (lat
743 2608 835 2639 tatus
860 2618 940 2645 sup-

153 2655 291 2688 plendus
335 2659 385 2682 est
430 2655 594 2688 genitivus
631 2662 757 2694 prorae
797 2660 828 2684 et
865 2661 940 2690 post

146 2697 371 2739 franguntur
394 2697 477 2727 remi
508 2702 706 2729 redeundum
732 2701 772 2729 ad
802 2698 937 2740 procel-

152 2741 240 2780 lam,
271 2745 357 2778 quod
388 2744 597 2779 incongruum
628 2752 689 2774 est.
739 2748 801 2775 Sed
832 2754 938 2785 prora

151 2787 279 2818 avertit
303 2791 341 2817 R.
369 2794 397 2817 et
419 2792 530 2825 Serv.;
558 2791 610 2825 qui
633 2793 776 2827 explicat
798 2792 938 2829 „avertit

150 2843 208 2870 pro
250 2833 437 2863 avertiturf*
499 2837 624 2865 Avertit
666 2843 773 2866 autem
813 2841 863 2866 est
905 2842 937 2866 ut

149 2885 297 2909 nostrum
322 2876 525 2914 umkchren,
550 2880 769 2918 umwenden,
795 2888 826 2911 et
849 2887 936 2912 tran—

150 2926 282 2954 sitivum
321 2930 351 2954 et
389 2926 640 2956 intransitivum.
694 2931 793 2957 Multa
830 2933 934 2956 autem

150 2974 252 3000 verba
293 2975 323 2999 et
360 2972 444 3006 apud
481 2979 541 2999 nos
584 2977 613 2999 et
651 2975 735 3008 apud
767 2975 935 3002 Romanos

149 3017 244 3046 etiam
278 3017 485 3046 intransitiva
517 3019 692 3056 hahentur,
736 3027 834 3055 quum
873 3020 936 3049 sint

998 928 1180 957 transitiva.
1224 930 1260 957 In
1274 929 1384 963 lingua
1396 928 1513 957 Latina
1528 927 1668 956 maxime
1689 930 1792 957 verba

998 979 1071 1002 sunt
1104 979 1222 1003 motum
1259 975 1488 1009 significantia:
1531 973 1588 1002 Sil.
1626 972 1683 1012 11,
1723 973 1792 1002 250

997 1016 1211 1059 strepituque
1235 1022 1427 1050 mouentum
1456 1020 1523 1055 (sc.
1550 1019 1670 1054 pedes)
1696 1027 1791 1048 mur-

996 1067 1114 1094 murat
1157 1063 1233 1094 alta
1274 1063 1417 1101 ‹lomus5
1462 1066 1507 1094 ita
1546 1065 1616 1093 Liv.
1655 1063 1718 1100 23,
1761 1063 1788 1093 1.

996 1112 1081 1139 Flor.
1114 1109 1152 1149 2,
1189 1110 1219 1139 6.
1255 1116 1284 1139 et
1320 1111 1341 1139 8
1382 1113 1517 1140 movent
1555 1110 1623 1145 (sc.
1659 1110 1788 1146 castra]

997 1164 1076 1184 nos:
1138 1153 1195 1184 sie
1227 1153 1369 1185 brcchen
1402 1155 1475 1194 auf.
1533 1157 1629 1190 Apud
1661 1156 1788 1191 Vglium

998 1206 1073 1230 sunt
1092 1202 1316 1230 intransitiva:
1350 1204 1480 1231 vertere
1505 1199 1544 1237 3,
1572 1200 1649 1230 365.
1689 1209 1790 1230 aver-

998 1248 1068 1276 tere
1105 1248 1137 1280 1,
1176 1245 1252 1276 406.
1302 1248 1489 1283 (revertere
1519 1246 1788 1282 usitatissimum)

997 1290 1134 1321 volvere
1159 1292 1192 1328 l,
1217 1291 1293 1321 234.
1331 1295 1367 1321 G.
1397 1292 1433 1327 1,
1462 1290 1533 1321 163.
1570 1290 1730 1321 volutare
1756 1292 1788 1328 3,

996 1336 1073 1367 607.
1111 1335 1288 1376 deflectere
1316 1338 1366 1373 10,
1390 1337 1466 1366 331.
1500 1335 1732 1377 praecipitare
1755 1337 1787 1374 2,

996 1383 1027 1411 9.
1063 1382 1101 1419 4,
1126 1382 1204 1412 251.
1251 1383 1307 1419 11,
1334 1383 1410 1412 617.
1453 1380 1620 1422 affectare
1648 1381 1686 1420 3,
1710 1382 1788 1412 670.

991 1427 1088 1465 ferre
1112 1428 1142 1464 2,
1167 1427 1221 1457 34.
1255 1426 1433 1458 insinuare
1456 1428 1488 1467 5,
1520 1427 1592 1457 185.
1628 1432 1789 1469 oppetere

996 1473 1029 1510 1,
1056 1474 1110 1503 96.
1154 1474 1210 1511 12,
1244 1473 1320 1503 543.
1352 1474 1429 1503 640.
1466 1477 1616 1503 sternere
1645 1474 1683 1511 8,
1710 1473 1787 1503 719.

992 1522 1108 1549 rotare
1132 1518 1181 1556 10,
1205 1519 1280 1548 362.
1309 1517 1487 1559 proripere
1502 1519 1534 1555 5,
1555 1517 1630 1548 741.
1657 1517 1788 1560 eripere

992 1564 1030 1601 3,
1056 1565 1133 1594 560.
1172 1573 1299 1605 ponere
1324 1565 1362 1602 5,
1385 1564 1463 1594 681.
1502 1566 1539 1602 7,
1564 1564 1618 1594 27.
1646 1564 1698 1594 75.
1735 1565 1785 1602 10,

997 1609 1070 1639 103.
1123 1608 1242 1640 sistere
1272 1610 1308 1646 3,
1351 1612 1381 1640 7.
1428 1608 1572 1639 tardare
1610 1609 1670 1648 10,
1707 1610 1784 1640 856.

991 1654 1138 1697 iungere
1165 1655 1217 1693 10,
1241 1655 1316 1685 240.
1346 1652 1528 1696 accingere
1552 1655 1583 1691 2,
1608 1654 1686 1685 235.
1717 1665 1786 1696 ag-

991 1700 1190 1742 glomerare
1215 1701 1251 1737 2,
1278 1700 1354 1730 339.
1392 1699 1610 1741 ingeminare
1637 1700 1676 1738 4,
1706 1701 1783 1731 529.

991 1747 1029 1784 5,
1063 1745 1141 1776 227.
1192 1749 1226 1776 G.
1264 1744 1300 1783 l,
1334 1746 1411 1775 333.
1458 1744 1598 1776 turbare
1635 1747 1671 1782 5,
1703 1746 1783 1776 800.

991 1790 1164 1821 inundare
1190 1790 1241 1828 10,
1266 1791 1317 1821 24.
1352 1789 1536 1821 accendere
1560 1790 1613 1829 12,
1638 1792 1715 1830 560,
1741 1793 1782 1822 cf.

993 1841 1045 1868 Gr.
1073 1837 1094 1872 S
1126 1836 1205 1873 140,
1232 1837 1263 1866 5.

1039 1883 1113 1912 105.
1144 1881 1212 1912 Dat
1231 1881 1335 1919 latus,
1355 1882 1571 1918 ‚,inclinatur“
1591 1883 1664 1919 (S.)
1685 1883 1782 1913 navis

990 1929 1033 1957 ita
1066 1934 1096 1957 ut
1130 1931 1216 1959 latus
1244 1929 1391 1957 fluctibus
1424 1933 1577 1964 opponat.
1603 1944 1646 1949 —
1675 1926 1782 1958 Prae-

990 1976 1114 2014 rnptus
1139 1974 1199 2010 (cf.
1227 1982 1256 2002 v.
1283 1973 1366 2009 246)
1400 1982 1512 2014 aquae
1543 1982 1641 2003 mons
1674 1979 1724 2003 est
1749 1975 1782 2004 in

990 2028 1151 2055 praeceps
1179 2022 1352 2055 abruptuS,
1389 2024 1419 2048 ut
1452 2021 1557 2048 solent
1588 2028 1665 2049 esse
1689 2028 1782 2049 mon-

989 2070 1038 2094 tes
1062 2070 1092 2093 et
1116 2073 1213 2094 saxa.
1243 2081 1287 2084 —
1315 2062 1511 2104 Insequitur
1534 2063 1668 2094 cumulo
1691 2070 1722 2094 ut
1748 2065 1780 2102 2,

988 2109 1071 2139 498;
1110 2108 1223 2139 amnis
1251 2110 1369 2148 fertur
1398 2108 1433 2139 in
1459 2118 1547 2139 arva
1568 2109 1692 2146 furens
1722 2120 1782 2139 cu-

988 2154 1092 2185 mulo.
1151 2158 1286 2185 Ventum
1328 2157 1492 2190 aliquanto
1532 2156 1654 2185 tardius
1695 2157 1781 2185 unda

989 2204 1029 2230 ah
1054 2210 1092 2230 eo
1124 2207 1284 2231 commota
1309 2202 1534 2237 subsequitum
1568 2202 1640 2236 ipso
1671 2207 1780 2231 autem

990 2255 1111 2276 versus
1154 2256 1236 2277 sono
1281 2248 1431 2277 audimus
1479 2246 1596 2276 fluctus
1641 2247 1780 2276 intume-

989 2298 1132 2322 scentes.

1036 2338 1110 2367 106.
1137 2335 1174 2367 hi
1197 2354 1241 2358 ——
1264 2335 1318 2366 his
1343 2338 1384 2368 cf.
1411 2338 1452 2374 9,
1486 2335 1563 2365 572.
1612 2338 1666 2367 Sic
1692 2346 1778 2377 pcn-

988 2380 1068 2413 dere
1089 2392 1197 2413 naues
1219 2383 1353 2418 saepius
1375 2384 1533 2418 dicuntur,
1558 2382 1598 2411 cf.
1624 2381 1676 2418 10,
1700 2381 1778 2413 303.

986 2442 1031 2449 ·—-
1063 2426 1239 2458 dehiscens
1271 2430 1391 2465 „valde
1422 2429 1566 2457 hiscens,
1619 2425 1670 2457 De
1694 2430 1778 2458 enim

986 2475 1137 2510 augentis
1168 2479 1237 2510 est,
1270 2479 1302 2502 ut
1333 2475 1365 2503 in
1392 2474 1542 2503 Terentio
1573 2474 1709 2510 (Heaut.
1744 2473 1776 2511 4,

985 2520 1022 2556 6,
1047 2519 1122 2555 21.)
1167 2517 1298 2549 Deamo
1330 2522 1362 2549 te
1391 2517 1500 2558 Syre“
1529 2522 1561 2548 S.
1592 2520 1632 2548 cf.
1666 2518 1703 2557 4,
1733 2519 1778 2549 52

987 2563 1147 2594 desaevio
1180 2564 1211 2601 Ι,
1238 2565 1300 2593 157
1329 2562 1494 2601 defessus.

1035 2610 1106 2640 107.
1138 2609 1271 2639 Arenae
1295 2618 1379 2644 quae
1402 2610 1433 2639 in
1453 2610 1551 2639 maris
1567 2610 1667 2639 fundo
1688 2614 1776 2647 sunt,

984 2664 1049 2685 non
1073 2664 1156 2691 quae
1186 2657 1217 2685 in
1246 2657 1355 2691 litore;
1389 2657 1432 2684 ita
1454 2655 1492 2692 3,
1523 2655 1600 2684 557.
1632 2654 1671 2692 4,
1698 2654 1775 2684 297.

984 2701 1024 2729 cf.
1058 2701 1095 2739 6,
1127 2701 1204 2730 297.
1254 2703 1313 2730 ov.
1343 2704 1385 2730 M.
1423 2699 1481 2737 11,
1515 2699 1594 2730 499:
1643 2697 1777 2730 Fulvus

983 2754 1024 2775 ex
1052 2744 1118 2775 imo
1141 2744 1246 2776 verrit
1271 2755 1407 2775 arenas.

1033 2791 1105 2820 109.
1133 2793 1215 2827 Quid
1241 2793 1282 2821 sit
1308 2792 1457 2827 dorsum,
1481 2791 1630 2820 invenies
1656 2791 1696 2819 ad
1721 2787 1774 2825 10,

984 2835 1058 2865 303.
1089 2853 1132 2856 —
1173 2836 1262 2865 Arae
1293 2837 1483 2866 dicebantur
1512 2837 1641 2865 insulae
1673 2836 1775 2869 Aegi-

983 2883 1082 2917 muri,
1114 2882 1154 2910 cf.
1181 2883 1261 2911 Plin.
1285 2885 1322 2911 H.
1340 2885 1377 2912 N.
1406 2883 1444 2918 5,
1479 2883 1510 2911 7.
1546 2881 1617 2910 Liv.
1638 2880 1697 2917 30,
1719 2881 1774 2911 24.

983 2929 1145 2956 adversae
1164 2929 1352 2963 Carthagini
1376 2930 1415 2956 ab
1440 2935 1544 2962 eaque
1571 2925 1637 2953 230
1658 2927 1773 2956 stadiis

982 2978 1144 3009 remotae,
1186 2981 1270 3002 nunc
1309 2971 1530 3002 Zowamoore
1564 2976 1592 2999 et
1633 2968 1774 3001 Zimbra

982 3019 1102 3056 dictae3
1151 3020 1210 3049 sed
1248 3027 1266 3048 e
1301 3019 1407 3048 Servii
1441 3018 1668 3054 annotatione,
1719 3018 1773 3053 qui
