2023 3350
299 148 379 185 522

865 146 898 177 P.
926 147 1118 179 vitifltmt
1149 149 1356 181 MAttoxts

298 257 418 296 Nunc
453 255 644 296 morere!
680 255 760 297 Ast
792 255 844 298 de
882 271 950 298 me
985 258 1126 300 divom
1156 263 1281 313 pater
1316 265 1447 314 atque
1485 262 1703 304 hominum
1735 276 1810 304 rex

299 312 474 352 Viderit.

534 311 627 353 Hoc
663 311 809 354 dicens
850 314 999 356 eduxit
1039 330 1219 370 corpore
1254 318 1396 360 telum.

297 369 380 410 (Jlli
412 369 522 409 dura
562 369 682 422 quies
721 371 867 413 oculos
907 376 949 414 et
986 372 1151 416 ferreus
1185 379 1338 428 urguet

297 427 495 477 Somnus,
529 426 573 467 in
615 431 833 469 aeternam
868 429 1129 472 clauduntur
1162 431 1324 473 lumina
1362 437 1540 475 noctem.

295 540 654 595 Partheniumque
691 543 811 596 Rapo
849 549 892 585 et
931 545 1191 597 praedurum
1228 546 1389 588 viribus
1417 548 1574 600 Orsen,

295 598 515 651 Messapus
550 598 827 653 Cloniumque
858 602 1203 657 Lycaoniumque
1244 603 1460 656 Ericeten3

294 655 421 696 Illum
458 655 634 699 infrenis
671 658 770 711 equi
803 658 928 712 lapsu
961 660 1114 702 tellure
1153 660 1377 712 iacentem,

296 713 418 754 Hunc
453 713 640 766 peditem
678 714 821 768 pedes.

295 771 429 821 Quem
468 774 611 813 tamen
648 771 764 813 haud
797 787 948 827 expers
991 774 1172 817 Valerus
1211 776 1383 818 virtutis
1422 776 1562 817 avitae

295 828 469 879 Deiicit;
505 833 551 869 at
587 829 819 871 Thronium
857 830 1021 882 Salius,
1062 832 1308 886 Saliumque
1352 833 1548 884 Nealces,

294 886 477 939 Insignis
514 887 653 928 iaculo
693 891 735 928 et
773 888 899 942 longe
934 888 1109 931 fallente
1143 890 1314 943 sagitta.

295 1001 479 1052 Funera;
522 1001 758 1044 caedebant
791 1004 956 1057 pariter
988 1005 1237 1058 pariterque
1268 1004 1450 1047 ruebant

293 1058 490 1099 Victores
529 1060 734 1113 victique,
772 1074 909 1114 neque
946 1061 1014 1103 his
1054 1061 1157 1116 fuga
1193 1066 1298 1104 nota
1336 1075 1474 1115 neque
1501 1060 1599 1102 illis.

263 1155 265 1157 .
294 1116 349 1156 Di
390 1116 501 1157 Iovis
537 1117 581 1158 in
617 1117 741 1158 tectis
774 1118 886 1160 iram
922 1119 1182 1161 miserantur
1216 1121 1386 1161 inanem

1842 378 1924 418 ’745

409 483 613 525 Caedicus
648 485 905 527 Alcathoum
943 487 1192 540 obtruncat,
1225 489 1426 531 Sacrator
1463 491 1715 545 Hydaspen,

1845 663 1927 702 '750

880 717 937 758 Et
972 717 1124 770 Lycius
1164 723 1432 770 processerat
1475 719 1600 772 Agis:

407 943 500 984 Iam
541 944 681 997 gravis
723 945 940 999 aequabat
978 947 1118 989 luctus
1160 951 1202 988 et
1245 951 1392 989 mutua
1427 947 1601 988 Mavors
1846 947 1927 986 '755

1847 1231 1928 1271 760

294 1173 548 1225 Amborum,
592 1179 634 1215 et
668 1178 816 1217 tantos
849 1177 1104 1219 mortalibus
1141 1191 1231 1219 esse
1264 1177 1454 1227 labores;

293 1231 404 1272 Hinc
439 1232 599 1283 Venus,
630 1232 729 1274 hinc
768 1237 919 1275 contra
959 1238 1125 1288 spectat
1161 1235 1363 1277 Saturnia
1398 1234 1525 1284 Iun03

295 1289 461 1330 Pallida
499 1289 729 1342 Tisiphone
767 1291 909 1333 media
943 1292 1056 1334 inter
1094 1292 1213 1334 milia
1251 1292 1397 1334 saevit.

295 1348 351 1387 At
384 1360 483 1387 vero
524 1347 740 1400 ingentem
773 1349 970 1402 quatiens
1009 1350 1244 1391 Mezentius
1272 1350 1443 1391 hastam

294 1403 506 1445 Turbidus
540 1405 780 1458 ingreditur
822 1420 986 1460 campo.

342 1532 416 1562 744.
443 1531 570 1562 viderit
594 1535 634 1564 cf.
662 1534 715 1564 33.
762 1535 816 1564 Sic
844 1537 904 1564 Ov.
932 1537 1007 1564 Her.
1036 1535 1085 1571 12,

293 1578 354 1607 211
377 1577 499 1608 viderit
524 1577 591 1608 ista
617 1578 712 1609 deus.
736 1595 780 1601 —
812 1578 943 1610 Eduxit
968 1578 1086 1618 telum,

295 1631 326 1653 ut
344 1631 523 1653 moreretur
546 1625 586 1654 cf.
614 1629 692 1661 Nep.
719 1628 777 1661 Ep.
800 1625 831 1655 9.

340 1693 414 1722 743.
444 1691 588 1722 Ferreus
617 1701 757 1721 somnus
781 1698 831 1722 est
857 1702 944 1722 mors
976 1698 1008 1722 ut
1034 1701 1087 1727 ap.

295 1741 387 1768 nom.
414 1741 451 1767 ΙΙ.
481 1738 530 1774 it,
549 1737 609 1766 241
641 1731 690 1772 ὥς
713 1729 733 1766 ὁ
758 1732 822 1776 μὲν
848 1728 941 1768 αὖθι
970 1733 1089 1767 πεσὼν

292 1779 489 1823 κοιμήσατο
521 1777 670 1823 χάλκεον
707 1775 835 1812 ὕπνον.
884 1786 1003 1813 Ferrea
1041 1785 1089 1812 di-

294 1836 419 1862 cuntur,
444 1836 527 1863 quae
552 1829 658 1863 frangi
684 1835 848 1862 nequeunt
875 1829 915 1858 cf.
944 1829 980 1863 6,
1009 1829 1093 1857 630.

294 1878 424 1915 urguet
449 1875 489 1903 cf.
517 1877 592 1904 Hor.
617 1877 651 1904 C.
680 1875 707 1912 l,
733 1873 787 1910 2⁴,
808 1875 829 1903 5
852 1873 950 1915 Ergo
980 1873 1088 1913 Quin-

294 1920 409 1952 tilium
444 1923 634 1960 perpetuus
672 1928 774 1959 sopor
814 1923 955 1961 urguet.
999 1920 1030 1956 4,
1056 1920 1087 1957 9,

292 1967 336 1995 26
387 1964 510 1995 Omnes
567 1963 830 1995 illacrimabiles
890 1968 1090 2006 urguentur

292 2010 476 2052 ignotique
502 2010 610 2051 longa
639 2013 746 2047 nocte,
771 2014 889 2041 carent
907 2009 991 2051 quia
1009 2014 1089 2041 vate

294 2066 406 2087 sacro.
454 2059 539 2086 ldem
567 2056 618 2090 12,
644 2056 721 2085 309.
751 2056 802 2085 10.

340 2125 414 2154 747.
441 2128 534 2161 „Hoc
560 2128 635 2155 loco
659 2130 710 2154 est
729 2125 880 2154 confusio
905 2125 939 2153 in
964 2125 1087 2159 aliquot

292 2172 487 2201 nominibus.
557 2175 636 2201 Nam
689 2172 763 2205 quis
817 2171 859 2199 sit
914 2171 1088 2205 Troianus,

292 2219 366 2252 quis
401 2220 540 2246 Rutulus
580 2215 780 2253 ignoratur.“
806 2218 837 2244 S.
887 2218 951 2245 Sed
991 2216 1088 2245 facile

292 2264 464 2297 colligitur.
490 2280 534 2283 —
559 2260 609 2292 Pl.
625 2264 709 2292 coni.
729 2260 912 2292 Sarctator
926 2267 1088 2297 negatque

293 2307 341 2338 rcl
367 2310 397 2337 in
434 2310 563 2338 nomine
590 2310 721 2344 proprio
747 2309 856 2338 facere
879 2308 1085 2342 positionem.

338 2364 415 2393 748.
441 2363 593 2404 „Rapon
637 2366 752 2394 dicitur
794 2365 880 2394 sicut
923 2367 1086 2399 Tarchon,

293 2413 351 2440 sed
370 2412 460 2439 metri
474 2419 599 2440 caussa
613 2421 633 2439 n
651 2411 802 2447 detraxit,
827 2414 857 2439 ut
874 2432 881 2438 .
899 2432 906 2439 .
925 2431 933 2439 .
948 2408 1087 2446 supra.“

293 2460 324 2485 S.
375 2457 423 2486 Cf.
449 2456 481 2492 8,
511 2456 588 2485 603.

339 2512 413 2542 749.
440 2513 659 2548 Lycaoniam,
696 2512 864 2547 Lycaonis
893 2512 1002 2541 fitium.
1046 2511 1086 2540 cf.

297 2558 371 2588 123.

337 2615 413 2645 750.
440 2617 477 2644 Et
518 2612 667 2653 infrenis
703 2619 732 2642 et
778 2611 938 2652 infrenus
974 2614 1089 2642 dicitur

293 2662 333 2690 cf.
362 2661 393 2698 4,
418 2660 449 2689 8.

337 2719 413 2747 751.
445 2715 572 2757 Lycius
616 2714 706 2757 Agis
752 2719 968 2753 processerat
1015 2725 1086 2752 „son

292 2770 405 2793 contra
429 2767 622 2797 Messapum
648 2761 882 2791 dimicaturus“
910 2765 943 2790 S.
979 2763 1042 2791 Sed
1068 2770 1086 2790 a

293 2812 410 2838 Vatero
435 2810 604 2846 occiditur,
630 2813 806 2842 antequam
832 2809 874 2836 ad
893 2811 1086 2843 Messapum

294 2855 452 2889 pervenit.

337 2910 414 2939 753.
441 2908 563 2939 deiecit
577 2909 642 2939 Rc!
660 2918 724 2938 rec.
744 2907 807 2939 Rb.
821 2907 925 2938 deicit
943 2911 1085 2948 Mpvyt).

338 2954 413 2983 754.
442 2958 528 2984 Idem
561 2964 666 2991 paene
695 2963 815 2984 versus
845 2955 884 2990 9,
916 2954 992 2983 572.
1041 2971 1085 2974 -

293 2997 409 3029 iaculo
455 3003 485 3029 et
529 2999 677 3040 sagitta.
740 3001 877 3029 Servius
924 3001 1087 3034 explicat:

294 3045 401 3082 „iactu
427 3047 522 3079 longe
559 3040 703 3075 fauentis
737 3046 887 3081 sagittae.
937 3049 1017 3075 Nam
1044 3038 1085 3074 ἓν

1047 1407 1182 1457 Quam
1221 1420 1400 1461 magnus
1435 1403 1564 1446 Orion
1573 1436 1582 1453 ,

1134 1530 1194 1565 διὰ
1220 1533 1325 1565 δυοῖν
1351 1533 1464 1564 nixus*
1502 1536 1583 1562 Item
1603 1531 1642 1568 5,
1668 1529 1724 1569 68,
1747 1533 1801 1566 qui
1832 1533 1928 1560 locus

1135 1590 1206 1611 eam
1233 1583 1487 1616 explicationem
1514 1579 1641 1607 videtur
1663 1577 1799 1606 firmare.

1136 1669 1325 1702 755—790.
1374 1667 1568 1702 Mezentius
1599 1664 1641 1698 ab
1667 1663 1787 1697 Aenea
1810 1669 1928 1697 vulue-

1486 1728 1590 1756 ratur.

1180 1784 1323 1813 755—7.
1350 1787 1465 1819 Pugna
1493 1788 1543 1811 est
1569 1789 1703 1816 anceps.

1182 1830 1259 1858 756.
1287 1831 1340 1859 Sic
1380 1832 1482 1858 verba
1509 1827 1663 1863 opposuit
1692 1827 1749 1855 Sil.
1787 1825 1847 1862 16,
1886 1824 1930 1853 70

1141 1873 1209 1904 Nec
1239 1884 1386 1915 pugnae
1406 1871 1552 1914 species,
1582 1870 1640 1902 sed
1659 1879 1794 1911 poenae
1819 1868 1930 1900 tristis

1136 1919 1258 1960 imago
1279 1920 1343 1949 illa
1359 1922 1451 1950 erat.-
1476 1916 1556 1948 hinc
1573 1920 1711 1948 tantum
1724 1914 1929 1946 caedentum

1135 1969 1241 2006 atque
1265 1964 1347 1995 inde
1374 1968 1548 1995 ruentum.

1180 2022 1258 2051 757.
1285 2031 1346 2051 nec
1371 2020 1424 2051 his
1445 2021 1542 2063 fuga
1565 2023 1661 2050 nota.
1700 2022 1792 2049 Hauc
1814 2019 1926 2048 dictio·

1134 2077 1207 2097 nem
1251 2068 1364 2097 confer
1411 2076 1483 2097 cum
1532 2068 1588 2096 iiio
1628 2064 1748 2097 cedere
1792 2062 1930 2093 nescius

1134 2115 1272 2143 Horatii.

1180 2159 1256 2188 758.
1284 2160 1334 2188 Dii
1360 2159 1424 2194 ipsi
1447 2159 1644 2187 miserantur
1668 2156 1832 2185 nominum
1855 2162 1929 2183 sor-

1135 2210 1209 2241 tem,
1236 2205 1289 2240 qui
1314 2206 1360 2234 ita
1383 2205 1506 2233 frustra
1532 2204 1664 2238 cadunt,
1691 2209 1789 2237 quum
1815 2201 1848 2229 in
1868 2202 1929 2229 du-

1135 2251 1228 2280 cibus
1254 2251 1383 2287 positus
1405 2250 1482 2278 beili
1502 2250 1543 2279 sit
1561 2249 1684 2277 exitus.
1732 2247 1837 2276 Aliter
1850 2249 1930 2275 Ser·

1134 2297 1228 2325 vius:
1276 2297 1359 2333 „Ubi
1392 2296 1475 2324 enim
1512 2300 1576 2323 tam
1617 2293 1724 2322 inanis
1758 2292 1930 2321 iracundia

1134 2346 1203 2379 est,
1248 2349 1345 2376 quam
1370 2341 1401 2370 in
1435 2342 1542 2379 beno,
1582 2340 1636 2368 ubi
1676 2343 1708 2368 ut
1750 2345 1927 2374 pereamus

1131 2385 1341 2416 irascimur.“

1178 2432 1253 2461 759.
1280 2429 1458 2461 amborum
1472 2431 1493 2459 i.
1511 2438 1539 2459 e.
1557 2429 1926 2465 utrarumquepartium.
1962 2423 1968 2445 3

1180 2488 1257 2518 760.
1284 2491 1370 2517 {nter
1409 2489 1491 2516 deos
1533 2491 1769 2524 memorantur,
1809 2486 1927 2521 quibus

1134 2535 1246 2564 exitus
1270 2534 1412 2562 maxime
1437 2538 1486 2562 est
1507 2533 1609 2562 cordi.
1634 2548 1678 2553 —
1693 2529 1830 2561 hinc—
1847 2529 1928 2561 hinc
1960 2547 1962 2550 >

1133 2589 1192 2616 pro
1219 2580 1293 2609 hinc
1316 2595 1360 2599 ——
1383 2579 1474 2608 illinc
1496 2579 1537 2608 cf.
1561 2579 1594 2616 9,
1618 2577 1695 2607 572.

1179 2625 1257 2654 761.
1285 2629 1399 2654 Notum
1459 2627 1672 2660 phantasma3
1729 2631 1786 2659 pro
1814 2615 1926 2662 ”Ερις,
1962 2621 1963 2626 ’

1129 2663 1253 2706 Ἐυύω,
1280 2667 1371 2709 Κῆρ,
1390 2671 1487 2699 Furia
1521 2671 1554 2699 in
1592 2669 1716 2705 proelio
1742 2670 1928 2698 circumvo-

1131 2719 1211 2745 litat.
1259 2717 1306 2745 Cf.
1333 2714 1388 2744 (lie
1411 2713 1615 2745 nordischen
1637 2712 1838 2754 [Valkyren.
1868 2715 1926 2743 His
1955 2751 1963 2753 -

1133 2762 1287 2791 versibus
1312 2762 1388 2790 facit
1412 2762 1509 2796 quasi
1530 2765 1738 2797 prospectum
1762 2759 1926 2797 imaginis,

1131 2809 1163 2837 in
1190 2815 1253 2842 qua
1279 2809 1415 2836 Aeneas
1449 2815 1522 2836 cum
1557 2809 1669 2835 Lauso
1701 2810 1731 2835 et
1761 2805 1925 2834 mezentio

1132 2861 1285 2889 pugnans
1315 2853 1487 2882 inducitur.
1539 2849 1592 2881 ΡΙ.
1613 2858 1747 2880 versum
1773 2851 1870 2879 delet.

1177 2908 1253 2938 763.
1281 2910 1466 2938 Mezentius
1482 2913 1690 2943 comparatur
1716 2913 1789 2934 cum
1805 2906 1924 2935 Orione

1131 2956 1171 2982 ad
1211 2955 1441 2989 proceritatem
1487 2953 1650 2988 corporis;
1694 2951 1793 2981 orion
1839 2951 1923 2980 enim

1131 3004 1240 3029 tantae
1270 3005 1342 3028 erat
1379 2999 1627 3035 magnitudinis,
1668 3001 1700 3026 ut
1739 3004 1797 3031 per
1834 3004 1923 3026 marc

1130 3050 1248 3082 posset
1270 3045 1407 3081 ingredi.
1433 3059 1476 3065 —
1501 3039 1661 3074 turbidus
1685 3042 1726 3071 cf.
1749 3041 1799 3080 12,
1828 3040 1878 3070 10.
