2023 3350
0 646 11 677 ll

754 55 993 91 AENEIDOS
1020 58 1107 92 LIB.
1134 61 1213 93 VII.

145 170 375 224 Tantaque
415 182 461 212 se
499 168 633 212 facies
674 169 830 225 aperit.

1677 72 1680 74 ’
1729 63 1811 102 359

892 171 1000 214 Tum
1035 172 1236 216 flammea
1271 176 1480 229 torquens

147 228 334 271 Lumina
373 230 649 270 cunctantem
685 232 728 271 et
761 234 1042 283 quaerentem
1080 231 1224 274 dicere
1259 232 1388 286 plura

144 286 370 341 Reppulit,
413 289 457 328 et
498 286 693 340 geminos
729 288 869 330 erexit
905 289 1096 331 crinibus
1134 303 1308 344 angues,

1724 292 1809 332 450

144 345 426 398 Verberaque
464 344 676 397 insonuit,
717 345 959 400 rabidoque
998 347 1106 390 haec
1148 347 1321 390 addidit
1358 362 1453 391 ore:

143 403 210 444 En
251 416 330 457 ego
366 402 482 444 victa
518 402 620 455 situ,
663 417 795 457 quam
833 405 923 446 veri
965 404 1093 448 effeta
1129 410 1328 448 senectus

142 461 278 502 Arma
311 460 426 502 inter
465 473 617 514 regum
655 460 767 503 falsa
808 460 1040 505 formidine
1082 463 1216 516 ludit;

142 518 322 572 Respice
361 517 418 559 ad
456 517 585 560 haec:
628 518 782 562 adsum
820 519 1014 563 dirarum
1055 521 1111 564 ab
1152 522 1252 564 sede
1287 534 1510 574 sororum3

140 576 264 618 Bella
304 589 435 617 manu
475 575 700 631 letumque
739 592 857 632 gero.

1722 583 1804 621 455

143 633 214 677 Sic
255 632 386 675 effata
421 632 562 676 facem
596 635 738 678 iuveni
776 636 977 688 coniecit,
1020 639 1063 678 et
1097 639 1195 678 atro

141 691 321 734 Lumine
357 691 575 735 fumantes
615 692 712 735 fixit
749 694 829 736 sub
859 697 1037 748 pectore
1073 694 1240 736 taedas.

142 749 229 792 Olli
270 763 471 791 somnum
508 750 660 805 ingens
700 752 865 806 rumpit
901 766 1057 806 pavor,
1099 766 1286 807 ossaque
1328 754 1371 793 et
1415 755 1539 794 artus

138 807 336 850 Perfudit
373 811 469 850 toto
506 812 742 863 proruptus
779 823 964 864 corpore
1001 809 1147 852 sudor.

138 865 274 908 Arma
308 879 455 908 amens
491 865 658 919 freniit3
701 881 824 909 arma
857 871 955 909 toro
995 868 1210 922 tectisque
1248 868 1444 922 requirit.

1720 874 1804 912 460

141 923 288 966 Saevit
325 938 449 966 amor
484 924 590 966 ferri
631 928 674 967 et
711 925 925 968 scelerata
955 925 1128 968 insania
1161 925 1276 978 belli,

138 982 213 1024 Ira
247 996 397 1036 super:
435 996 594 1037 magno
632 983 766 1025 veluti
803 998 936 1038 quum
974 983 1150 1026 flamma
1187 997 1345 1026 sonore

137 1040 301 1095 Virgea
332 1041 581 1095 suggeritur
619 1041 752 1084 costis
784 1040 990 1106 udantis
1028 1041 1138 1094 aeni,

138 1181 183 1210 vit
211 1181 251 1210 cf.
275 1180 312 1219 5,
344 1179 420 1210 2104.
438 1178 621 1212 -sibilat
649 1179 782 1221 hydris.
833 1182 946 1213 Simile

138 1228 206 1257 Tib.
247 1226 282 1264 1,
317 1226 355 1265 3,
389 1227 426 1256 71
464 1229 661 1268 serpentum
695 1226 863 1258 Cerberus
889 1236 948 1258 ore

138 1271 274 1304 stridet.

183 1317 260 1348 415.
294 1315 343 1348 ΡΙ.
368 1319 453 1348 coni.
478 1321 649 1358 tantaque
673 1327 708 1348 se
732 1317 849 1349 rabies
864 1327 948 1359 upe-

136 1362 199 1403 rit,
232 1373 340 1400 neque
366 1369 475 1394 tamen
512 1365 672 1394 intellexit
706 1366 778 1401 Vgli
811 1371 946 1394 senten-

137 1412 234 1447 tiam3
276 1411 305 1440 is
333 1411 417 1440 enim
448 1411 576 1440 Furiam
604 1411 668 1439 iam
698 1419 777 1447 sua,
822 1420 885 1440 non
912 1411 944 1440 in

137 1458 301 1487 hominem
328 1460 470 1495 mutata,
496 1457 598 1492 figura
625 1457 669 1486 uti
695 1457 792 1495 dixit,
817 1465 855 1486 ea
882 1465 944 1486 au-

137 1508 204 1532 tem
246 1507 295 1532 est
335 1510 454 1538 magna
495 1510 534 1532 ac
571 1503 739 1532 terribilis.
788 1504 843 1532 Sic
880 1503 945 1533 iam

136 1554 227 1579 recte
249 1552 302 1578 S.:
331 1554 483 1587 „semoto
507 1549 585 1578 anili
605 1551 697 1578 vultu
725 1557 821 1584 quem
840 1550 946 1578 finxe-

136 1600 187 1625 rat
212 1600 243 1624 et
268 1603 332 1630 quo
361 1603 399 1625 se
431 1594 617 1624 induerat“.
666 1597 756 1624 Idem
790 1604 847 1631 pro
881 1603 946 1636 ge-

135 1638 249 1671 minos
273 1642 359 1670 coni.
385 1638 527 1682 nigros,
565 1638 620 1671 Gt.
643 1650 700 1676 pro
729 1643 761 1671 et
785 1639 947 1683 geminos

137 1688 222 1718 00111.
256 1689 363 1728 atque
394 1695 521 1716 omnes.
548 1702 593 1706 —
612 1685 787 1725 flammea
810 1684 946 1716 lumina

136 1733 294 1763 iratorum
325 1737 354 1762 et
382 1732 584 1762 furiosorum
620 1733 661 1762 cf.
696 1731 753 1771 12,
795 1732 870 1761 102.
901 1748 947 1752 —-

127 1777 282 1819 flamma
309 1779 349 1807 cf.
378 1778 412 1815 1,
441 1777 514 1806 191.

183 1823 260 1853 450.
287 1822 417 1863 repulit
448 1832 497 1853 sc.
535 1828 669 1852 terrore.
701 1839 747 1843 -
774 1825 805 1852 et
833 1820 948 1863 gemi-

136 1878 211 1900 nos.
261 1871 461 1906 „Geminos,
511 1870 651 1898 similes.
709 1872 790 1898 Nam
829 1877 946 1898 onines

139 1923 213 1944 eam
250 1916 327 1944 dicit
354 1916 528 1950 erexisse,
566 1924 632 1944 non
662 1913 768 1944 duos“
805 1918 837 1944 S.
895 1917 945 1943 De

140 1963 325 1997 anguibus,
358 1969 442 1995 quos
475 1968 532 1996 pro
561 1961 707 1989 crinibus
738 1963 832 1989 hahet
862 1962 945 1990 duos

138 2008 252 2045 sumit,
278 2008 386 2042 iisqne
415 2015 471 2042 pro
496 2011 579 2035 10110
610 2006 740 2042 flagello
772 2007 879 2035 utitur.

181 2052 261 2082 451.
289 2051 431 2082 verbera
465 2050 638 2089 insonuit,
674 2053 832 2081 insonare
869 2052 946 2081 facit

140 2099 203 2136 (cf.
241 2098 313 2134 12.)
348 2099 516 2133 flagellum
550 2098 611 2134 [cs.
640 2098 739 2133 378).
791 2098 838 2127 Cf.
872 2100 946 2127 val.

140 2148 186 2175 ΕΙ.
217 2144 256 2182 4,
292 2144 360 2173 412
395 2143 577 2184 Apparent
611 2152 825 2183 sparsaeque
850 2142 949 2179 faces

139 2189 355 2230 disiectaque
391 2188 499 2231 longe
538 2187 682 2219 verbera
723 2191 754 2219 et
787 2187 949 2230 abruptis

137 2233 273 2267 excussi
298 2233 452 2266 crinibus
476 2233 581 2275 hydri
604 2236 818 2271 Tisiphones.

184 2282 263 2311 455.
285 2280 403 2320 facem
450 2279 570 2311 inveni
622 2279 779 2310 coniecit.

138 2329 348 2358 considerate
387 2327 496 2356 facem
532 2328 645 2356 iuveni
684 2328 811 2363 iniecit,

139 2375 202 2403 cito
223 2379 253 2402 et
277 2374 466 2402 exardescit
497 2380 526 2402 et
552 2374 681 2403 desinit.
732 2377 838 2409 Supra
864 2382 945 2403 vero

137 2422 279 2450 Amatae
309 2424 497 2454 serpentem
534 2420 659 2455 iniecit,
694 2421 780 2454 quod
815 2420 847 2448 in
874 2428 946 2449 mu-

138 2467 273 2495 lieribus
297 2473 430 2500 semper
447 2465 535 2499 viget
551 2473 729 2494 venenum.
780 2467 860 2495 Atro
886 2474 946 2495 au-

138 2517 203 2541 tem
230 2511 370 2548 lumine,
397 2510 524 2549 furiali,
550 2511 715 2540 inferno.“
743 2514 776 2540 S.

183 2557 260 2586 457.
288 2554 350 2586 sub
383 2557 545 2595 pectore,·
576 2558 629 2586 ubi
652 2557 740 2586 fellis
765 2560 861 2587 locus
895 2561 947 2587 est

136 2605 158 2634 i.
185 2613 214 2633 e.
240 2603 443 2632 iracundiae.

183 2648 261 2678 458.
288 2646 420 2687 rumpit
446 2652 476 2676 el
501 2645 661 2687 perfudit
694 2650 734 2676 M.
760 2645 949 2688 perfundit

137 2698 202 2725 ΕΒ.
244 2704 311 2724 ree.
351 2691 412 2723 Rb.
466 2690 633 2732 Perfudit
669 2694 765 2722 etiam
799 2698 946 2729 tempore

139 2743 232 2777 prius
257 2745 320 2771 est.
371 2740 419 2770 Cf.
441 2740 481 2769 311
500 2739 533 2775 2,
559 2738 637 2768 466.
686 2737 782 2780 rapit
804 2742 841 2777 R,
859 2741 946 2775 1111011

143 2784 206 2817 Rb.
249 2791 478 2816 10513101.-
510 2786 667 2821 Corporis
719 2790 828 2815 status
872 2791 946 2821 post

140 2841 243 2868 grave
271 2833 435 2863 somnium
469 2835 501 2860 ut
530 2836 582 2861 est
614 2831 810 2861 describitur
840 2832 880 2861 cf.
914 2831 945 2869 3,

140 2878 217 2908 175.
267 2880 325 2908 Sil.
351 2878 390 2916 8,
420 2877 496 2907 187.

185 2923 264 2953 459.
289 2926 481 2964 proruptus
505 2923 546 2953 cf.
576 2922 611 2961 1,
637 2922 716 2952 246.

188 2968 265 3000 460.
292 2978 428 3011 amens,
459 2970 531 3001 sine
560 2974 652 3000 certa
675 2969 820 3006 ratione3
852 2969 895 2998 ita
915 2968 948 3006 2,

834 2283 947 2319 „Satis

862 2336 946 2362 quae

994 1181 1062 1211 314
1088 1190 1190 1211 arma
1216 1190 1337 1211 amens
1355 1179 1469 1222 cupio,
1494 1190 1557 1213 nec
1582 1185 1636 1213 sat
1653 1181 1806 1213 rationis

994 1225 1031 1257 in
1057 1225 1177 1257 armis.
1203 1244 1248 1248 κ-
1279 1236 1381 1256 arma
1398 1226 1525 1266 fremit
1556 1229 1597 1258 cf.
1632 1229 1689 1265 ll,
1723 1229 1802 1259 453.

995 1276 1201 1303 Vocabulum
1229 1275 1395 1309 proprium
1424 1279 1474 1303 est
1506 1275 1538 1304 111
1571 1276 1744 1305 seditionis
1772 1281 1804 1305 et

994 1321 1070 1349 belli
1102 1321 1292 1355 cupiditate.
1324 1336 1367 1339 ——
1398 1322 1484 1349 toro.
1533 1322 1666 1351 Scimus
1696 1330 1740 1351 ex
1774 1321 1801 1351 1.

994 1366 1030 1400 6,
1057 1365 1125 1395 524
1153 1366 1273 1401 priscis
1303 1367 1506 1402 temporibus
1537 1369 1658 1396 heroes
1685 1376 1802 1397 ensem

993 1415 1056 1442 sub
1080 1417 1152 1441 toro
1179 1413 1358 1450 habuisse,
1391 1417 1424 1442 ut
1456 1413 1566 1442 statim
1593 1418 1731 1449 possent
1764 1423 1803 1443 se

993 1458 1181 1487 defendere.

1039 1514 1117 1545 461.
1149 1513 1201 1545 Pl.
1240 1516 1327 1545 coni.
1369 1514 1408 1545 A.

992 1564 1086 1600 toro,
1117 1563 1139 1592 t.
1168 1559 1328 1602 requirit.

1460 1524 1494 1545 α.
1531 1513 1656 1554 fremit
1701 1525 1802 1547 arma

1040 1622 1116 1653 462.
1143 1621 1198 1653 ira
1226 1631 1341 1663 super.
1391 1626 1469 1660 Ipse
1497 1624 1563 1654 iam
1582 1624 1724 1660 cupidus
1750 1627 1802 1653 est

994 1678 1158 1700 armorum
1176 1674 1206 1698 et
1232 1671 1319 1707 belli,
1345 1672 1405 1699 sed
1430 1671 1573 1710 superi.
1595 1679 1624 1699 e.
1650 1670 1801 1707 insuper,

994 1721 1184 1752 praeterea,
1219 1717 1321 1744 multo
1353 1716 1459 1751 magis
1494 1717 1603 1746 saevit
1636 1718 1685 1745 113
1725 1724 1802 1751 pro-

993 1767 1065 1797 pter
1083 1763 1278 1796 denegatam
1294 1762 1464 1796 virginem.
1503 1765 1583 1791 Nam
1602 1769 1706 1802 super
1725 1769 1803 1797 par-

994 1808 1096 1836 ticula
1122 1807 1246 1841 aliquid
1269 1809 1368 1836 rebus
1388 1812 1488 1836 antea
1511 1808 1701 1836 memoratis
1716 1809 1802 1836 mul-

994 1858 1059 1881 tum
1082 1858 1253 1888 praestare
1269 1854 1403 1890 indicat,
1419 1861 1526 1887 neque
1542 1855 1652 1882 solum
1669 1854 1800 1888 1111311110

995 1903 1043 1928 est
1071 1899 1291 1934 praepositio,
1325 1905 1358 1928 111
1384 1907 1416 1928 v.
1450 1898 1528 1927 803.
1577 1899 1614 1936 8,
1641 1898 1719 1928 303.
1768 1898 1801 1935 9,

994 1944 1072 1973 283.
1124 1946 1184 1973 Ov.
1211 1948 1252 1973 Μ.
1283 1944 1320 1983 S,
1348 1944 1432 1980 677,
1458 1946 1517 1973 sed
1542 1945 1639 1974 etiam
1668 1946 1800 1979 1111311110

993 1996 1044 2020 est
1078 1992 1288 2027 adverbium,
1335 1996 1365 2019 ut
1402 1990 1438 2027 l,
1478 1989 1534 2020 29.
1582 1990 1620 2027 2,
1665 1990 1719 2020 71.
1768 1990 1801 2028 3,

993 2035 1071 2065 489.
1126 2036 1182 2073 11,
1215 2035 1294 2065 226.
1345 2036 1422 2065 685.
1475 2038 1552 2066 Hor.
1587 2040 1654 2066 Sat.
1693 2036 1731 2075 2,
1771 2037 1800 2074 7,

995 2082 1049 2110 78.
1100 2085 1179 2111 Stat.
1214 2084 1317 2111 Theb.
1350 2082 1388 2118 9,
1432 2081 1480 2111 12.
1534 2079 1588 2111 Pl.
1620 2083 1705 2111 coni.
1742 2080 1801 2111 Ira

994 2125 1097 2156 subit.
1137 2129 1291 2164 Attende,
1311 2130 1395 2162 quod
1412 2129 1583 2157 Romanus
1609 2133 1706 2163 poeta
1725 2129 1801 2157 belli

995 2173 1074 2201 dixit
1105 2174 1279 2202 insaniam.
1329 2175 1374 2203 Ita
1408 2176 1546 2201 Martem
1576 2174 1686 2208 ipsum
1715 2182 1801 2202 nun-

996 2224 1092 2253 cupat
1120 2219 1273 2248 insanum
1301 2217 1369 2247 550
1395 2223 1424 2246 et
1445 2219 1522 2247 belli
1545 2226 1691 2247 amorem
1707 2219 1801 2249 insa-

994 2273 1089 2297 num,
1123 2270 1152 2293 et
1177 2265 1302 2293 notavit
1332 2264 1411 2292 belli
1435 2264 1558 2293 rabiem
1578 2264 1615 2297 8,
1651 2263 1738 2301 327,
1769 2268 1801 2292 01

996 2312 1087 2339 triste
1111 2315 1161 2340 est
1187 2313 1307 2339 bellum
1333 2309 1411 2338 325.
1461 2312 1497 2338 Ε.
1524 2309 1564 2345 6,
1590 2309 1623 2338 7.
1647 2314 1677 2339 et
1700 2311 1800 2338 13011-

994 2358 1114 2385 mabile
1139 2365 1171 2385 v.
1201 2355 1279 2385 604.
1329 2358 1442 2389 Neque
1470 2355 1571 2390 potuit
1598 2357 1670 2390 Vgl.
1705 2356 1801 2384 aliter

995 2404 1034 2431 de
1053 2404 1140 2431 bello
1167 2403 1328 2437 iudicare,
1353 2402 1418 2430 etsi
1442 2402 1539 2430 bellis
1560 2406 1710 2430 creverat
1731 2403 1800 2430 Ro-

994 2456 1165 2477 manorum
1199 2448 1408 2483 respublica,
1453 2451 1484 2476 et
1524 2447 1622 2476 bellis
1653 2447 1800 2476 maxima

994 2502 1107 2524 eorum
1139 2495 1245 2529 gloria
1270 2496 1454 2522 constabat.
1504 2494 1642 2529 Etenim,
1668 2493 1799 2522 etiamsi

994 2541 1069 2576 ipse
1096 2542 1182 2569 bella
1207 2544 1331 2574 quanta
1350 2539 1451 2574 potuit
1475 2543 1545 2567 arte
1562 2539 1799 2574 descripserat,

994 2591 1025 2615 et
1053 2588 1141 2615 bella
1172 2592 1407 2620 nonnunquam
1434 2592 1514 2613 esse
1544 2585 1742 2614 necessaria
1768 2589 1798 2614 et

993 2633 1085 2661 utilia
1102 2632 1315 2667 intelligebat.
1331 2630 1649 2665 tameneiusingenii
1665 2632 1798 2666 1101111111,

993 2679 1143 2708 cultioris
1181 2682 1211 2706 et
1249 2677 1374 2706 artibus
1411 2676 1526 2714 dediti,
1566 2678 1688 2706 bellum
1733 2685 1799 2706 non

993 2725 1059 2754 nisi
1085 2725 1206 2753 malum
1234 2723 1338 2758 potuit
1364 2722 1478 2751 videri.

1039 2783 1117 2814 463.
1145 2785 1363 2819 Comparatur
1396 2791 1470 2812 cum
1505 2791 1608 2821 aqua,
1644 2791 1729 2819 quae
1765 2784 1797 2813 in

995 2833 1073 2867 olla,
1099 2833 1200 2859 multo
1229 2831 1360 2858 admoto
1378 2830 1466 2867 igne,
1493 2832 1606 2859 calore
1622 2833 1798 2859 exaestuat

995 2882 1027 2905 et
1042 2877 1166 2906 ebullit.
1206 2878 1300 2904 Hunc
1315 2878 1422 2904 locum
1438 2876 1591 2905 videntur
1602 2876 1799 2911 respexisse

997 2925 1070 2952 Val.
1113 2921 1152 2956 4,
1184 2921 1262 2950 686.
1311 2922 1370 2950 Sil.
1407 2920 1445 2959 5,
1492 2921 1568 2951 605.
1600 2938 1644 2943 -
1672 2919 1800 2963 virgea

989 2967 1159 3008 flamma,
1191 2976 1207 2995 e
1242 2968 1346 3003 virgis
1381 2971 1451 2997 orta
1486 2967 1526 2996 ef.
1565 2967 1624 3006 11,
1656 2967 1734 2996 786.
1755 2983 1800 2987 -—
