2023 3350
271 151 352 189 270

834 151 870 182 P.
896 149 1094 183 VIRGIL'II
1118 150 1332 185 MARONIS

267 260 329 301 Tu
366 273 418 300 ne
452 258 555 300 cede
589 259 735 310 malis,
777 260 853 301 sed
889 265 1043 302 contra
1075 261 1301 304 audentior
1339 264 1414 316 ito,
1856 271 1910 309 95

267 317 402 366 Quam
436 320 511 356 tua
550 319 593 357 te
625 317 816 358 Fortuna
854 318 977 359 sinet.

1037 318 1120 359 Via
1153 320 1294 372 prima
1334 323 1501 375 salutis,

267 373 388 422 Quod
425 373 597 414 minime
627 374 751 424 reris,
793 373 927 416 Graia
962 374 1178 428 pandetur
1213 377 1268 418 ab
1305 379 1424 421 urbe.

381 429 556 471 Talibus
596 443 647 471 ex
685 431 818 484 adyto
858 431 984 473 dictis
1023 431 1210 474 Cumaea
1246 432 1410 488 Sibylla

265 486 517 527 Horrendas
554 488 669 528 canit
710 488 914 542 ambages
947 492 1159 542 antroque
1199 494 1385 544 remugit

266 542 470 584 Obscuris
510 557 611 585 vera
648 545 885 597 involvens3
932 560 982 588 ea
1022 545 1145 588 frena
1183 546 1346 589 furenti

1831 554 1912 592 100

264 600 465 642 Concutit
502 604 545 642 et
584 602 782 644 stimulos
819 603 898 645 sub
934 607 1111 656 pectore
1144 604 1277 645 vertit
1316 606 1485 659 Apollo.

264 657 321 698 Ut
356 658 542 710 primum
578 660 707 701 cessit
742 660 863 702 furor
902 664 944 702 et
983 660 1139 702 rabida
1177 675 1254 702 ora
1290 663 1504 716 quierunt,

263 715 421 767 Incipit
456 716 623 757 Aeneas
658 717 803 759 heros:
849 718 945 759 Non
982 718 1075 759 ulla
1110 718 1322 770 laborum,

265 771 299 812 O
332 773 475 825 virgo,
520 787 630 814 nova
668 775 727 815 mi
761 775 893 816 facies
924 776 1151 828 inopinave
1183 776 1342 829 surgit3

264 828 418 870 Omnia
451 832 653 884 praecepi
691 835 824 884 atque
863 832 1005 873 animo
1041 847 1205 874 mecum
1244 837 1345 875 ante
1384 835 1544 888 peregi.

592 889 771 938 Quando
810 889 878 930 hic
911 890 1069 931 inferni
1102 891 1231 931 ianua
1272 890 1386 944 regis

260 886 404 927 Unum
444 901 531 929 oro.

1827 837 1907 876 105

260 944 431 985 Dicitur
471 948 514 985 et
544 946 774 988 tenebrosa
808 947 932 1000 palus
970 947 1214 989 Acheronte
1250 947 1418 989 refuso:

261 1001 329 1042 Ire
369 1000 426 1041 ad
466 1007 741 1056 conspectum
779 1005 869 1045 cari
906 1005 1114 1058 genitoris
1154 1008 1196 1046 et
1234 1019 1312 1046 ora

263 1057 514 1112 Contingat3
559 1060 716 1102 doceas
750 1062 834 1102 iter
871 1065 913 1103 et
953 1076 1079 1103 sacra
1124 1062 1237 1104 ostia
1278 1061 1455 1116 pandas.

261 1115 389 1156 Illum
429 1129 505 1169 ego
542 1131 620 1170 per
656 1118 851 1160 flammas
885 1123 927 1160 et
965 1120 1082 1160 mille
1121 1120 1346 1173 sequentia
1382 1119 1470 1160 tela

1829 1121 1909 1160 110

262 1172 415 1226 Eripui
453 1173 519 1214 his
553 1174 741 1217 humeris
782 1176 1012 1229 medioque
1044 1190 1096 1217 ex
1132 1176 1257 1218 hoste
1294 1176 1460 1229 recepi3

259 1229 337 1270 Ille
371 1244 512 1271 meum
549 1233 781 1274 comitatus
820 1234 905 1274 iter
938 1234 1078 1275 maria
1123 1234 1268 1274 omnia
1302 1247 1468 1274 mecum

260 1287 402 1339 Atque
441 1301 584 1330 omnes
621 1290 850 1344 pelagique
890 1291 1028 1332 minas
1064 1291 1258 1344 caelique
1295 1290 1464 1332 ferebat

259 1344 496 1396 Iumlidus,
537 1346 649 1388 vires
688 1347 806 1389 ultra
847 1351 1095 1401 sortemque
1137 1351 1347 1389 senectae.

308 1492 361 1523 95.
387 1497 511 1525 contra
537 1492 724 1526 audentior
748 1494 807 1527 ito.
840 1499 894 1527 Sic
919 1500 991 1528 Seu.
1006 1501 1063 1534 Ep.

259 1537 300 1568 59
327 1537 507 1570 interritus
533 1543 655 1570 contra
683 1540 746 1571 illa
770 1541 852 1580 ibit3
877 1546 956 1573 Sall.
980 1546 1003 1573 I.
1021 1542 1063 1573 31

264 1582 382 1624 Neque
409 1594 475 1626 ego
501 1595 562 1615 vos
583 1584 716 1626 hortor,
747 1587 800 1619 uti
825 1592 946 1619 contra
972 1587 1064 1619 iniu-

261 1627 336 1659 rias
362 1630 492 1661 armati
517 1629 616 1660 eatis.

308 1674 361 1704 96.
388 1685 492 1715 quam
516 1680 595 1705 Mss.
621 1693 659 1697 -—
686 1686 755 1716 qua
780 1679 813 1707 in
832 1681 907 1708 Edd.
932 1682 972 1708 ab
998 1681 1062 1709 Al-

261 1721 338 1750 dina
373 1728 594 1759 propagatum.
654 1720 765 1760 Quam
799 1725 894 1754 unice
928 1728 1061 1760 probum

259 1770 317 1803 est,
342 1772 453 1801 estque
479 1768 641 1796 sententia
666 1770 761 1798 haec:
786 1770 834 1799 Tu
861 1775 971 1799 contra
991 1772 1058 1800 La-

260 1812 347 1841 tinos
372 1817 399 1841 et
425 1814 526 1842 Italos
551 1814 719 1842 audentior
740 1814 800 1851 ito,
827 1823 924 1850 quam
948 1820 1003 1845 tua
1027 1821 1057 1845 te

260 1857 389 1886 fortuna
413 1858 433 1887 i.
462 1867 489 1886 e.
517 1866 594 1893 opes
622 1864 705 1897 tuae,
738 1860 904 1895 copiarum
929 1865 1058 1891 tuarum

258 1904 409 1938 paucitas
435 1904 534 1939 sinet;
575 1911 649 1932 nam
672 1912 692 1933 a
715 1910 805 1939 parte
830 1907 887 1935 tibi
913 1907 972 1936 erit
996 1914 1057 1936 au-

258 1949 393 1984 xilium,
420 1957 440 1978 a
466 1956 530 1984 qua
554 1950 688 1979 minime
711 1951 811 1987 reris,
842 1960 887 1981 sc.
913 1960 933 1980 a
958 1953 1057 1981 Graia

258 1996 345 2022 urbe.
395 1995 464 2023 Tua
490 1994 619 2023 fortuna
642 1997 814 2030 opponitur
832 1997 950 2026 Graiae
975 1999 1055 2027 urbi.

257 2040 364 2067 Altior
400 2040 539 2075 insurgit
573 2039 651 2079 Sps.
687 2042 854 2071 audentior
879 2043 922 2072 ito
956 2051 1052 2078 quam

257 2089 312 2112 tua
341 2085 362 2113 i.
388 2093 416 2114 e.
447 2085 589 2114 Troiana
618 2087 760 2116 adversa
784 2087 928 2126 fortuna,
969 2097 1053 2123 quae

256 2130 440 2160 etiamnunc
477 2135 506 2159 te
539 2132 760 2169 persequitur,
801 2133 889 2162 sinit.
939 2135 1051 2170 Itaque

256 2176 409 2204 audacter
444 2176 572 2204 ferendo
606 2177 730 2206 fortiter
765 2180 911 2208 audendo
947 2181 1051 2210 victo-

254 2221 336 2249 riam
369 2221 425 2249 tibi
460 2222 601 2256 parabis.
659 2230 728 2261 qua
764 2226 852 2258 prob.
890 2222 954 2253 Rb.
987 2223 1051 2255 Hr.

262 2263 343 2294 Wd.
391 2268 447 2294 Est
466 2268 671 2296 Pallanteum
693 2270 838 2298 Evandri
861 2270 900 2299 cs.
926 2268 956 2308 8,
975 2268 1050 2300 131.

258 2326 295 2330 -
326 2309 383 2339 via
407 2309 534 2342 salutis
559 2312 598 2342 cf.
626 2311 657 2345 3,
684 2311 759 2343 684.

302 2355 355 2385 98.
383 2355 490 2396 adyto
514 2358 552 2386 cf.
578 2356 607 2393 3,
637 2356 689 2387 92.

301 2400 354 2430 99.
381 2401 535 2442 remugit
569 2403 607 2432 cf.
635 2401 665 2439 4,
690 2401 766 2432 490.
802 2420 839 2424 —
876 2402 1053 2445 Ambages

257 2447 414 2483 dicimus,
446 2449 475 2476 si
502 2456 554 2476 res
582 2457 645 2476 non
669 2450 807 2483 propriis
831 2450 959 2487 verbis,
995 2451 1053 2479 sed

254 2493 362 2521 dubiis
394 2496 422 2521 et
462 2493 610 2522 obscuris
650 2494 827 2530 indicatum
871 2502 911 2523 ea
946 2500 1053 2524 autem

253 2542 301 2565 est
333 2538 450 2572 ubique
480 2539 560 2567 ratio
589 2541 811 2575 oraculorum3
852 2540 890 2568 cf.
921 2541 999 2569 Luc.
1026 2539 1052 2577 1,

251 2580 316 2610 637
350 2580 459 2612 Flexa
484 2581 532 2612 sic
563 2581 680 2612 omina
710 2581 843 2613 'Fuscus
873 2582 1055 2614 involvens

251 2625 430 2667 multaque
452 2630 576 2668 tegens
601 2626 753 2668 arrabage
777 2627 934 2659 canebat.
983 2630 1055 2665 (Ita

253 2675 407 2709 ambages
431 2674 578 2703 dicuntur
603 2675 758 2711 Sphingis
783 2675 970 2711 aenigmata
989 2678 1049 2706 Ov.

254 2720 327 2746 Met.
352 2716 382 2755 7,
401 2716 499 2755 761.)
549 2720 632 2747 Hinc
651 2721 748 2749 etiam
773 2722 892 2755 Apollo
917 2722 1052 2751 Graecis

252 2763 416 2792 dicebatur
449 2760 584 2800 Λοξίας
613 2772 633 2793 a
661 2758 776 2802 λοξός.
824 2767 900 2795 Tac.
928 2768 991 2795 An.
1020 2765 1049 2805 2,

250 2805 293 2835 54
329 2810 360 2837 et
385 2806 567 2846 ferebatur
603 2807 811 2839 Germanico
839 2819 902 2850 per
930 2810 1050 2841 amba-

249 2860 325 2892 ges‚
353 2856 391 2882 ut
413 2862 486 2883 mos
510 2852 682 2892 oraculis,
706 2858 882 2885 maturum
905 2855 1049 2887 exitium

250 2905 423 2927 ceczmsse.

255 2950 454 2982 102—123.
502 2950 641 2984 Aeneas
666 2953 765 2994 petit,
792 2958 830 2985 ut
855 2953 895 2985 ad
921 2953 1048 2987 Anchi-

439 3005 500 3027 sen
534 2997 601 3029 sihi
632 2998 733 3030 liceat
762 2998 864 3030 adire.

299 3040 371 3071 103.
413 3045 482 3072 Non
534 3050 567 3074 ut
616 3055 740 3076 novum
793 3049 940 3077 laborum
991 3053 1047 3078 aut

1110 1506 1340 1528 aerumnarum
1366 1506 1479 1535 genuS,
1506 1498 1589 1532 quod
1612 1497 1691 1526 mihi
1714 1497 1907 1535 impendeat,

1111 1552 1319 1580 cognoscam,
1354 1549 1382 1573 te
1407 1544 1491 1579 adii3
1531 1550 1605 1571 nam
1627 1543 1735 1572 omnia
1760 1543 1826 1571 iam
1846 1550 1907 1573 au-

1110 1590 1180 1618 divi
1201 1590 1267 1625 (sc.
1293 1593 1333 1618 ab
1357 1591 1477 1618 Heleno
1504 1587 1533 1623 3,
1561 1586 1625 1616 458
1648 1593 1678 1617 et
1702 1589 1850 1618 Anchise
1874 1589 1906 1627 5,

1110 1633 1196 1670 730]
1235 1640 1264 1664 et
1296 1636 1380 1670 apud
1419 1635 1562 1663 animum
1591 1641 1697 1663 meum
1729 1642 1906 1669 perpessus

1108 1688 1190 1710 sum.
1241 1682 1302 1709 Sed
1329 1689 1428 1709 unum
1452 1685 1500 1709 est
1526 1681 1609 1714 quod
1632 1683 1720 1717 peto,
1759 1684 1791 1708 ut
1814 1681 1905 1709 adire

1108 1727 1203 1755 liceat
1224 1726 1359 1755 Inferos.

1152 1778 1227 1810 105.
1255 1778 1430 1821 praecepi.
1478 1783 1513 1810 Id
1539 1782 1681 1816 explicat
1702 1782 1768 1811 Cic.
1794 1781 1849 1810 Off.
1876 1778 1904 1818 1,

1106 1824 1165 1863 23,
1191 1825 1252 1856 81:
1305 1827 1453 1864 „Ingenii
1482 1827 1593 1863 magni
1629 1831 1679 1855 est.
1718 1827 1904 1861 praecipere

1104 1873 1298 1908 cogitatione
1327 1872 1439 1901 futura
1465 1876 1494 1901 et
1522 1873 1691 1907 aliquanto
1723 1876 1798 1901 ante
1829 1880 1904 1900 con-

1104 1918 1236 1947 stituere
1261 1919 1337 1953 quid
1369 1918 1516 1947 accidere
1546 1918 1651 1953 possit
1676 1918 1711 1946 in
1735 1921 1904 1952 utramque

1106 1966 1262 1998 partem&
1311 1964 1536 1998 praecipimus
1570 1964 1658 1992 enim
1692 1971 1776 2000 rem,
1819 1970 1903 1997 quae

1104 2009 1189 2038 facta
1221 2011 1363 2038 nondum
1395 2014 1453 2038 est.
1503 2009 1558 2039 Sic
1585 2016 1637 2044 ap.
1664 2009 1758 2038 caes.
1785 2009 1849 2037 Bc.
1870 2006 1902 2046 3,
1929 2020 1932 2021 ⁷

1097 2051 1141 2082 87
1179 2063 1221 2084 ac
1251 2052 1321 2083 iam
1349 2053 1467 2083 animo
1499 2052 1680 2083 uictoriam
1708 2050 1904 2094 praecipie-

1099 2097 1192 2129 bant.
1228 2104 1259 2129 et
1283 2100 1349 2130 Cic.
1368 2101 1427 2128 Ph.
1458 2098 1508 2138 13,
1528 2098 1570 2128 20
1596 2100 1679 2129 dixit
1697 2097 1901 2140 praecipere

1098 2143 1252 2185 gaudia.

1146 2209 1220 2241 107.
1252 2210 1362 2242 Palus
1394 2213 1529 2242 efficitur
1557 2213 1740 2242 Acheronte
1780 2213 1899 2251 refuso,

1097 2259 1131 2287 in
1155 2266 1191 2287 se
1216 2259 1323 2293 ipsum
1353 2262 1546 2287 recurrente.
1592 2273 1630 2277 --
1669 2257 1801 2296 refuso.
1848 2261 1899 2289 Ita

1098 2305 1174 2333 Luc.
1197 2301 1228 2340 8,
1245 2301 1310 2331 797
1341 2301 1419 2341 Qua
1445 2306 1537 2332 terra
1561 2305 1715 2332 extrema
1741 2303 1900 2342 refusum

1101 2346 1213 2377 tendit
1242 2346 1276 2377 in
1309 2346 1504 2385 Oceanum,
1530 2356 1613 2384 quae
1643 2351 1745 2378 verba
1768 2350 1900 2386 signant

1099 2394 1208 2422 sinum
1246 2394 1474 2431 Pelusiacum,
1522 2394 1556 2422 in
1604 2403 1666 2428 quo
1709 2395 1898 2432 refringitur

1099 2446 1189 2467 mare
1221 2442 1251 2467 et
1280 2439 1457 2473 repellitur.
1506 2441 1619 2474 Itaque
1650 2441 1746 2475 palus
1785 2441 1897 2479 oritur,

1099 2484 1172 2512 inde
1206 2485 1288 2518 quod
1314 2485 1467 2513 Acheron
1498 2486 1536 2513 de
1570 2490 1654 2514 terra
1691 2486 1725 2514 in
1756 2486 1896 2516 inferum

1101 2530 1256 2558 delabens
1286 2537 1401 2558 rursus
1428 2531 1603 2559 revertitur
1631 2535 1728 2566 atque
1755 2535 1894 2568 stagnat.

1099 2575 1199 2609 Apud.
1221 2579 1365 2604 oratores
1388 2580 1473 2604 esset
1500 2577 1597 2611 palus
1623 2581 1692 2605 orta
1712 2577 1896 2607 Acheronte

1099 2620 1226 2657 refuso,
1262 2629 1365 2655 neque
1390 2622 1494 2656 quoad
1517 2622 1762 2658 grammaticam
1786 2623 1896 2652 diver-

1099 2672 1157 2694 sus
1184 2670 1231 2694 est
1257 2666 1314 2695 ille
1338 2667 1504 2695 ablativus
1524 2667 1580 2702 qui
1606 2667 1722 2697 dicitur
1740 2669 1894 2697 materiae

1099 2711 1137 2739 cf.
1160 2709 1190 2747 3,
1211 2708 1286 2739 618.
1335 2714 1411 2741 Erat
1435 2716 1543 2741 autem
1568 2713 1777 2749 „Acherusia
1796 2715 1894 2748 palus

1099 2757 1210 2785 Cumis
1235 2756 1368 2786 vicina*
1392 2758 1478 2786 Plin.
1502 2759 1539 2785 N.
1565 2759 1604 2786 H.
1628 2756 1658 2796 3,
1683 2757 1715 2796 5,
1740 2756 1770 2787 9.

1145 2822 1220 2853 109.
1247 2832 1349 2853 sacra
1375 2822 1466 2854 ostia
1489 2825 1529 2854 cf.
1554 2823 1586 2862 2,
1611 2822 1688 2853 686.

1100 2934 1110 2964 1
1145 2889 1218 2964 111ρέ
1244 2892 1297 2920 Ad
1318 2900 1386 2921 rem
1410 2892 1448 2921 cf.
1473 2890 1503 2930 2,
1524 2889 1600 2921 721.
1636 2908 1674 2912 -
1711 2891 1825 2934 recepi
1850 2895 1890 2924 cf.

1118 2957 1126 2972 ,
1179 2944 1190 2963 r
1221 2958 1228 2965 .

1142 3000 1217 3032 112.
1244 3005 1304 3033 His
1327 3007 1422 3034 rebus
1445 3005 1540 3035 factis
1564 3010 1707 3036 mutuum
1741 3006 1824 3037 inter
1853 3015 1890 3037 se

1093 3055 1236 3079 amorem
1260 3051 1333 3080 vult
1355 3052 1532 3081 ostendere.
