<?xml version="1.0" encoding="UTF-8"?>
<!DOCTYPE html PUBLIC "-//W3C//DTD XHTML 1.0 Transitional//EN"
    "http://www.w3.org/TR/xhtml1/DTD/xhtml1-transitional.dtd">
<html xmlns="http://www.w3.org/1999/xhtml" xml:lang="en" lang="en">
 <head>
  <title>
</title>
<meta http-equiv="Content-Type" content="text/html;charset=utf-8" />
  <meta name='ocr-system' content='tesseract 3.04.00' />
  <meta name='ocr-capabilities' content='ocr_page ocr_carea ocr_par ocr_line ocrx_word'/>
</head>
<body>
  <div class='ocr_page' id='page_1' title='image "aeneisvi00virguoft_0306.png"; bbox 0 0 2023 3350; ppageno 0'>
   <div class='ocr_carea' id='block_1_1' title="bbox 240 126 324 166">
    <p class='ocr_par' dir='ltr' id='par_1_1' title="bbox 240 126 324 166">
     <span class='ocr_line' id='line_1_1' title="bbox 240 126 324 166; baseline -0.012 0"><span class='ocrx_word' id='word_1_1' title='bbox 240 126 324 166; x_wconf 82' lang='lat'>280</span> 
     </span>
    </p>
   </div>
   <div class='ocr_carea' id='block_1_2' title="bbox 782 123 1305 170">
    <p class='ocr_par' dir='ltr' id='par_1_2' title="bbox 782 123 1305 170">
     <span class='ocr_line' id='line_1_2' title="bbox 782 123 1305 170; baseline 0.006 -15"><span class='ocrx_word' id='word_1_2' title='bbox 782 125 843 170; x_wconf 69' lang='grc' dir='ltr'>ιΡ.</span> <span class='ocrx_word' id='word_1_3' title='bbox 870 123 1067 157; x_wconf 83' lang='lat' dir='ltr'>VIRGILII</span> <span class='ocrx_word' id='word_1_4' title='bbox 1091 124 1305 158; x_wconf 78' lang='lat' dir='ltr'>MARONIS</span> 
     </span>
    </p>
   </div>
   <div class='ocr_carea' id='block_1_3' title="bbox 239 235 1530 462">
    <p class='ocr_par' dir='ltr' id='par_1_3' title="bbox 239 235 1250 291">
     <span class='ocr_line' id='line_1_3' title="bbox 239 235 1250 291; baseline 0.002 -12"><span class='ocrx_word' id='word_1_5' title='bbox 239 238 470 291; x_wconf 77' lang='lat' dir='ltr'>Vipereum</span> <span class='ocrx_word' id='word_1_6' title='bbox 505 235 663 277; x_wconf 88' lang='lat' dir='ltr'>crinem</span> <span class='ocrx_word' id='word_1_7' title='bbox 698 236 816 278; x_wconf 87' lang='lat' dir='ltr'>vittis</span> <span class='ocrx_word' id='word_1_8' title='bbox 851 236 1010 279; x_wconf 84' lang='lat' dir='ltr'>innexa</span> <span class='ocrx_word' id='word_1_9' title='bbox 1050 240 1250 281; x_wconf 85' lang='lat' dir='ltr'>cruentis.</span> 
     </span>
    </p>

    <p class='ocr_par' dir='ltr' id='par_1_4' title="bbox 239 292 1530 462">
     <span class='ocr_line' id='line_1_4' title="bbox 355 292 1457 351; baseline 0.005 -17"><span class='ocrx_word' id='word_1_10' title='bbox 355 293 405 334; x_wconf 89' lang='lat' dir='ltr'>In</span> <span class='ocrx_word' id='word_1_11' title='bbox 438 292 579 333; x_wconf 85' lang='lat' dir='ltr'>medio</span> <span class='ocrx_word' id='word_1_12' title='bbox 616 307 761 335; x_wconf 87' lang='lat' dir='ltr'>ramos</span> <span class='ocrx_word' id='word_1_13' title='bbox 803 307 1054 347; x_wconf 81' lang='lat' dir='ltr'>annosaque</span> <span class='ocrx_word' id='word_1_14' title='bbox 1085 295 1266 338; x_wconf 85' lang='lat' dir='ltr'>brachia</span> <span class='ocrx_word' id='word_1_15' title='bbox 1303 297 1457 351; x_wconf 86' lang='lat' dir='ltr'>pandit</span> 
     </span>
     <span class='ocr_line' id='line_1_5' title="bbox 239 350 1530 408; baseline 0.003 -15"><span class='ocrx_word' id='word_1_16' title='bbox 239 352 390 394; x_wconf 86' lang='lat' dir='ltr'>Ulmus</span> <span class='ocrx_word' id='word_1_17' title='bbox 429 356 584 403; x_wconf 81' lang='lat' dir='ltr'>opaca,</span> <span class='ocrx_word' id='word_1_18' title='bbox 628 350 794 404; x_wconf 84' lang='lat' dir='ltr'>ingens,</span> <span class='ocrx_word' id='word_1_19' title='bbox 839 365 969 405; x_wconf 86' lang='lat' dir='ltr'>quam</span> <span class='ocrx_word' id='word_1_20' title='bbox 1009 352 1153 395; x_wconf 86' lang='lat' dir='ltr'>sedem</span> <span class='ocrx_word' id='word_1_21' title='bbox 1190 354 1363 397; x_wconf 82' lang='lat' dir='ltr'>Somnia</span> <span class='ocrx_word' id='word_1_22' title='bbox 1402 355 1530 408; x_wconf 82' lang='lat' dir='ltr'>vulgo</span> 
     </span>
     <span class='ocr_line' id='line_1_6' title="bbox 239 407 1530 462; baseline 0.005 -13"><span class='ocrx_word' id='word_1_23' title='bbox 239 409 364 450; x_wconf 83' lang='lat' dir='ltr'>Vana</span> <span class='ocrx_word' id='word_1_24' title='bbox 394 411 542 449; x_wconf 86' lang='lat' dir='ltr'>tenere</span> <span class='ocrx_word' id='word_1_25' title='bbox 580 407 726 449; x_wconf 85' lang='lat' dir='ltr'>ferunt</span> <span class='ocrx_word' id='word_1_26' title='bbox 763 408 964 462; x_wconf 84' lang='lat' dir='ltr'>foliisque</span> <span class='ocrx_word' id='word_1_27' title='bbox 994 409 1072 452; x_wconf 88' lang='lat' dir='ltr'>sub</span> <span class='ocrx_word' id='word_1_28' title='bbox 1105 411 1301 454; x_wconf 88' lang='lat' dir='ltr'>omnibus</span> <span class='ocrx_word' id='word_1_29' title='bbox 1336 413 1530 455; x_wconf 83' lang='lat' dir='ltr'>haerent.</span> 
     </span>
    </p>
   </div>
   <div class='ocr_carea' id='block_1_4' title="bbox 240 466 1461 522">
    <p class='ocr_par' dir='ltr' id='par_1_5' title="bbox 240 466 1461 522">
     <span class='ocr_line' id='line_1_7' title="bbox 240 466 1461 522; baseline 0.005 -16"><span class='ocrx_word' id='word_1_30' title='bbox 240 466 465 518; x_wconf 85' lang='lat' dir='ltr'>Multaque</span> <span class='ocrx_word' id='word_1_31' title='bbox 501 469 730 518; x_wconf 86' lang='lat' dir='ltr'>praeterea</span> <span class='ocrx_word' id='word_1_32' title='bbox 770 466 988 508; x_wconf 88' lang='lat' dir='ltr'>variarum</span> <span class='ocrx_word' id='word_1_33' title='bbox 1025 471 1221 510; x_wconf 85' lang='lat' dir='ltr'>monstra</span> <span class='ocrx_word' id='word_1_34' title='bbox 1259 470 1461 522; x_wconf 84' lang='lat' dir='ltr'>ferarum,</span> 
     </span>
    </p>
   </div>
   <div class='ocr_carea' id='block_1_5' title="bbox 240 522 1639 755">
    <p class='ocr_par' dir='ltr' id='par_1_6' title="bbox 240 522 1639 755">
     <span class='ocr_line' id='line_1_8' title="bbox 242 522 1564 580; baseline 0.004 -15"><span class='ocrx_word' id='word_1_35' title='bbox 242 523 445 565; x_wconf 78' lang='lat' dir='ltr'>Centauri</span> <span class='ocrx_word' id='word_1_36' title='bbox 479 522 525 563; x_wconf 89' lang='lat' dir='ltr'>in</span> <span class='ocrx_word' id='word_1_37' title='bbox 560 522 725 565; x_wconf 85' lang='lat' dir='ltr'>foribus</span> <span class='ocrx_word' id='word_1_38' title='bbox 768 523 1008 576; x_wconf 74' lang='lat' dir='ltr'>stabulant,</span> <span class='ocrx_word' id='word_1_39' title='bbox 1055 525 1309 580; x_wconf 80' lang='lat' dir='ltr'>Scyllaeque</span> <span class='ocrx_word' id='word_1_40' title='bbox 1346 527 1564 580; x_wconf 84' lang='lat' dir='ltr'>biformes,</span> 
     </span>
     <span class='ocr_line' id='line_1_9' title="bbox 240 581 1431 636; baseline 0.006 -16"><span class='ocrx_word' id='word_1_41' title='bbox 240 581 297 622; x_wconf 88' lang='lat' dir='ltr'>Et</span> <span class='ocrx_word' id='word_1_42' title='bbox 332 581 699 633; x_wconf 80' lang='lat' dir='ltr'>centumgeminus</span> <span class='ocrx_word' id='word_1_43' title='bbox 735 582 960 634; x_wconf 86' lang='lat' dir='ltr'>Briareus,</span> <span class='ocrx_word' id='word_1_44' title='bbox 1004 596 1055 624; x_wconf 91' lang='lat' dir='ltr'>ac</span> <span class='ocrx_word' id='word_1_45' title='bbox 1090 583 1219 626; x_wconf 86' lang='lat' dir='ltr'>belua</span> <span class='ocrx_word' id='word_1_46' title='bbox 1254 585 1431 636; x_wconf 80' lang='lat' dir='ltr'>Lernae,</span> 
     </span>
     <span class='ocr_line' id='line_1_10' title="bbox 240 638 1574 694; baseline 0.004 -16"><span class='ocrx_word' id='word_1_47' title='bbox 240 638 515 679; x_wconf 84' lang='lat' dir='ltr'>Horrendum</span> <span class='ocrx_word' id='word_1_48' title='bbox 554 638 764 690; x_wconf 86' lang='lat' dir='ltr'>stridens,</span> <span class='ocrx_word' id='word_1_49' title='bbox 811 638 1082 694; x_wconf 87' lang='lat' dir='ltr'>flammisque</span> <span class='ocrx_word' id='word_1_50' title='bbox 1119 645 1290 683; x_wconf 85' lang='lat' dir='ltr'>armata</span> <span class='ocrx_word' id='word_1_51' title='bbox 1324 642 1574 694; x_wconf 83' lang='lat' dir='ltr'>Chimaera3</span> 
     </span>
     <span class='ocr_line' id='line_1_11' title="bbox 241 695 1639 755; baseline 0.003 -19"><span class='ocrx_word' id='word_1_52' title='bbox 241 695 482 749; x_wconf 76' lang='lat' dir='ltr'>Gorgones,</span> <span class='ocrx_word' id='word_1_53' title='bbox 527 695 851 751; x_wconf 82' lang='lat' dir='ltr'>Harpyiaeque,</span> <span class='ocrx_word' id='word_1_54' title='bbox 901 701 944 740; x_wconf 87' lang='lat' dir='ltr'>et</span> <span class='ocrx_word' id='word_1_55' title='bbox 978 698 1120 741; x_wconf 84' lang='lat' dir='ltr'>forma</span> <span class='ocrx_word' id='word_1_56' title='bbox 1156 700 1413 755; x_wconf 85' lang='lat' dir='ltr'>tricorporis</span> <span class='ocrx_word' id='word_1_57' title='bbox 1450 700 1639 742; x_wconf 85' lang='lat' dir='ltr'>umbrae.</span> 
     </span>
    </p>
   </div>
   <div class='ocr_carea' id='block_1_6' title="bbox 241 883 1043 1096">
    <p class='ocr_par' dir='ltr' id='par_1_7' title="bbox 241 883 1043 1096">
     <span class='ocr_line' id='line_1_12' title="bbox 241 883 1040 922; baseline 0.005 -9"><span class='ocrx_word' id='word_1_58' title='bbox 241 883 343 919; x_wconf 75' lang='lat' dir='ltr'>gendo</span> <span class='ocrx_word' id='word_1_59' title='bbox 373 883 494 913; x_wconf 84' lang='lat' dir='ltr'>adimat</span> <span class='ocrx_word' id='word_1_60' title='bbox 524 886 741 922; x_wconf 79' lang='lat' dir='ltr'>voluptaten13</span> <span class='ocrx_word' id='word_1_61' title='bbox 773 891 910 922; x_wconf 78' lang='lat' dir='ltr'>possunt</span> <span class='ocrx_word' id='word_1_62' title='bbox 944 887 1040 917; x_wconf 84' lang='lat' dir='ltr'>etiam</span> 
     </span>
     <span class='ocr_line' id='line_1_13' title="bbox 241 928 1041 968; baseline 0.006 -11"><span class='ocrx_word' id='word_1_63' title='bbox 241 935 274 958; x_wconf 91' lang='lat' dir='ltr'>ut</span> <span class='ocrx_word' id='word_1_64' title='bbox 301 930 436 959; x_wconf 81' lang='lat' dir='ltr'>munina</span> <span class='ocrx_word' id='word_1_65' title='bbox 460 931 606 960; x_wconf 75' lang='lat' dir='ltr'>celeriter</span> <span class='ocrx_word' id='word_1_66' title='bbox 631 933 738 961; x_wconf 89' lang='lat' dir='ltr'>locum</span> <span class='ocrx_word' id='word_1_67' title='bbox 764 937 898 962; x_wconf 85' lang='lat' dir='ltr'>mutare.</span> <span class='ocrx_word' id='word_1_68' title='bbox 939 928 988 962; x_wconf 78' lang='lat' dir='ltr'>Cf.</span> <span class='ocrx_word' id='word_1_69' title='bbox 1008 931 1041 968; x_wconf 69' lang='lat'>7.</span> 
     </span>
     <span class='ocr_line' id='line_1_14' title="bbox 242 972 1043 1016; baseline 0.009 -14"><span class='ocrx_word' id='word_1_70' title='bbox 242 972 317 1003; x_wconf 83' lang='lat'>331.</span> <span class='ocrx_word' id='word_1_71' title='bbox 342 991 379 995; x_wconf 84' lang='lat'>—</span> <span class='ocrx_word' id='word_1_72' title='bbox 408 973 593 1005; x_wconf 81' lang='lat' dir='ltr'>Discordia</span> <span class='ocrx_word' id='word_1_73' title='bbox 613 975 765 1013; x_wconf 73' lang='lat' dir='ltr'>demens,</span> <span class='ocrx_word' id='word_1_74' title='bbox 784 980 892 1014; x_wconf 69' lang='lat' dir='ltr'>(unalis</span> <span class='ocrx_word' id='word_1_75' title='bbox 914 980 1043 1016; x_wconf 75' lang='lat' dir='ltr'>cognita</span> 
     </span>
     <span class='ocr_line' id='line_1_15' title="bbox 241 1021 1042 1060; baseline 0.007 -12"><span class='ocrx_word' id='word_1_76' title='bbox 241 1025 310 1049; x_wconf 90' lang='lat' dir='ltr'>erat</span> <span class='ocrx_word' id='word_1_77' title='bbox 334 1021 430 1050; x_wconf 86' lang='lat' dir='ltr'>bellis</span> <span class='ocrx_word' id='word_1_78' title='bbox 461 1022 628 1060; x_wconf 85' lang='lat' dir='ltr'>civilibus,</span> <span class='ocrx_word' id='word_1_79' title='bbox 656 1031 676 1052; x_wconf 86' lang='lat' dir='ltr'>a</span> <span class='ocrx_word' id='word_1_80' title='bbox 699 1024 817 1059; x_wconf 85' lang='lat' dir='ltr'>quibus</span> <span class='ocrx_word' id='word_1_81' title='bbox 843 1026 1042 1054; x_wconf 78' lang='lat' dir='ltr'>renovandis</span> 
     </span>
     <span class='ocr_line' id='line_1_16' title="bbox 242 1068 502 1096; baseline 0.004 -1"><span class='ocrx_word' id='word_1_82' title='bbox 242 1069 313 1095; x_wconf 80' lang='lat' dir='ltr'>vult</span> <span class='ocrx_word' id='word_1_83' title='bbox 336 1068 502 1096; x_wconf 81' lang='lat' dir='ltr'>deterrere.</span> 
     </span>
    </p>
   </div>
   <div class='ocr_carea' id='block_1_7' title="bbox 241 1122 1048 1254">
    <p class='ocr_par' dir='ltr' id='par_1_8' title="bbox 241 1122 1048 1254">
     <span class='ocr_line' id='line_1_17' title="bbox 289 1122 1043 1158; baseline 0.008 -6"><span class='ocrx_word' id='word_1_84' title='bbox 289 1122 365 1153; x_wconf 81' lang='grc'>281.</span> <span class='ocrx_word' id='word_1_85' title='bbox 393 1125 466 1154; x_wconf 90' lang='lat' dir='ltr'>Orci</span> <span class='ocrx_word' id='word_1_86' title='bbox 497 1126 620 1155; x_wconf 88' lang='lat' dir='ltr'>aditum</span> <span class='ocrx_word' id='word_1_87' title='bbox 653 1128 754 1156; x_wconf 88' lang='lat' dir='ltr'>simili</span> <span class='ocrx_word' id='word_1_88' title='bbox 789 1130 882 1157; x_wconf 85' lang='lat' dir='ltr'>modo</span> <span class='ocrx_word' id='word_1_89' title='bbox 921 1128 1043 1158; x_wconf 88' lang='lat' dir='ltr'>descri-</span> 
     </span>
     <span class='ocr_line' id='line_1_18' title="bbox 241 1171 1048 1212; baseline 0.005 -15"><span class='ocrx_word' id='word_1_90' title='bbox 241 1172 319 1198; x_wconf 85' lang='lat' dir='ltr'>bunt</span> <span class='ocrx_word' id='word_1_91' title='bbox 349 1172 422 1199; x_wconf 86' lang='lat' dir='ltr'>Seu.</span> <span class='ocrx_word' id='word_1_92' title='bbox 451 1172 526 1200; x_wconf 85' lang='lat' dir='ltr'>Her.</span> <span class='ocrx_word' id='word_1_93' title='bbox 555 1173 628 1201; x_wconf 87' lang='lat' dir='ltr'>Fur.</span> <span class='ocrx_word' id='word_1_94' title='bbox 664 1171 739 1202; x_wconf 79' lang='grc'>689.</span> <span class='ocrx_word' id='word_1_95' title='bbox 782 1175 840 1203; x_wconf 86' lang='lat' dir='ltr'>Sil.</span> <span class='ocrx_word' id='word_1_96' title='bbox 884 1172 938 1212; x_wconf 90' lang='grc'>13,</span> <span class='ocrx_word' id='word_1_97' title='bbox 965 1172 1048 1206; x_wconf 47' lang='lat'>5791</span> 
     </span>
     <span class='ocr_line' id='line_1_19' title="bbox 243 1214 651 1254; baseline 0.007 -11"><span class='ocrx_word' id='word_1_98' title='bbox 243 1216 356 1244; x_wconf 83' lang='lat' dir='ltr'>Claud.</span> <span class='ocrx_word' id='word_1_99' title='bbox 385 1216 417 1244; x_wconf 90' lang='lat' dir='ltr'>in</span> <span class='ocrx_word' id='word_1_100' title='bbox 444 1217 518 1245; x_wconf 80' lang='lat' dir='ltr'>Rus.</span> <span class='ocrx_word' id='word_1_101' title='bbox 544 1214 573 1254; x_wconf 87' lang='lat'>1,</span> <span class='ocrx_word' id='word_1_102' title='bbox 598 1216 651 1246; x_wconf 79' lang='lat'>29.</span> 
     </span>
    </p>
   </div>
   <div class='ocr_carea' id='block_1_8' title="bbox 290 1304 951 1396">
    <p class='ocr_par' dir='ltr' id='par_1_9' title="bbox 290 1304 951 1396">
     <span class='ocr_line' id='line_1_20' title="bbox 334 1304 951 1339; baseline 0.005 -3"><span class='ocrx_word' id='word_1_103' title='bbox 334 1304 399 1336; x_wconf 71' lang='lat'>252</span> <span class='ocrx_word' id='word_1_104' title='bbox 419 1305 557 1338; x_wconf 78' lang='lat'>-294,</span> <span class='ocrx_word' id='word_1_105' title='bbox 614 1305 694 1339; x_wconf 90' lang='lat' dir='ltr'>Orci</span> <span class='ocrx_word' id='word_1_106' title='bbox 723 1306 951 1339; x_wconf 78' lang='lat' dir='ltr'>vestibulum.</span> 
     </span>
     <span class='ocr_line' id='line_1_21' title="bbox 290 1360 832 1396; baseline 0.009 -5"><span class='ocrx_word' id='word_1_107' title='bbox 290 1360 366 1393; x_wconf 85' lang='lat'>282.</span> <span class='ocrx_word' id='word_1_108' title='bbox 392 1360 427 1393; x_wconf 85' lang='lat' dir='ltr'>in</span> <span class='ocrx_word' id='word_1_109' title='bbox 448 1363 562 1395; x_wconf 81' lang='lat' dir='ltr'>medic</span> <span class='ocrx_word' id='word_1_110' title='bbox 587 1375 632 1396; x_wconf 80' lang='lat' dir='ltr'>sc.</span> <span class='ocrx_word' id='word_1_111' title='bbox 659 1367 832 1396; x_wconf 86' lang='lat' dir='ltr'>vestibulo.</span> 
     </span>
    </p>
   </div>
   <div class='ocr_carea' id='block_1_9' title="bbox 242 1418 1045 1647">
    <p class='ocr_par' dir='ltr' id='par_1_10' title="bbox 242 1418 1045 1647">
     <span class='ocr_line' id='line_1_22' title="bbox 289 1418 1044 1461; baseline 0.005 -13"><span class='ocrx_word' id='word_1_112' title='bbox 289 1418 365 1450; x_wconf 76' lang='lat'>283.</span> <span class='ocrx_word' id='word_1_113' title='bbox 400 1419 537 1452; x_wconf 85' lang='lat' dir='ltr'>Ulmum</span> <span class='ocrx_word' id='word_1_114' title='bbox 565 1425 630 1453; x_wconf 87' lang='lat' dir='ltr'>sibi</span> <span class='ocrx_word' id='word_1_115' title='bbox 647 1424 784 1454; x_wconf 84' lang='lat' dir='ltr'>finxisse</span> <span class='ocrx_word' id='word_1_116' title='bbox 807 1425 881 1461; x_wconf 70' lang='lat' dir='ltr'>Vgl.</span> <span class='ocrx_word' id='word_1_117' title='bbox 906 1423 1044 1459; x_wconf 76' lang='lat' dir='ltr'>videtur,</span> 
     </span>
     <span class='ocr_line' id='line_1_23' title="bbox 243 1468 1045 1506; baseline 0.004 -11"><span class='ocrx_word' id='word_1_118' title='bbox 243 1468 327 1501; x_wconf 87' lang='lat' dir='ltr'>quod</span> <span class='ocrx_word' id='word_1_119' title='bbox 373 1469 497 1497; x_wconf 85' lang='lat' dir='ltr'>sterilis</span> <span class='ocrx_word' id='word_1_120' title='bbox 544 1475 593 1499; x_wconf 83' lang='lat' dir='ltr'>est</span> <span class='ocrx_word' id='word_1_121' title='bbox 639 1474 668 1499; x_wconf 87' lang='lat' dir='ltr'>et</span> <span class='ocrx_word' id='word_1_122' title='bbox 709 1472 881 1500; x_wconf 89' lang='lat' dir='ltr'>multorum</span> <span class='ocrx_word' id='word_1_123' title='bbox 924 1470 1045 1506; x_wconf 82' lang='lat' dir='ltr'>gavisa</span> 
     </span>
     <span class='ocr_line' id='line_1_24' title="bbox 242 1515 1045 1554; baseline 0.005 -14"><span class='ocrx_word' id='word_1_124' title='bbox 242 1520 344 1541; x_wconf 78' lang='lat' dir='ltr'>verno</span> <span class='ocrx_word' id='word_1_125' title='bbox 370 1518 510 1549; x_wconf 87' lang='lat' dir='ltr'>tempore</span> <span class='ocrx_word' id='word_1_126' title='bbox 532 1515 643 1545; x_wconf 85' lang='lat' dir='ltr'>florum</span> <span class='ocrx_word' id='word_1_127' title='bbox 667 1517 777 1554; x_wconf 86' lang='lat' dir='ltr'>copia,</span> <span class='ocrx_word' id='word_1_128' title='bbox 804 1523 925 1551; x_wconf 85' lang='lat' dir='ltr'>paucos</span> <span class='ocrx_word' id='word_1_129' title='bbox 950 1517 1045 1544; x_wconf 85' lang='lat' dir='ltr'>habet</span> 
     </span>
     <span class='ocr_line' id='line_1_25' title="bbox 242 1557 1045 1602; baseline 0.005 -16"><span class='ocrx_word' id='word_1_130' title='bbox 242 1557 366 1588; x_wconf 82' lang='lat' dir='ltr'>tructus</span> <span class='ocrx_word' id='word_1_131' title='bbox 391 1565 573 1591; x_wconf 87' lang='lat' dir='ltr'>auctumno.</span> <span class='ocrx_word' id='word_1_132' title='bbox 603 1577 641 1581; x_wconf 91' lang='lat'>—</span> <span class='ocrx_word' id='word_1_133' title='bbox 667 1559 777 1602; x_wconf 76' lang='lat' dir='ltr'>vulgo</span> <span class='ocrx_word' id='word_1_134' title='bbox 804 1562 962 1599; x_wconf 79' lang='lat' dir='ltr'>„passim,</span> <span class='ocrx_word' id='word_1_135' title='bbox 989 1569 1045 1591; x_wconf 86' lang='lat' dir='ltr'>ca-</span> 
     </span>
     <span class='ocr_line' id='line_1_26' title="bbox 242 1604 1045 1647; baseline 0.005 -15"><span class='ocrx_word' id='word_1_136' title='bbox 242 1604 428 1634; x_wconf 78' lang='lat' dir='ltr'>tervatim.‘&#39;·</span> <span class='ocrx_word' id='word_1_137' title='bbox 455 1608 487 1635; x_wconf 90' lang='lat' dir='ltr'>S.</span> <span class='ocrx_word' id='word_1_138' title='bbox 516 1607 555 1636; x_wconf 84' lang='lat' dir='ltr'>cf.</span> <span class='ocrx_word' id='word_1_139' title='bbox 583 1606 612 1644; x_wconf 84' lang='lat'>3,</span> <span class='ocrx_word' id='word_1_140' title='bbox 637 1605 713 1636; x_wconf 79' lang='lat'>643.</span> <span class='ocrx_word' id='word_1_141' title='bbox 750 1623 788 1627; x_wconf 93' lang='lat'>—</span> <span class='ocrx_word' id='word_1_142' title='bbox 819 1605 946 1647; x_wconf 81' lang='lat' dir='ltr'>ingens</span> <span class='ocrx_word' id='word_1_143' title='bbox 971 1614 1045 1636; x_wconf 88' lang='lat' dir='ltr'>sae-</span> 
     </span>
    </p>
   </div>
   <div class='ocr_carea' id='block_1_10' title="bbox 242 1650 1044 1737">
    <p class='ocr_par' dir='ltr' id='par_1_11' title="bbox 242 1650 1044 1737">
     <span class='ocr_line' id='line_1_27' title="bbox 242 1650 1044 1684; baseline 0.005 -6"><span class='ocrx_word' id='word_1_144' title='bbox 242 1650 318 1684; x_wconf 81' lang='lat' dir='ltr'>pius</span> <span class='ocrx_word' id='word_1_145' title='bbox 351 1652 452 1680; x_wconf 88' lang='lat' dir='ltr'>altero</span> <span class='ocrx_word' id='word_1_146' title='bbox 483 1654 553 1682; x_wconf 86' lang='lat' dir='ltr'>loco</span> <span class='ocrx_word' id='word_1_147' title='bbox 588 1654 733 1682; x_wconf 88' lang='lat' dir='ltr'>additum</span> <span class='ocrx_word' id='word_1_148' title='bbox 768 1654 967 1682; x_wconf 83' lang='lat' dir='ltr'>adiectivum</span> <span class='ocrx_word' id='word_1_149' title='bbox 1004 1653 1044 1683; x_wconf 87' lang='lat' dir='ltr'>cf.</span> 
     </span>
     <span class='ocr_line' id='line_1_28' title="bbox 242 1695 860 1737; baseline 0.006 -14"><span class='ocrx_word' id='word_1_150' title='bbox 242 1703 275 1724; x_wconf 87' lang='lat' dir='ltr'>v.</span> <span class='ocrx_word' id='word_1_151' title='bbox 302 1695 380 1725; x_wconf 80' lang='lat'>552.</span> <span class='ocrx_word' id='word_1_152' title='bbox 406 1695 434 1725; x_wconf 90' lang='grc'>3.</span> <span class='ocrx_word' id='word_1_153' title='bbox 463 1695 539 1727; x_wconf 75' lang='grc'>619.</span> <span class='ocrx_word' id='word_1_154' title='bbox 567 1696 598 1737; x_wconf 91' lang='grc'>7,</span> <span class='ocrx_word' id='word_1_155' title='bbox 627 1697 700 1727; x_wconf 83' lang='grc'>170.</span> <span class='ocrx_word' id='word_1_156' title='bbox 725 1696 757 1736; x_wconf 85' lang='grc'>8,</span> <span class='ocrx_word' id='word_1_157' title='bbox 783 1697 860 1727; x_wconf 82' lang='lat'>622.</span> 
     </span>
    </p>
   </div>
   <div class='ocr_carea' id='block_1_11' title="bbox 238 1751 1047 2994">
    <p class='ocr_par' dir='ltr' id='par_1_12' title="bbox 241 1751 1047 2529">
     <span class='ocr_line' id='line_1_29' title="bbox 289 1751 1045 1793; baseline 0.003 -12"><span class='ocrx_word' id='word_1_158' title='bbox 289 1751 366 1783; x_wconf 72' lang='lat'>284.</span> <span class='ocrx_word' id='word_1_159' title='bbox 392 1751 575 1793; x_wconf 73' lang='lat' dir='ltr'>foliisque.-</span> <span class='ocrx_word' id='word_1_160' title='bbox 606 1756 652 1784; x_wconf 92' lang='lat' dir='ltr'>De</span> <span class='ocrx_word' id='word_1_161' title='bbox 672 1758 734 1785; x_wconf 87' lang='lat' dir='ltr'>hac</span> <span class='ocrx_word' id='word_1_162' title='bbox 758 1756 908 1785; x_wconf 84' lang='lat' dir='ltr'>iunctura</span> <span class='ocrx_word' id='word_1_163' title='bbox 925 1755 964 1785; x_wconf 83' lang='lat' dir='ltr'>cf.</span> <span class='ocrx_word' id='word_1_164' title='bbox 993 1753 1045 1792; x_wconf 80' lang='lat'>12,</span> 
     </span>
     <span class='ocr_line' id='line_1_30' title="bbox 243 1796 1046 1836; baseline 0.005 -10"><span class='ocrx_word' id='word_1_165' title='bbox 243 1796 319 1828; x_wconf 80' lang='lat'>944.</span> <span class='ocrx_word' id='word_1_166' title='bbox 355 1815 393 1820; x_wconf 91' lang='lat'>—-</span> <span class='ocrx_word' id='word_1_167' title='bbox 428 1799 567 1835; x_wconf 62' lang='lat' dir='ltr'>ferum,-</span> <span class='ocrx_word' id='word_1_168' title='bbox 597 1810 701 1836; x_wconf 82' lang='lat' dir='ltr'>neque</span> <span class='ocrx_word' id='word_1_169' title='bbox 730 1802 817 1830; x_wconf 90' lang='lat' dir='ltr'>enim</span> <span class='ocrx_word' id='word_1_170' title='bbox 840 1805 924 1830; x_wconf 88' lang='lat' dir='ltr'>certo</span> <span class='ocrx_word' id='word_1_171' title='bbox 948 1808 988 1830; x_wconf 89' lang='lat' dir='ltr'>ea</span> <span class='ocrx_word' id='word_1_172' title='bbox 1011 1809 1046 1830; x_wconf 86' lang='lat' dir='ltr'>se</span> 
     </span>
     <span class='ocr_line' id='line_1_31' title="bbox 242 1844 1044 1882; baseline 0 -8"><span class='ocrx_word' id='word_1_173' title='bbox 242 1846 326 1875; x_wconf 87' lang='lat' dir='ltr'>scire</span> <span class='ocrx_word' id='word_1_174' title='bbox 352 1846 458 1875; x_wconf 79' lang='lat' dir='ltr'>debuit</span> <span class='ocrx_word' id='word_1_175' title='bbox 484 1851 578 1880; x_wconf 86' lang='lat' dir='ltr'>poeta</span> <span class='ocrx_word' id='word_1_176' title='bbox 607 1847 817 1882; x_wconf 83' lang='lat' dir='ltr'>pronuntiare</span> <span class='ocrx_word' id='word_1_177' title='bbox 843 1847 881 1876; x_wconf 83' lang='lat' dir='ltr'>cf.</span> <span class='ocrx_word' id='word_1_178' title='bbox 908 1855 940 1875; x_wconf 89' lang='lat' dir='ltr'>v.</span> <span class='ocrx_word' id='word_1_179' title='bbox 968 1844 1044 1875; x_wconf 73' lang='lat'>26⁴.</span> 
     </span>
     <span class='ocr_line' id='line_1_32' title="bbox 242 1888 1045 1928; baseline 0.002 -9"><span class='ocrx_word' id='word_1_180' title='bbox 242 1896 273 1920; x_wconf 84' lang='lat' dir='ltr'>et</span> <span class='ocrx_word' id='word_1_181' title='bbox 300 1888 328 1928; x_wconf 88' lang='lat' dir='ltr'>l,</span> <span class='ocrx_word' id='word_1_182' title='bbox 354 1890 403 1921; x_wconf 78' lang='lat'>15.</span> <span class='ocrx_word' id='word_1_183' title='bbox 453 1892 546 1921; x_wconf 86' lang='lat' dir='ltr'>Infra</span> <span class='ocrx_word' id='word_1_184' title='bbox 568 1897 686 1922; x_wconf 88' lang='lat' dir='ltr'>terram</span> <span class='ocrx_word' id='word_1_185' title='bbox 710 1893 838 1922; x_wconf 86' lang='lat' dir='ltr'>somnia</span> <span class='ocrx_word' id='word_1_186' title='bbox 863 1900 937 1921; x_wconf 84' lang='lat' dir='ltr'>esse</span> <span class='ocrx_word' id='word_1_187' title='bbox 959 1900 1045 1922; x_wconf 91' lang='lat' dir='ltr'>com-</span> 
     </span>
     <span class='ocr_line' id='line_1_33' title="bbox 242 1931 1047 1972; baseline 0 -6"><span class='ocrx_word' id='word_1_188' title='bbox 242 1938 352 1967; x_wconf 89' lang='lat' dir='ltr'>munis</span> <span class='ocrx_word' id='word_1_189' title='bbox 376 1944 445 1968; x_wconf 88' lang='lat' dir='ltr'>erat</span> <span class='ocrx_word' id='word_1_190' title='bbox 469 1939 578 1972; x_wconf 85' lang='lat' dir='ltr'>opinio</span> <span class='ocrx_word' id='word_1_191' title='bbox 605 1939 644 1968; x_wconf 82' lang='lat' dir='ltr'>cf.</span> <span class='ocrx_word' id='word_1_192' title='bbox 669 1941 744 1968; x_wconf 88' lang='lat' dir='ltr'>Eur.</span> <span class='ocrx_word' id='word_1_193' title='bbox 768 1940 843 1968; x_wconf 82' lang='lat' dir='ltr'>Hec.</span> <span class='ocrx_word' id='word_1_194' title='bbox 863 1935 902 1966; x_wconf 83' lang='lat'>71</span> <span class='ocrx_word' id='word_1_195' title='bbox 928 1931 1047 1967; x_wconf 75' lang='grc' dir='ltr'><em>Χθὼν</em></span> 
     </span>
     <span class='ocr_line' id='line_1_34' title="bbox 241 1977 1044 2023; baseline 0 -12"><span class='ocrx_word' id='word_1_196' title='bbox 241 1977 569 2022; x_wconf 78' lang='grc' dir='ltr'><em>μελανοπτερύγων</em></span> <span class='ocrx_word' id='word_1_197' title='bbox 608 1981 722 2023; x_wconf 59' lang='grc' dir='ltr'><em>μᾶτερ</em></span> <span class='ocrx_word' id='word_1_198' title='bbox 764 1977 927 2021; x_wconf 78' lang='grc' dir='ltr'>ὀνείρων.</span> <span class='ocrx_word' id='word_1_199' title='bbox 975 1984 1044 2012; x_wconf 84' lang='lat' dir='ltr'>Tib.</span> 
     </span>
     <span class='ocr_line' id='line_1_35' title="bbox 244 2026 1046 2070; baseline 0 -13"><span class='ocrx_word' id='word_1_200' title='bbox 244 2026 275 2067; x_wconf 77' lang='grc'>2,</span> <span class='ocrx_word' id='word_1_201' title='bbox 298 2028 328 2066; x_wconf 90' lang='grc'>6,</span> <span class='ocrx_word' id='word_1_202' title='bbox 355 2028 396 2058; x_wconf 89' lang='grc'>37</span> <span class='ocrx_word' id='word_1_203' title='bbox 420 2038 464 2059; x_wconf 83' lang='lat' dir='ltr'>ne</span> <span class='ocrx_word' id='word_1_204' title='bbox 500 2027 563 2059; x_wconf 85' lang='lat' dir='ltr'>tibi</span> <span class='ocrx_word' id='word_1_205' title='bbox 596 2027 752 2070; x_wconf 79' lang='lat' dir='ltr'>neglecti</span> <span class='ocrx_word' id='word_1_206' title='bbox 781 2027 924 2058; x_wconf 82' lang='lat' dir='ltr'>mittant</span> <span class='ocrx_word' id='word_1_207' title='bbox 954 2037 1046 2058; x_wconf 81' lang='lat' dir='ltr'>nova</span> 
     </span>
     <span class='ocr_line' id='line_1_36' title="bbox 244 2072 1044 2111; baseline 0 -8"><span class='ocrx_word' id='word_1_208' title='bbox 244 2072 380 2104; x_wconf 82' lang='lat' dir='ltr'>somnia</span> <span class='ocrx_word' id='word_1_209' title='bbox 411 2073 543 2105; x_wconf 79' lang='lat' dir='ltr'>Manes.</span> <span class='ocrx_word' id='word_1_210' title='bbox 593 2077 683 2111; x_wconf 87' lang='lat' dir='ltr'>Quod</span> <span class='ocrx_word' id='word_1_211' title='bbox 708 2083 798 2105; x_wconf 85' lang='lat' dir='ltr'>vana</span> <span class='ocrx_word' id='word_1_212' title='bbox 828 2075 956 2104; x_wconf 86' lang='lat' dir='ltr'>somnia</span> <span class='ocrx_word' id='word_1_213' title='bbox 988 2083 1044 2103; x_wconf 90' lang='lat' dir='ltr'>no-</span> 
     </span>
     <span class='ocr_line' id='line_1_37' title="bbox 244 2121 1046 2159; baseline -0.002 -7"><span class='ocrx_word' id='word_1_214' title='bbox 244 2127 290 2152; x_wconf 85' lang='lat' dir='ltr'>tat</span> <span class='ocrx_word' id='word_1_215' title='bbox 318 2123 352 2151; x_wconf 90' lang='lat' dir='ltr'>in</span> <span class='ocrx_word' id='word_1_216' title='bbox 381 2123 454 2152; x_wconf 90' lang='lat' dir='ltr'>Orci</span> <span class='ocrx_word' id='word_1_217' title='bbox 483 2122 589 2159; x_wconf 83' lang='lat' dir='ltr'>aditu,</span> <span class='ocrx_word' id='word_1_218' title='bbox 631 2126 725 2157; x_wconf 87' lang='lat' dir='ltr'>poeta</span> <span class='ocrx_word' id='word_1_219' title='bbox 749 2122 877 2151; x_wconf 81' lang='lat' dir='ltr'>videtur</span> <span class='ocrx_word' id='word_1_220' title='bbox 901 2121 1046 2151; x_wconf 88' lang='lat' dir='ltr'>indicare</span> 
     </span>
     <span class='ocr_line' id='line_1_38' title="bbox 243 2167 1045 2203; baseline -0.004 -5"><span class='ocrx_word' id='word_1_221' title='bbox 243 2169 393 2198; x_wconf 84' lang='lat' dir='ltr'>voluisse</span> <span class='ocrx_word' id='word_1_222' title='bbox 431 2168 557 2203; x_wconf 84' lang='lat' dir='ltr'>omnia,</span> <span class='ocrx_word' id='word_1_223' title='bbox 598 2176 682 2203; x_wconf 82' lang='lat' dir='ltr'>quae</span> <span class='ocrx_word' id='word_1_224' title='bbox 717 2169 755 2197; x_wconf 89' lang='lat' dir='ltr'>de</span> <span class='ocrx_word' id='word_1_225' title='bbox 788 2170 868 2197; x_wconf 89' lang='lat' dir='ltr'>Orco</span> <span class='ocrx_word' id='word_1_226' title='bbox 906 2167 1045 2202; x_wconf 81' lang='lat' dir='ltr'>proferat</span> 
     </span>
     <span class='ocr_line' id='line_1_39' title="bbox 243 2212 1043 2250; baseline -0.004 -6"><span class='ocrx_word' id='word_1_227' title='bbox 243 2222 333 2244; x_wconf 82' lang='lat' dir='ltr'>vana</span> <span class='ocrx_word' id='word_1_228' title='bbox 372 2222 462 2250; x_wconf 87' lang='lat' dir='ltr'>esse,</span> <span class='ocrx_word' id='word_1_229' title='bbox 506 2215 609 2242; x_wconf 86' lang='lat' dir='ltr'>nullis</span> <span class='ocrx_word' id='word_1_230' title='bbox 650 2214 783 2244; x_wconf 81' lang='lat' dir='ltr'>caussis</span> <span class='ocrx_word' id='word_1_231' title='bbox 823 2213 948 2242; x_wconf 88' lang='lat' dir='ltr'>firmata</span> <span class='ocrx_word' id='word_1_232' title='bbox 984 2212 1043 2247; x_wconf 84' lang='lat' dir='ltr'>[cf.</span> 
     </span>
     <span class='ocr_line' id='line_1_40' title="bbox 243 2258 1044 2297; baseline -0.002 -8"><span class='ocrx_word' id='word_1_233' title='bbox 243 2258 351 2297; x_wconf 78' lang='lat'>899),</span> <span class='ocrx_word' id='word_1_234' title='bbox 383 2265 439 2290; x_wconf 82' lang='lat' dir='ltr'>aut</span> <span class='ocrx_word' id='word_1_235' title='bbox 467 2261 566 2289; x_wconf 85' lang='lat' dir='ltr'>vanis</span> <span class='ocrx_word' id='word_1_236' title='bbox 591 2260 688 2289; x_wconf 81' lang='lat' dir='ltr'>facile</span> <span class='ocrx_word' id='word_1_237' title='bbox 711 2260 931 2296; x_wconf 74' lang='lat' dir='ltr'>adiunguntur</span> <span class='ocrx_word' id='word_1_238' title='bbox 952 2267 1044 2288; x_wconf 87' lang='lat' dir='ltr'>mon-</span> 
     </span>
     <span class='ocr_line' id='line_1_41' title="bbox 243 2305 1044 2335; baseline -0.004 0"><span class='ocrx_word' id='word_1_239' title='bbox 243 2311 312 2335; x_wconf 86' lang='lat' dir='ltr'>stra</span> <span class='ocrx_word' id='word_1_240' title='bbox 341 2315 405 2335; x_wconf 89' lang='lat' dir='ltr'>non</span> <span class='ocrx_word' id='word_1_241' title='bbox 440 2306 550 2335; x_wconf 86' lang='lat' dir='ltr'>minus</span> <span class='ocrx_word' id='word_1_242' title='bbox 591 2306 713 2335; x_wconf 87' lang='lat' dir='ltr'>inania.</span> <span class='ocrx_word' id='word_1_243' title='bbox 763 2305 858 2334; x_wconf 85' lang='lat' dir='ltr'>Ponit</span> <span class='ocrx_word' id='word_1_244' title='bbox 891 2312 929 2334; x_wconf 88' lang='lat' dir='ltr'>ea</span> <span class='ocrx_word' id='word_1_245' title='bbox 960 2305 1044 2333; x_wconf 88' lang='lat' dir='ltr'>alios</span> 
     </span>
     <span class='ocr_line' id='line_1_42' title="bbox 242 2350 1045 2390; baseline -0.004 -9"><span class='ocrx_word' id='word_1_246' title='bbox 242 2356 389 2390; x_wconf 85' lang='lat' dir='ltr'>secutuS,</span> <span class='ocrx_word' id='word_1_247' title='bbox 433 2353 624 2387; x_wconf 82' lang='lat' dir='ltr'>videturque</span> <span class='ocrx_word' id='word_1_248' title='bbox 655 2359 695 2381; x_wconf 85' lang='lat' dir='ltr'>ea</span> <span class='ocrx_word' id='word_1_249' title='bbox 728 2351 907 2381; x_wconf 87' lang='lat' dir='ltr'>communis</span> <span class='ocrx_word' id='word_1_250' title='bbox 938 2350 1045 2379; x_wconf 80' lang='lat' dir='ltr'>fuisse</span> 
     </span>
     <span class='ocr_line' id='line_1_43' title="bbox 242 2393 1042 2434; baseline -0.004 -7"><span class='ocrx_word' id='word_1_251' title='bbox 242 2398 368 2434; x_wconf 80' lang='lat' dir='ltr'>opini03</span> <span class='ocrx_word' id='word_1_252' title='bbox 400 2402 485 2427; x_wconf 89' lang='lat' dir='ltr'>certe</span> <span class='ocrx_word' id='word_1_253' title='bbox 513 2405 565 2433; x_wconf 88' lang='lat' dir='ltr'>ap.</span> <span class='ocrx_word' id='word_1_254' title='bbox 590 2399 692 2426; x_wconf 82' lang='lat' dir='ltr'>Arist.</span> <span class='ocrx_word' id='word_1_255' title='bbox 715 2399 799 2425; x_wconf 81' lang='lat' dir='ltr'>Rau.</span> <span class='ocrx_word' id='word_1_256' title='bbox 831 2393 892 2424; x_wconf 79' lang='lat'>143</span> <span class='ocrx_word' id='word_1_257' title='bbox 919 2397 1042 2425; x_wconf 84' lang='lat' dir='ltr'>Hercu-</span> 
     </span>
     <span class='ocr_line' id='line_1_44' title="bbox 241 2444 1043 2474; baseline -0.002 -2"><span class='ocrx_word' id='word_1_258' title='bbox 241 2445 291 2473; x_wconf 88' lang='lat' dir='ltr'>les</span> <span class='ocrx_word' id='word_1_259' title='bbox 322 2445 448 2474; x_wconf 85' lang='lat' dir='ltr'>Baccho</span> <span class='ocrx_word' id='word_1_260' title='bbox 481 2444 515 2472; x_wconf 85' lang='lat' dir='ltr'>in</span> <span class='ocrx_word' id='word_1_261' title='bbox 549 2445 665 2473; x_wconf 87' lang='lat' dir='ltr'>Orcum</span> <span class='ocrx_word' id='word_1_262' title='bbox 696 2445 891 2472; x_wconf 87' lang='lat' dir='ltr'>descensuro</span> <span class='ocrx_word' id='word_1_263' title='bbox 932 2445 1043 2470; x_wconf 86' lang='lat' dir='ltr'>narrat</span> 
     </span>
     <span class='ocr_line' id='line_1_45' title="bbox 243 2480 1043 2529; baseline -0.005 -11"><span class='ocrx_word' id='word_1_264' title='bbox 243 2481 346 2529; x_wconf 76' lang='grc' dir='ltr'><strong><em>ὄφεις</em></strong></span> <span class='ocrx_word' id='word_1_265' title='bbox 368 2484 429 2518; x_wconf 79' lang='grc' dir='ltr'>καὶ</span> <span class='ocrx_word' id='word_1_266' title='bbox 454 2482 558 2528; x_wconf 76' lang='grc' dir='ltr'><strong><em>θηρί’</em></strong></span> <span class='ocrx_word' id='word_1_267' title='bbox 584 2481 670 2527; x_wconf 73' lang='grc' dir='ltr'><strong><em>ὄψει</em></strong></span> <span class='ocrx_word' id='word_1_268' title='bbox 692 2483 807 2526; x_wconf 80' lang='grc' dir='ltr'><em>μυρία</em></span> <span class='ocrx_word' id='word_1_269' title='bbox 835 2480 1043 2515; x_wconf 77' lang='grc' dir='ltr'><em>δεινότατα.</em></span> 
     </span>
    </p>

    <p class='ocr_par' dir='ltr' id='par_1_13' title="bbox 238 2542 1043 2994">
     <span class='ocr_line' id='line_1_46' title="bbox 288 2542 1043 2577; baseline -0.001 -5"><span class='ocrx_word' id='word_1_270' title='bbox 288 2544 365 2574; x_wconf 69' lang='grc'>286.</span> <span class='ocrx_word' id='word_1_271' title='bbox 399 2542 568 2574; x_wconf 79' lang='lat' dir='ltr'>Centauri</span> <span class='ocrx_word' id='word_1_272' title='bbox 590 2545 679 2573; x_wconf 87' lang='lat' dir='ltr'>natio</span> <span class='ocrx_word' id='word_1_273' title='bbox 697 2544 900 2577; x_wconf 80' lang='lat' dir='ltr'>Thessaliae,</span> <span class='ocrx_word' id='word_1_274' title='bbox 918 2543 1043 2571; x_wconf 83' lang='lat' dir='ltr'>feritate</span> 
     </span>
     <span class='ocr_line' id='line_1_47' title="bbox 241 2590 1040 2628; baseline -0.004 -8"><span class='ocrx_word' id='word_1_275' title='bbox 241 2591 400 2628; x_wconf 73' lang='lat' dir='ltr'>insignis:</span> <span class='ocrx_word' id='word_1_276' title='bbox 441 2591 565 2620; x_wconf 84' lang='lat' dir='ltr'>Zeuxis</span> <span class='ocrx_word' id='word_1_277' title='bbox 602 2591 724 2625; x_wconf 78' lang='lat' dir='ltr'>primus</span> <span class='ocrx_word' id='word_1_278' title='bbox 762 2590 1040 2624; x_wconf 85' lang='lat' dir='ltr'>Hippocentauros</span> 
     </span>
     <span class='ocr_line' id='line_1_48' title="bbox 241 2635 1039 2673; baseline -0.005 -7"><span class='ocrx_word' id='word_1_279' title='bbox 241 2637 377 2666; x_wconf 82' lang='lat' dir='ltr'>finxisse</span> <span class='ocrx_word' id='word_1_280' title='bbox 406 2637 550 2673; x_wconf 87' lang='lat' dir='ltr'>traditur,</span> <span class='ocrx_word' id='word_1_281' title='bbox 575 2638 689 2671; x_wconf 81' lang='lat' dir='ltr'>quales</span> <span class='ocrx_word' id='word_1_282' title='bbox 712 2638 772 2665; x_wconf 90' lang='lat' dir='ltr'>hoc</span> <span class='ocrx_word' id='word_1_283' title='bbox 794 2637 864 2664; x_wconf 92' lang='lat' dir='ltr'>loco</span> <span class='ocrx_word' id='word_1_284' title='bbox 889 2638 965 2663; x_wconf 87' lang='lat' dir='ltr'>sunt</span> <span class='ocrx_word' id='word_1_285' title='bbox 989 2635 1039 2662; x_wconf 90' lang='lat' dir='ltr'>in-</span> 
     </span>
     <span class='ocr_line' id='line_1_49' title="bbox 240 2679 1040 2720; baseline -0.004 -9"><span class='ocrx_word' id='word_1_286' title='bbox 240 2683 415 2720; x_wconf 83' lang='lat' dir='ltr'>telligendi.</span> <span class='ocrx_word' id='word_1_287' title='bbox 463 2698 501 2702; x_wconf 89' lang='lat'>—</span> <span class='ocrx_word' id='word_1_288' title='bbox 556 2679 747 2710; x_wconf 77' lang='lat' dir='ltr'>stabulant</span> <span class='ocrx_word' id='word_1_289' title='bbox 793 2685 827 2710; x_wconf 87' lang='lat' dir='ltr'>ut</span> <span class='ocrx_word' id='word_1_290' title='bbox 872 2680 963 2715; x_wconf 85' lang='lat' dir='ltr'>equi;</span> <span class='ocrx_word' id='word_1_291' title='bbox 1007 2680 1040 2708; x_wconf 87' lang='lat' dir='ltr'>in</span> 
     </span>
     <span class='ocr_line' id='line_1_50' title="bbox 241 2727 1040 2765; baseline -0.004 -8"><span class='ocrx_word' id='word_1_292' title='bbox 241 2729 370 2765; x_wconf 86' lang='lat' dir='ltr'>magnis</span> <span class='ocrx_word' id='word_1_293' title='bbox 391 2732 500 2757; x_wconf 86' lang='lat' dir='ltr'>autem</span> <span class='ocrx_word' id='word_1_294' title='bbox 524 2729 743 2756; x_wconf 84' lang='lat' dir='ltr'>Romanorum</span> <span class='ocrx_word' id='word_1_295' title='bbox 767 2727 902 2755; x_wconf 83' lang='lat' dir='ltr'>aedibus</span> <span class='ocrx_word' id='word_1_296' title='bbox 930 2727 1040 2755; x_wconf 88' lang='lat' dir='ltr'>statim</span> 
     </span>
     <span class='ocr_line' id='line_1_51' title="bbox 241 2773 1041 2808; baseline -0.005 -5"><span class='ocrx_word' id='word_1_297' title='bbox 241 2776 282 2803; x_wconf 85' lang='lat' dir='ltr'>ad</span> <span class='ocrx_word' id='word_1_298' title='bbox 320 2775 405 2803; x_wconf 84' lang='lat' dir='ltr'>fores</span> <span class='ocrx_word' id='word_1_299' title='bbox 437 2782 502 2803; x_wconf 90' lang='lat' dir='ltr'>uno</span> <span class='ocrx_word' id='word_1_300' title='bbox 538 2774 570 2802; x_wconf 90' lang='lat' dir='ltr'>in</span> <span class='ocrx_word' id='word_1_301' title='bbox 602 2775 703 2802; x_wconf 86' lang='lat' dir='ltr'>latere</span> <span class='ocrx_word' id='word_1_302' title='bbox 733 2773 856 2808; x_wconf 79' lang='lat' dir='ltr'>equilia</span> <span class='ocrx_word' id='word_1_303' title='bbox 894 2774 1041 2801; x_wconf 85' lang='lat' dir='ltr'>solebant</span> 
     </span>
     <span class='ocr_line' id='line_1_52' title="bbox 240 2816 1040 2856; baseline -0.004 -8"><span class='ocrx_word' id='word_1_304' title='bbox 240 2827 324 2848; x_wconf 89' lang='lat' dir='ltr'>esse.</span> <span class='ocrx_word' id='word_1_305' title='bbox 374 2817 557 2848; x_wconf 80' lang='lat' dir='ltr'>stabulant</span> <span class='ocrx_word' id='word_1_306' title='bbox 580 2821 614 2847; x_wconf 86' lang='lat' dir='ltr'>G.</span> <span class='ocrx_word' id='word_1_307' title='bbox 635 2818 665 2856; x_wconf 84' lang='lat'>3,</span> <span class='ocrx_word' id='word_1_308' title='bbox 681 2816 762 2854; x_wconf 72' lang='lat'>224;</span> <span class='ocrx_word' id='word_1_309' title='bbox 785 2821 947 2852; x_wconf 88' lang='lat' dir='ltr'>deponens</span> <span class='ocrx_word' id='word_1_310' title='bbox 972 2817 1040 2846; x_wconf 91' lang='lat' dir='ltr'>usi-</span> 
     </span>
     <span class='ocr_line' id='line_1_53' title="bbox 242 2865 1039 2902; baseline -0.003 -9"><span class='ocrx_word' id='word_1_311' title='bbox 242 2866 336 2894; x_wconf 85' lang='lat' dir='ltr'>tatior</span> <span class='ocrx_word' id='word_1_312' title='bbox 363 2865 476 2894; x_wconf 86' lang='lat' dir='ltr'>forma.</span> <span class='ocrx_word' id='word_1_313' title='bbox 525 2865 747 2900; x_wconf 81' lang='lat' dir='ltr'>„Usurpative</span> <span class='ocrx_word' id='word_1_314' title='bbox 780 2865 878 2899; x_wconf 85' lang='lat' dir='ltr'>dixit,</span> <span class='ocrx_word' id='word_1_315' title='bbox 914 2867 949 2891; x_wconf 90' lang='lat' dir='ltr'>ut</span> <span class='ocrx_word' id='word_1_316' title='bbox 977 2871 1039 2902; x_wconf 85' lang='lat' dir='ltr'>po—</span> 
     </span>
     <span class='ocr_line' id='line_1_54' title="bbox 238 2906 1038 2950; baseline 0 -13"><span class='ocrx_word' id='word_1_317' title='bbox 238 2908 355 2950; x_wconf 78' lang='lat' dir='ltr'>pulat,</span> <span class='ocrx_word' id='word_1_318' title='bbox 383 2908 511 2945; x_wconf 83' lang='lat' dir='ltr'>luctat,·</span> <span class='ocrx_word' id='word_1_319' title='bbox 537 2917 613 2939; x_wconf 88' lang='lat' dir='ltr'>nam</span> <span class='ocrx_word' id='word_1_320' title='bbox 636 2907 792 2939; x_wconf 82' lang='lat' dir='ltr'>stabulor</span> <span class='ocrx_word' id='word_1_321' title='bbox 816 2906 988 2938; x_wconf 81' lang='lat' dir='ltr'>dicimus.“</span> <span class='ocrx_word' id='word_1_322' title='bbox 1007 2911 1038 2937; x_wconf 91' lang='lat' dir='ltr'>S.</span> 
     </span>
     <span class='ocr_line' id='line_1_55' title="bbox 246 2952 1038 2994; baseline 0.001 -12"><span class='ocrx_word' id='word_1_323' title='bbox 246 2952 386 2994; x_wconf 77' lang='lat' dir='ltr'>Scyllae</span> <span class='ocrx_word' id='word_1_324' title='bbox 416 2953 591 2991; x_wconf 71' lang='lat' dir='ltr'>biformes.</span> <span class='ocrx_word' id='word_1_325' title='bbox 640 2957 757 2984; x_wconf 89' lang='lat' dir='ltr'>Plures</span> <span class='ocrx_word' id='word_1_326' title='bbox 782 2957 915 2990; x_wconf 79' lang='lat' dir='ltr'>Scyllae</span> <span class='ocrx_word' id='word_1_327' title='bbox 941 2955 1038 2984; x_wconf 90' lang='lat' dir='ltr'>etiam</span> 
     </span>
    </p>
   </div>
   <div class='ocr_carea' id='block_1_12' title="bbox 1088 887 1896 2526">
    <p class='ocr_par' dir='ltr' id='par_1_14' title="bbox 1088 887 1291 972">
     <span class='ocr_line' id='line_1_56' title="bbox 1088 887 1284 926; baseline 0 -8"><span class='ocrx_word' id='word_1_328' title='bbox 1088 889 1118 926; x_wconf 80' lang='lat'>5,</span> <span class='ocrx_word' id='word_1_329' title='bbox 1146 887 1176 923; x_wconf 87' lang='grc'>3,</span> <span class='ocrx_word' id='word_1_330' title='bbox 1207 887 1284 918; x_wconf 77' lang='grc'>280.</span> 
     </span>
     <span class='ocr_line' id='line_1_57' title="bbox 1090 933 1291 972; baseline 0.005 -9"><span class='ocrx_word' id='word_1_331' title='bbox 1090 934 1120 972; x_wconf 83' lang='grc'>3,</span> <span class='ocrx_word' id='word_1_332' title='bbox 1147 933 1213 963; x_wconf 86' lang='lat'>424</span> <span class='ocrx_word' id='word_1_333' title='bbox 1244 944 1291 970; x_wconf 79' lang='lat' dir='ltr'>sq.</span> 
     </span>
    </p>

    <p class='ocr_par' dir='ltr' id='par_1_15' title="bbox 1088 976 1896 1833">
     <span class='ocr_line' id='line_1_58' title="bbox 1135 976 1892 1020; baseline -0.005 -12"><span class='ocrx_word' id='word_1_334' title='bbox 1135 979 1212 1010; x_wconf 82' lang='lat'>287.</span> <span class='ocrx_word' id='word_1_335' title='bbox 1246 976 1557 1020; x_wconf 81' lang='lat' dir='ltr'>Centnmgeminus</span> <span class='ocrx_word' id='word_1_336' title='bbox 1595 981 1644 1007; x_wconf 90' lang='lat' dir='ltr'>est</span> <span class='ocrx_word' id='word_1_337' title='bbox 1686 977 1892 1011; x_wconf 71' lang='lat' dir='ltr'>centumplex</span> 
     </span>
     <span class='ocr_line' id='line_1_59' title="bbox 1088 1019 1892 1066; baseline -0.009 -10"><span class='ocrx_word' id='word_1_338' title='bbox 1088 1019 1360 1066; x_wconf 73' lang='grc' dir='ltr'><em>ἓκατόγχειροςς</em></span> <span class='ocrx_word' id='word_1_339' title='bbox 1391 1026 1437 1054; x_wconf 85' lang='lat' dir='ltr'>ita</span> <span class='ocrx_word' id='word_1_340' title='bbox 1458 1021 1677 1065; x_wconf 70' lang='lat' dir='ltr'>tergeminus</span> <span class='ocrx_word' id='word_1_341' title='bbox 1701 1027 1751 1052; x_wconf 89' lang='lat' dir='ltr'>est</span> <span class='ocrx_word' id='word_1_342' title='bbox 1773 1021 1892 1056; x_wconf 82' lang='lat' dir='ltr'>triplex</span> 
     </span>
     <span class='ocr_line' id='line_1_60' title="bbox 1090 1066 1893 1112; baseline -0.007 -11"><span class='ocrx_word' id='word_1_343' title='bbox 1090 1071 1121 1110; x_wconf 87' lang='grc'>8,</span> <span class='ocrx_word' id='word_1_344' title='bbox 1137 1071 1211 1101; x_wconf 74' lang='lat'>203.</span> <span class='ocrx_word' id='word_1_345' title='bbox 1240 1068 1535 1112; x_wconf 69' lang='lat' dir='ltr'>septemgeminus</span> <span class='ocrx_word' id='word_1_346' title='bbox 1549 1078 1581 1099; x_wconf 85' lang='lat' dir='ltr'>v.</span> <span class='ocrx_word' id='word_1_347' title='bbox 1597 1066 1681 1104; x_wconf 71' lang='lat'>8013</span> <span class='ocrx_word' id='word_1_348' title='bbox 1696 1072 1731 1097; x_wconf 90' lang='lat' dir='ltr'>ut</span> <span class='ocrx_word' id='word_1_349' title='bbox 1744 1067 1893 1097; x_wconf 84' lang='lat' dir='ltr'>nonnulli</span> 
     </span>
     <span class='ocr_line' id='line_1_61' title="bbox 1090 1109 1893 1156; baseline -0.007 -8"><span class='ocrx_word' id='word_1_350' title='bbox 1090 1119 1195 1148; x_wconf 84' lang='lat' dir='ltr'>dicere</span> <span class='ocrx_word' id='word_1_351' title='bbox 1221 1120 1327 1147; x_wconf 87' lang='lat' dir='ltr'>solent</span> <span class='ocrx_word' id='word_1_352' title='bbox 1349 1113 1565 1156; x_wconf 81' lang='lat' dir='ltr'>vierdoppelt</span> <span class='ocrx_word' id='word_1_353' title='bbox 1582 1123 1639 1151; x_wconf 89' lang='lat' dir='ltr'>pro</span> <span class='ocrx_word' id='word_1_354' title='bbox 1658 1109 1829 1151; x_wconf 81' lang='lat' dir='ltr'>vierfach.</span> <span class='ocrx_word' id='word_1_355' title='bbox 1847 1128 1893 1132; x_wconf 97' lang='lat'><strong>—</strong></span> 
     </span>
     <span class='ocr_line' id='line_1_62' title="bbox 1095 1159 1890 1197; baseline -0.009 -4"><span class='ocrx_word' id='word_1_356' title='bbox 1095 1162 1265 1193; x_wconf 75' lang='lat' dir='ltr'>Briareus</span> <span class='ocrx_word' id='word_1_357' title='bbox 1292 1164 1378 1192; x_wconf 77' lang='lat' dir='ltr'>tilius</span> <span class='ocrx_word' id='word_1_358' title='bbox 1406 1163 1495 1191; x_wconf 85' lang='lat' dir='ltr'>Caeli</span> <span class='ocrx_word' id='word_1_359' title='bbox 1521 1167 1552 1192; x_wconf 87' lang='lat' dir='ltr'>et</span> <span class='ocrx_word' id='word_1_360' title='bbox 1575 1162 1705 1197; x_wconf 83' lang='lat' dir='ltr'>Terrae,</span> <span class='ocrx_word' id='word_1_361' title='bbox 1731 1159 1770 1189; x_wconf 86' lang='lat' dir='ltr'>cf.</span> <span class='ocrx_word' id='word_1_362' title='bbox 1796 1160 1890 1187; x_wconf 84' lang='lat' dir='ltr'>Hom.</span> 
     </span>
     <span class='ocr_line' id='line_1_63' title="bbox 1090 1199 1893 1247; baseline -0.01 -8"><span class='ocrx_word' id='word_1_363' title='bbox 1090 1212 1128 1239; x_wconf 91' lang='lat' dir='ltr'>Il.</span> <span class='ocrx_word' id='word_1_364' title='bbox 1159 1207 1185 1247; x_wconf 86' lang='grc'>1,</span> <span class='ocrx_word' id='word_1_365' title='bbox 1212 1207 1275 1237; x_wconf 72' lang='grc'>403</span> <span class='ocrx_word' id='word_1_366' title='bbox 1308 1201 1351 1238; x_wconf 86' lang='grc' dir='ltr'>ὃν</span> <span class='ocrx_word' id='word_1_367' title='bbox 1381 1201 1570 1245; x_wconf 75' lang='grc' dir='ltr'><em>Βριάρεων</em></span> <span class='ocrx_word' id='word_1_368' title='bbox 1593 1199 1764 1236; x_wconf 80' lang='grc' dir='ltr'><em>καλέουσι</em></span> <span class='ocrx_word' id='word_1_369' title='bbox 1794 1199 1893 1243; x_wconf 74' lang='grc' dir='ltr'>θεοί,</span> 
     </span>
     <span class='ocr_line' id='line_1_64' title="bbox 1090 1247 1894 1293; baseline -0.006 -10"><span class='ocrx_word' id='word_1_370' title='bbox 1090 1247 1224 1293; x_wconf 73' lang='grc' dir='ltr'><em>ἄνδρες</em></span> <span class='ocrx_word' id='word_1_371' title='bbox 1248 1247 1289 1283; x_wconf 77' lang='grc' dir='ltr'>δέ</span> <span class='ocrx_word' id='word_1_372' title='bbox 1311 1260 1349 1282; x_wconf 83' lang='grc' dir='ltr'>τε</span> <span class='ocrx_word' id='word_1_373' title='bbox 1371 1248 1506 1288; x_wconf 77' lang='grc' dir='ltr'><em>πάντες</em></span> <span class='ocrx_word' id='word_1_374' title='bbox 1519 1248 1703 1291; x_wconf 82' lang='grc' dir='ltr'><em>Αἰγαίωνα</em></span> <span class='ocrx_word' id='word_1_375' title='bbox 1722 1271 1730 1279; x_wconf 91' lang='grc'>.</span> <span class='ocrx_word' id='word_1_376' title='bbox 1745 1270 1754 1279; x_wconf 91' lang='grc'>.</span> <span class='ocrx_word' id='word_1_377' title='bbox 1769 1270 1778 1279; x_wconf 93' lang='grc'>.</span> <span class='ocrx_word' id='word_1_378' title='bbox 1801 1257 1894 1279; x_wconf 88' lang='lat' dir='ltr'>eum-</span> 
     </span>
     <span class='ocr_line' id='line_1_65' title="bbox 1091 1291 1894 1337; baseline -0.006 -8"><span class='ocrx_word' id='word_1_379' title='bbox 1091 1308 1152 1335; x_wconf 81' lang='lat' dir='ltr'>que</span> <span class='ocrx_word' id='word_1_380' title='bbox 1183 1301 1258 1337; x_wconf 81' lang='lat' dir='ltr'>Vgl.</span> <span class='ocrx_word' id='word_1_381' title='bbox 1288 1297 1348 1336; x_wconf 89' lang='lat'>10,</span> <span class='ocrx_word' id='word_1_382' title='bbox 1376 1297 1442 1328; x_wconf 79' lang='lat'>565</span> <span class='ocrx_word' id='word_1_383' title='bbox 1478 1301 1634 1329; x_wconf 86' lang='lat' dir='ltr'>memorat</span> <span class='ocrx_word' id='word_1_384' title='bbox 1666 1297 1803 1325; x_wconf 82' lang='lat' dir='ltr'>centum</span> <span class='ocrx_word' id='word_1_385' title='bbox 1836 1291 1894 1325; x_wconf 82' lang='lat' dir='ltr'>cui</span> 
     </span>
     <span class='ocr_line' id='line_1_66' title="bbox 1090 1340 1893 1383; baseline -0.006 -9"><span class='ocrx_word' id='word_1_386' title='bbox 1090 1343 1236 1375; x_wconf 86' lang='lat' dir='ltr'>brachia</span> <span class='ocrx_word' id='word_1_387' title='bbox 1280 1340 1418 1382; x_wconf 67' lang='lat' dir='ltr'>dicunt,</span> <span class='ocrx_word' id='word_1_388' title='bbox 1473 1342 1714 1383; x_wconf 73' lang='lat' dir='ltr'>centenasque</span> <span class='ocrx_word' id='word_1_389' title='bbox 1752 1348 1893 1378; x_wconf 80' lang='lat' dir='ltr'>manus,</span> 
     </span>
     <span class='ocr_line' id='line_1_67' title="bbox 1089 1383 1896 1431; baseline -0.006 -11"><span class='ocrx_word' id='word_1_390' title='bbox 1089 1389 1354 1431; x_wconf 77' lang='lat' dir='ltr'>quinquaginta</span> <span class='ocrx_word' id='word_1_391' title='bbox 1384 1387 1500 1419; x_wconf 81' lang='lat' dir='ltr'>oribus</span> <span class='ocrx_word' id='word_1_392' title='bbox 1528 1387 1644 1427; x_wconf 75' lang='lat' dir='ltr'>ignem</span> <span class='ocrx_word' id='word_1_393' title='bbox 1679 1383 1896 1418; x_wconf 81' lang='lat' dir='ltr'>Pectoribus-</span> 
     </span>
     <span class='ocr_line' id='line_1_68' title="bbox 1092 1433 1893 1476; baseline -0.005 -11"><span class='ocrx_word' id='word_1_394' title='bbox 1092 1445 1157 1476; x_wconf 83' lang='lat' dir='ltr'>qne</span> <span class='ocrx_word' id='word_1_395' title='bbox 1178 1434 1317 1466; x_wconf 59' lang='lat' dir='ltr'>arsisse.</span> <span class='ocrx_word' id='word_1_396' title='bbox 1342 1437 1439 1470; x_wconf 84' lang='lat' dir='ltr'>Apud</span> <span class='ocrx_word' id='word_1_397' title='bbox 1454 1438 1545 1465; x_wconf 83' lang='lat' dir='ltr'>Hom.</span> <span class='ocrx_word' id='word_1_398' title='bbox 1561 1437 1672 1464; x_wconf 88' lang='lat' dir='ltr'>Iovem</span> <span class='ocrx_word' id='word_1_399' title='bbox 1691 1435 1728 1463; x_wconf 92' lang='lat' dir='ltr'>B.</span> <span class='ocrx_word' id='word_1_400' title='bbox 1743 1433 1893 1471; x_wconf 80' lang='lat' dir='ltr'>defendit,</span> 
     </span>
     <span class='ocr_line' id='line_1_69' title="bbox 1091 1479 1893 1516; baseline -0.004 -5"><span class='ocrx_word' id='word_1_401' title='bbox 1091 1484 1266 1512; x_wconf 77' lang='lat' dir='ltr'>secundum</span> <span class='ocrx_word' id='word_1_402' title='bbox 1294 1483 1526 1512; x_wconf 74' lang='lat' dir='ltr'>Antimachum</span> <span class='ocrx_word' id='word_1_403' title='bbox 1555 1486 1681 1516; x_wconf 86' lang='lat' dir='ltr'>poetam</span> <span class='ocrx_word' id='word_1_404' title='bbox 1701 1487 1794 1509; x_wconf 84' lang='lat' dir='ltr'>arma</span> <span class='ocrx_word' id='word_1_405' title='bbox 1820 1479 1893 1508; x_wconf 90' lang='lat' dir='ltr'>tulit</span> 
     </span>
     <span class='ocr_line' id='line_1_70' title="bbox 1091 1527 1890 1558; baseline -0.004 -1"><span class='ocrx_word' id='word_1_406' title='bbox 1091 1533 1203 1558; x_wconf 86' lang='lat' dir='ltr'>contra</span> <span class='ocrx_word' id='word_1_407' title='bbox 1240 1530 1361 1558; x_wconf 82' lang='lat' dir='ltr'>Iovem.</span> <span class='ocrx_word' id='word_1_408' title='bbox 1406 1543 1444 1548; x_wconf 85' lang='lat'>——</span> <span class='ocrx_word' id='word_1_409' title='bbox 1495 1529 1600 1557; x_wconf 86' lang='lat' dir='ltr'>Draco</span> <span class='ocrx_word' id='word_1_410' title='bbox 1639 1527 1809 1555; x_wconf 83' lang='lat' dir='ltr'>Lernaeus</span> <span class='ocrx_word' id='word_1_411' title='bbox 1849 1528 1890 1555; x_wconf 85' lang='lat' dir='ltr'>ab</span> 
     </span>
     <span class='ocr_line' id='line_1_71' title="bbox 1092 1573 1892 1609; baseline -0.004 -6"><span class='ocrx_word' id='word_1_412' title='bbox 1092 1576 1231 1604; x_wconf 87' lang='lat' dir='ltr'>Hercule</span> <span class='ocrx_word' id='word_1_413' title='bbox 1265 1575 1404 1604; x_wconf 83' lang='lat' dir='ltr'>occisus.</span> <span class='ocrx_word' id='word_1_414' title='bbox 1463 1574 1547 1609; x_wconf 82' lang='lat' dir='ltr'>„Sed</span> <span class='ocrx_word' id='word_1_415' title='bbox 1582 1576 1707 1602; x_wconf 85' lang='lat' dir='ltr'>constat</span> <span class='ocrx_word' id='word_1_416' title='bbox 1744 1573 1892 1608; x_wconf 83' lang='lat' dir='ltr'>Hydram</span> 
     </span>
     <span class='ocr_line' id='line_1_72' title="bbox 1092 1619 1893 1653; baseline -0.005 -3"><span class='ocrx_word' id='word_1_417' title='bbox 1092 1622 1200 1650; x_wconf 84' lang='lat' dir='ltr'>lacum</span> <span class='ocrx_word' id='word_1_418' title='bbox 1227 1619 1332 1649; x_wconf 83' lang='lat' dir='ltr'>fuisse</span> <span class='ocrx_word' id='word_1_419' title='bbox 1358 1624 1559 1648; x_wconf 83' lang='lat' dir='ltr'>evomentem</span> <span class='ocrx_word' id='word_1_420' title='bbox 1590 1625 1695 1653; x_wconf 85' lang='lat' dir='ltr'>aquas</span> <span class='ocrx_word' id='word_1_421' title='bbox 1722 1621 1893 1647; x_wconf 76' lang='lat' dir='ltr'>vastantes</span> 
     </span>
     <span class='ocr_line' id='line_1_73' title="bbox 1092 1666 1892 1699; baseline -0.004 -4"><span class='ocrx_word' id='word_1_422' title='bbox 1092 1667 1238 1696; x_wconf 82' lang='lat' dir='ltr'>vicinam</span> <span class='ocrx_word' id='word_1_423' title='bbox 1279 1667 1464 1699; x_wconf 83' lang='lat' dir='ltr'>civitatem,</span> <span class='ocrx_word' id='word_1_424' title='bbox 1508 1666 1544 1694; x_wconf 87' lang='lat' dir='ltr'>in</span> <span class='ocrx_word' id='word_1_425' title='bbox 1579 1672 1641 1699; x_wconf 91' lang='lat' dir='ltr'>quo</span> <span class='ocrx_word' id='word_1_426' title='bbox 1682 1672 1746 1692; x_wconf 90' lang='lat' dir='ltr'>uno</span> <span class='ocrx_word' id='word_1_427' title='bbox 1783 1668 1892 1693; x_wconf 84' lang='lat' dir='ltr'>meatu</span> 
     </span>
     <span class='ocr_line' id='line_1_74' title="bbox 1093 1710 1893 1746; baseline -0.003 -6"><span class='ocrx_word' id='word_1_428' title='bbox 1093 1714 1205 1741; x_wconf 84' lang='lat' dir='ltr'>clauso</span> <span class='ocrx_word' id='word_1_429' title='bbox 1233 1713 1326 1740; x_wconf 85' lang='lat' dir='ltr'>multi</span> <span class='ocrx_word' id='word_1_430' title='bbox 1350 1713 1570 1746; x_wconf 80' lang='lat' dir='ltr'>erumpebant.</span> <span class='ocrx_word' id='word_1_431' title='bbox 1619 1710 1708 1744; x_wconf 87' lang='lat' dir='ltr'>Quod</span> <span class='ocrx_word' id='word_1_432' title='bbox 1735 1711 1893 1738; x_wconf 81' lang='lat' dir='ltr'>Hercules</span> 
     </span>
     <span class='ocr_line' id='line_1_75' title="bbox 1093 1755 1892 1792; baseline -0.003 -6"><span class='ocrx_word' id='word_1_433' title='bbox 1093 1759 1225 1790; x_wconf 78' lang='lat' dir='ltr'>videns,</span> <span class='ocrx_word' id='word_1_434' title='bbox 1268 1759 1341 1786; x_wconf 86' lang='lat' dir='ltr'>loca</span> <span class='ocrx_word' id='word_1_435' title='bbox 1373 1758 1446 1792; x_wconf 86' lang='lat' dir='ltr'>ipsa</span> <span class='ocrx_word' id='word_1_436' title='bbox 1483 1756 1611 1786; x_wconf 85' lang='lat' dir='ltr'>exussit</span> <span class='ocrx_word' id='word_1_437' title='bbox 1643 1759 1674 1784; x_wconf 85' lang='lat' dir='ltr'>et</span> <span class='ocrx_word' id='word_1_438' title='bbox 1709 1755 1757 1785; x_wconf 89' lang='lat' dir='ltr'>sic</span> <span class='ocrx_word' id='word_1_439' title='bbox 1787 1762 1892 1790; x_wconf 86' lang='lat' dir='ltr'>aquae</span> 
     </span>
     <span class='ocr_line' id='line_1_76' title="bbox 1091 1800 1448 1833; baseline 0 -1"><span class='ocrx_word' id='word_1_440' title='bbox 1091 1804 1210 1833; x_wconf 88' lang='lat' dir='ltr'>clausit</span> <span class='ocrx_word' id='word_1_441' title='bbox 1229 1800 1389 1832; x_wconf 65' lang='lat' dir='ltr'>meatusf‘</span> <span class='ocrx_word' id='word_1_442' title='bbox 1416 1805 1448 1832; x_wconf 89' lang='lat' dir='ltr'>S.</span> 
     </span>
    </p>

    <p class='ocr_par' dir='ltr' id='par_1_16' title="bbox 1089 1843 1893 2526">
     <span class='ocr_line' id='line_1_77' title="bbox 1139 1843 1892 1883; baseline -0.003 -7"><span class='ocrx_word' id='word_1_443' title='bbox 1139 1847 1216 1877; x_wconf 77' lang='grc'>288.</span> <span class='ocrx_word' id='word_1_444' title='bbox 1249 1846 1473 1878; x_wconf 74' lang='grc' dir='ltr'>Οὴίηιαεναηι</span> <span class='ocrx_word' id='word_1_445' title='bbox 1491 1847 1640 1877; x_wconf 84' lang='lat' dir='ltr'>describit</span> <span class='ocrx_word' id='word_1_446' title='bbox 1656 1848 1696 1875; x_wconf 85' lang='grc' dir='ltr'>Η.</span> <span class='ocrx_word' id='word_1_447' title='bbox 1711 1847 1750 1875; x_wconf 88' lang='lat'>11.</span> <span class='ocrx_word' id='word_1_448' title='bbox 1766 1844 1798 1883; x_wconf 71' lang='grc'>6,</span> <span class='ocrx_word' id='word_1_449' title='bbox 1815 1843 1892 1875; x_wconf 86' lang='grc'>181.</span> 
     </span>
     <span class='ocr_line' id='line_1_78' title="bbox 1094 1890 1892 1932; baseline 0.001 -8"><span class='ocrx_word' id='word_1_450' title='bbox 1094 1895 1291 1932; x_wconf 85' lang='lat' dir='ltr'>„Chimaera</span> <span class='ocrx_word' id='word_1_451' title='bbox 1328 1902 1382 1923; x_wconf 88' lang='lat' dir='ltr'>ore</span> <span class='ocrx_word' id='word_1_452' title='bbox 1412 1890 1486 1930; x_wconf 83' lang='lat' dir='ltr'>leo,</span> <span class='ocrx_word' id='word_1_453' title='bbox 1535 1894 1707 1928; x_wconf 86' lang='lat' dir='ltr'>postremis</span> <span class='ocrx_word' id='word_1_454' title='bbox 1744 1895 1892 1930; x_wconf 81' lang='lat' dir='ltr'>partibus</span> 
     </span>
     <span class='ocr_line' id='line_1_79' title="bbox 1093 1940 1891 1974; baseline 0 -4"><span class='ocrx_word' id='word_1_455' title='bbox 1093 1943 1200 1970; x_wconf 87' lang='lat' dir='ltr'>draco.</span> <span class='ocrx_word' id='word_1_456' title='bbox 1222 1941 1329 1969; x_wconf 89' lang='lat' dir='ltr'>media</span> <span class='ocrx_word' id='word_1_457' title='bbox 1351 1947 1450 1974; x_wconf 87' lang='lat' dir='ltr'>capra</span> <span class='ocrx_word' id='word_1_458' title='bbox 1467 1941 1644 1969; x_wconf 88' lang='lat' dir='ltr'>secundum</span> <span class='ocrx_word' id='word_1_459' title='bbox 1663 1940 1794 1970; x_wconf 84' lang='lat' dir='ltr'>fabulas</span> <span class='ocrx_word' id='word_1_460' title='bbox 1819 1941 1891 1971; x_wconf 83' lang='lat' dir='ltr'>fuit.</span> 
     </span>
     <span class='ocr_line' id='line_1_80' title="bbox 1093 1986 1891 2023; baseline 0 -7"><span class='ocrx_word' id='word_1_461' title='bbox 1093 1988 1141 2016; x_wconf 84' lang='lat' dir='ltr'>Re</span> <span class='ocrx_word' id='word_1_462' title='bbox 1167 1994 1246 2016; x_wconf 84' lang='lat' dir='ltr'>vera</span> <span class='ocrx_word' id='word_1_463' title='bbox 1272 1990 1378 2015; x_wconf 85' lang='lat' dir='ltr'>autem</span> <span class='ocrx_word' id='word_1_464' title='bbox 1403 1994 1495 2015; x_wconf 87' lang='lat' dir='ltr'>mons</span> <span class='ocrx_word' id='word_1_465' title='bbox 1529 1989 1577 2014; x_wconf 86' lang='lat' dir='ltr'>est</span> <span class='ocrx_word' id='word_1_466' title='bbox 1601 1986 1756 2023; x_wconf 84' lang='lat' dir='ltr'>Ciliciae,</span> <span class='ocrx_word' id='word_1_467' title='bbox 1797 1987 1891 2016; x_wconf 85' lang='lat' dir='ltr'>cuius</span> 
     </span>
     <span class='ocr_line' id='line_1_81' title="bbox 1093 2031 1893 2067; baseline 0.001 -6"><span class='ocrx_word' id='word_1_468' title='bbox 1093 2034 1249 2067; x_wconf 84' lang='lat' dir='ltr'>hodieque</span> <span class='ocrx_word' id='word_1_469' title='bbox 1273 2034 1362 2061; x_wconf 87' lang='lat' dir='ltr'>ardet</span> <span class='ocrx_word' id='word_1_470' title='bbox 1386 2039 1558 2067; x_wconf 81' lang='lat' dir='ltr'>cacumen,</span> <span class='ocrx_word' id='word_1_471' title='bbox 1593 2031 1687 2060; x_wconf 86' lang='lat' dir='ltr'>iuxta</span> <span class='ocrx_word' id='word_1_472' title='bbox 1711 2033 1794 2067; x_wconf 82' lang='lat' dir='ltr'>quod</span> <span class='ocrx_word' id='word_1_473' title='bbox 1816 2037 1893 2062; x_wconf 80' lang='lat' dir='ltr'>sunt</span> 
     </span>
     <span class='ocr_line' id='line_1_82' title="bbox 1092 2079 1891 2115; baseline 0.001 -8"><span class='ocrx_word' id='word_1_474' title='bbox 1092 2080 1219 2115; x_wconf 87' lang='lat' dir='ltr'>leones;</span> <span class='ocrx_word' id='word_1_475' title='bbox 1265 2079 1369 2107; x_wconf 88' lang='lat' dir='ltr'>media</span> <span class='ocrx_word' id='word_1_476' title='bbox 1400 2082 1507 2107; x_wconf 88' lang='lat' dir='ltr'>autem</span> <span class='ocrx_word' id='word_1_477' title='bbox 1531 2084 1655 2112; x_wconf 84' lang='lat' dir='ltr'>pascua</span> <span class='ocrx_word' id='word_1_478' title='bbox 1678 2082 1768 2113; x_wconf 90' lang='lat' dir='ltr'>sunt,</span> <span class='ocrx_word' id='word_1_479' title='bbox 1806 2086 1891 2114; x_wconf 83' lang='lat' dir='ltr'>quae</span> 
     </span>
     <span class='ocr_line' id='line_1_83' title="bbox 1092 2124 1891 2160; baseline 0 -7"><span class='ocrx_word' id='word_1_480' title='bbox 1092 2125 1219 2160; x_wconf 84' lang='lat' dir='ltr'>capreis</span> <span class='ocrx_word' id='word_1_481' title='bbox 1249 2125 1432 2159; x_wconf 82' lang='lat' dir='ltr'>abundant3</span> <span class='ocrx_word' id='word_1_482' title='bbox 1471 2124 1538 2152; x_wconf 84' lang='lat' dir='ltr'>ima</span> <span class='ocrx_word' id='word_1_483' title='bbox 1562 2131 1640 2152; x_wconf 83' lang='lat' dir='ltr'>vero</span> <span class='ocrx_word' id='word_1_484' title='bbox 1671 2124 1790 2152; x_wconf 86' lang='lat' dir='ltr'>montis</span> <span class='ocrx_word' id='word_1_485' title='bbox 1821 2132 1891 2153; x_wconf 86' lang='lat' dir='ltr'>ser-</span> 
     </span>
     <span class='ocr_line' id='line_1_84' title="bbox 1092 2169 1890 2206; baseline -0.001 -6"><span class='ocrx_word' id='word_1_486' title='bbox 1092 2171 1242 2206; x_wconf 87' lang='lat' dir='ltr'>pentibus</span> <span class='ocrx_word' id='word_1_487' title='bbox 1271 2172 1377 2205; x_wconf 85' lang='lat' dir='ltr'>plena.</span> <span class='ocrx_word' id='word_1_488' title='bbox 1428 2170 1520 2199; x_wconf 85' lang='lat' dir='ltr'>Hunc</span> <span class='ocrx_word' id='word_1_489' title='bbox 1544 2169 1807 2203; x_wconf 84' lang='lat' dir='ltr'>Bellerophontes</span> <span class='ocrx_word' id='word_1_490' title='bbox 1830 2172 1890 2199; x_wconf 85' lang='lat' dir='ltr'>ha-</span> 
     </span>
     <span class='ocr_line' id='line_1_85' title="bbox 1092 2215 1889 2252; baseline 0.001 -8"><span class='ocrx_word' id='word_1_491' title='bbox 1092 2217 1258 2245; x_wconf 80' lang='lat' dir='ltr'>bitabilem</span> <span class='ocrx_word' id='word_1_492' title='bbox 1291 2215 1382 2252; x_wconf 86' lang='lat' dir='ltr'>fecit,</span> <span class='ocrx_word' id='word_1_493' title='bbox 1426 2216 1510 2244; x_wconf 89' lang='lat' dir='ltr'>unde</span> <span class='ocrx_word' id='word_1_494' title='bbox 1534 2215 1742 2243; x_wconf 85' lang='lat' dir='ltr'>Chimaeram</span> <span class='ocrx_word' id='word_1_495' title='bbox 1771 2215 1889 2245; x_wconf 87' lang='lat' dir='ltr'>dicitur</span> 
     </span>
     <span class='ocr_line' id='line_1_86' title="bbox 1091 2258 1890 2298; baseline -0.001 -8"><span class='ocrx_word' id='word_1_496' title='bbox 1091 2259 1284 2292; x_wconf 72' lang='lat' dir='ltr'>occidisse.“</span> <span class='ocrx_word' id='word_1_497' title='bbox 1311 2263 1343 2289; x_wconf 88' lang='lat' dir='ltr'>S.</span> <span class='ocrx_word' id='word_1_498' title='bbox 1392 2261 1473 2290; x_wconf 87' lang='lat' dir='ltr'>Dedi</span> <span class='ocrx_word' id='word_1_499' title='bbox 1503 2263 1584 2289; x_wconf 85' lang='lat' dir='ltr'>haec</span> <span class='ocrx_word' id='word_1_500' title='bbox 1614 2264 1643 2288; x_wconf 82' lang='lat' dir='ltr'>et</span> <span class='ocrx_word' id='word_1_501' title='bbox 1677 2261 1718 2289; x_wconf 88' lang='lat' dir='ltr'>ad</span> <span class='ocrx_word' id='word_1_502' title='bbox 1750 2269 1783 2289; x_wconf 88' lang='lat' dir='ltr'>v.</span> <span class='ocrx_word' id='word_1_503' title='bbox 1811 2258 1890 2298; x_wconf 82' lang='lat'>287,</span> 
     </span>
     <span class='ocr_line' id='line_1_87' title="bbox 1092 2306 1888 2344; baseline 0 -8"><span class='ocrx_word' id='word_1_504' title='bbox 1092 2312 1125 2336; x_wconf 81' lang='lat' dir='ltr'>ut</span> <span class='ocrx_word' id='word_1_505' title='bbox 1157 2312 1261 2336; x_wconf 85' lang='lat' dir='ltr'>exstet.</span> <span class='ocrx_word' id='word_1_506' title='bbox 1283 2307 1502 2343; x_wconf 77' lang='lat' dir='ltr'>mythologiae</span> <span class='ocrx_word' id='word_1_507' title='bbox 1533 2306 1750 2341; x_wconf 80' lang='lat' dir='ltr'>explicandae</span> <span class='ocrx_word' id='word_1_508' title='bbox 1773 2315 1888 2344; x_wconf 82' lang='lat' dir='ltr'>genus,</span> 
     </span>
     <span class='ocr_line' id='line_1_88' title="bbox 1091 2352 1889 2388; baseline 0 -6"><span class='ocrx_word' id='word_1_509' title='bbox 1091 2354 1174 2388; x_wconf 85' lang='lat' dir='ltr'>quod</span> <span class='ocrx_word' id='word_1_510' title='bbox 1199 2357 1248 2382; x_wconf 87' lang='lat' dir='ltr'>est</span> <span class='ocrx_word' id='word_1_511' title='bbox 1269 2353 1355 2387; x_wconf 88' lang='lat' dir='ltr'>apud</span> <span class='ocrx_word' id='word_1_512' title='bbox 1380 2352 1541 2381; x_wconf 89' lang='lat' dir='ltr'>Servium.</span> <span class='ocrx_word' id='word_1_513' title='bbox 1592 2352 1703 2381; x_wconf 87' lang='lat' dir='ltr'>Cicero</span> <span class='ocrx_word' id='word_1_514' title='bbox 1738 2353 1804 2381; x_wconf 84' lang='lat' dir='ltr'>iam</span> <span class='ocrx_word' id='word_1_515' title='bbox 1832 2361 1889 2388; x_wconf 84' lang='lat' dir='ltr'>po-</span> 
     </span>
     <span class='ocr_line' id='line_1_89' title="bbox 1089 2398 1887 2434; baseline 0 -7"><span class='ocrx_word' id='word_1_516' title='bbox 1089 2399 1147 2427; x_wconf 88' lang='lat' dir='ltr'>tuit</span> <span class='ocrx_word' id='word_1_517' title='bbox 1167 2399 1271 2427; x_wconf 87' lang='lat' dir='ltr'>dicere</span> <span class='ocrx_word' id='word_1_518' title='bbox 1295 2399 1332 2426; x_wconf 91' lang='lat' dir='ltr'>de</span> <span class='ocrx_word' id='word_1_519' title='bbox 1359 2405 1418 2426; x_wconf 88' lang='lat' dir='ltr'>suo</span> <span class='ocrx_word' id='word_1_520' title='bbox 1444 2401 1599 2432; x_wconf 88' lang='lat' dir='ltr'>tempore:</span> <span class='ocrx_word' id='word_1_521' title='bbox 1638 2398 1739 2434; x_wconf 81' lang='lat' dir='ltr'>„Quis</span> <span class='ocrx_word' id='word_1_522' title='bbox 1763 2398 1887 2433; x_wconf 85' lang='lat' dir='ltr'>Hippo-</span> 
     </span>
     <span class='ocr_line' id='line_1_90' title="bbox 1089 2443 1889 2478; baseline 0 -5"><span class='ocrx_word' id='word_1_523' title='bbox 1089 2448 1277 2474; x_wconf 84' lang='lat' dir='ltr'>centaurum</span> <span class='ocrx_word' id='word_1_524' title='bbox 1313 2443 1418 2472; x_wconf 82' lang='lat' dir='ltr'>fuisse</span> <span class='ocrx_word' id='word_1_525' title='bbox 1448 2448 1503 2472; x_wconf 87' lang='lat' dir='ltr'>aut</span> <span class='ocrx_word' id='word_1_526' title='bbox 1535 2443 1741 2473; x_wconf 81' lang='lat' dir='ltr'>Chimaeram</span> <span class='ocrx_word' id='word_1_527' title='bbox 1777 2445 1889 2478; x_wconf 71' lang='lat' dir='ltr'>putat?</span> 
     </span>
     <span class='ocr_line' id='line_1_91' title="bbox 1092 2489 1889 2526; baseline 0.001 -8"><span class='ocrx_word' id='word_1_528' title='bbox 1092 2496 1217 2524; x_wconf 82' lang='lat' dir='ltr'>quaeve</span> <span class='ocrx_word' id='word_1_529' title='bbox 1249 2496 1333 2518; x_wconf 85' lang='lat' dir='ltr'>anus</span> <span class='ocrx_word' id='word_1_530' title='bbox 1365 2493 1430 2518; x_wconf 90' lang='lat' dir='ltr'>tam</span> <span class='ocrx_word' id='word_1_531' title='bbox 1464 2497 1581 2518; x_wconf 85' lang='lat' dir='ltr'>excors</span> <span class='ocrx_word' id='word_1_532' title='bbox 1605 2489 1748 2519; x_wconf 86' lang='lat' dir='ltr'>inveniri</span> <span class='ocrx_word' id='word_1_533' title='bbox 1773 2493 1889 2526; x_wconf 84' lang='lat' dir='ltr'>potest,</span> 
     </span>
    </p>
   </div>
   <div class='ocr_carea' id='block_1_13' title="bbox 1338 884 1890 926">
    <p class='ocr_par' dir='ltr' id='par_1_17' title="bbox 1338 884 1890 926">
     <span class='ocr_line' id='line_1_92' title="bbox 1338 884 1890 926; baseline -0.005 -9"><span class='ocrx_word' id='word_1_534' title='bbox 1338 885 1513 926; x_wconf 81' lang='lat' dir='ltr'>Bisormes</span> <span class='ocrx_word' id='word_1_535' title='bbox 1547 889 1631 916; x_wconf 87' lang='lat' dir='ltr'>recte</span> <span class='ocrx_word' id='word_1_536' title='bbox 1664 886 1814 916; x_wconf 86' lang='lat' dir='ltr'>dicuntur</span> <span class='ocrx_word' id='word_1_537' title='bbox 1849 884 1890 914; x_wconf 87' lang='lat' dir='ltr'>cf.</span> 
     </span>
    </p>
   </div>
   <div class='ocr_carea' id='block_1_14' title="bbox 1089 2536 1889 2617">
    <p class='ocr_par' dir='ltr' id='par_1_18' title="bbox 1089 2536 1889 2617">
     <span class='ocr_line' id='line_1_93' title="bbox 1089 2536 1889 2571; baseline 0.001 -7"><span class='ocrx_word' id='word_1_538' title='bbox 1089 2542 1173 2570; x_wconf 86' lang='lat' dir='ltr'>quae</span> <span class='ocrx_word' id='word_1_539' title='bbox 1194 2536 1262 2564; x_wconf 86' lang='lat' dir='ltr'>illa.</span> <span class='ocrx_word' id='word_1_540' title='bbox 1282 2542 1364 2569; x_wconf 84' lang='lat' dir='ltr'>quae</span> <span class='ocrx_word' id='word_1_541' title='bbox 1384 2536 1544 2569; x_wconf 83' lang='lat' dir='ltr'>quondam</span> <span class='ocrx_word' id='word_1_542' title='bbox 1568 2536 1780 2564; x_wconf 85' lang='lat' dir='ltr'>credebantur</span> <span class='ocrx_word' id='word_1_543' title='bbox 1801 2536 1889 2571; x_wconf 86' lang='lat' dir='ltr'>apud</span> 
     </span>
     <span class='ocr_line' id='line_1_94' title="bbox 1089 2578 1825 2617; baseline 0.001 -8"><span class='ocrx_word' id='word_1_544' title='bbox 1089 2581 1209 2609; x_wconf 83' lang='lat' dir='ltr'>inferos</span> <span class='ocrx_word' id='word_1_545' title='bbox 1235 2585 1380 2616; x_wconf 83' lang='lat' dir='ltr'>portenta</span> <span class='ocrx_word' id='word_1_546' title='bbox 1400 2580 1616 2610; x_wconf 76' lang='lat' dir='ltr'>extimescat?</span> <span class='ocrx_word' id='word_1_547' title='bbox 1646 2582 1713 2610; x_wconf 77' lang='lat' dir='ltr'>Nl).</span> <span class='ocrx_word' id='word_1_548' title='bbox 1739 2578 1770 2617; x_wconf 89' lang='lat'>2,</span> <span class='ocrx_word' id='word_1_549' title='bbox 1794 2581 1825 2610; x_wconf 88' lang='lat'>5.</span> 
     </span>
    </p>
   </div>
   <div class='ocr_carea' id='block_1_15' title="bbox 1084 2635 1888 2993">
    <p class='ocr_par' dir='ltr' id='par_1_19' title="bbox 1084 2635 1888 2993">
     <span class='ocr_line' id='line_1_95' title="bbox 1134 2635 1885 2672; baseline 0.001 -8"><span class='ocrx_word' id='word_1_550' title='bbox 1134 2635 1210 2666; x_wconf 78' lang='grc'>289.</span> <span class='ocrx_word' id='word_1_551' title='bbox 1236 2640 1422 2672; x_wconf 68' lang='lat' dir='ltr'>..Gorgones</span> <span class='ocrx_word' id='word_1_552' title='bbox 1447 2642 1510 2666; x_wconf 89' lang='lat' dir='ltr'>tres</span> <span class='ocrx_word' id='word_1_553' title='bbox 1529 2637 1668 2671; x_wconf 77' lang='lat' dir='ltr'>fuerunt,</span> <span class='ocrx_word' id='word_1_554' title='bbox 1693 2638 1727 2666; x_wconf 90' lang='lat' dir='ltr'>in</span> <span class='ocrx_word' id='word_1_555' title='bbox 1741 2641 1885 2666; x_wconf 83' lang='lat' dir='ltr'>extrema</span> 
     </span>
     <span class='ocr_line' id='line_1_96' title="bbox 1086 2683 1888 2718; baseline 0 -7"><span class='ocrx_word' id='word_1_556' title='bbox 1086 2683 1203 2712; x_wconf 82' lang='lat' dir='ltr'>Africa</span> <span class='ocrx_word' id='word_1_557' title='bbox 1249 2684 1338 2712; x_wconf 88' lang='lat' dir='ltr'>circa</span> <span class='ocrx_word' id='word_1_558' title='bbox 1387 2684 1554 2712; x_wconf 80' lang='lat' dir='ltr'>Atlantem</span> <span class='ocrx_word' id='word_1_559' title='bbox 1599 2688 1756 2718; x_wconf 89' lang='lat' dir='ltr'>montem,</span> <span class='ocrx_word' id='word_1_560' title='bbox 1803 2690 1888 2717; x_wconf 83' lang='lat' dir='ltr'>quae</span> 
     </span>
     <span class='ocr_line' id='line_1_97' title="bbox 1087 2728 1884 2766; baseline -0.001 -9"><span class='ocrx_word' id='word_1_561' title='bbox 1087 2737 1198 2757; x_wconf 83' lang='lat' dir='ltr'>omnes</span> <span class='ocrx_word' id='word_1_562' title='bbox 1220 2737 1318 2758; x_wconf 88' lang='lat' dir='ltr'>unum</span> <span class='ocrx_word' id='word_1_563' title='bbox 1346 2731 1473 2759; x_wconf 89' lang='lat' dir='ltr'>oculum</span> <span class='ocrx_word' id='word_1_564' title='bbox 1499 2731 1675 2766; x_wconf 83' lang='lat' dir='ltr'>habehant,</span> <span class='ocrx_word' id='word_1_565' title='bbox 1712 2735 1774 2762; x_wconf 82' lang='lat' dir='ltr'>quo</span> <span class='ocrx_word' id='word_1_566' title='bbox 1795 2728 1884 2756; x_wconf 80' lang='lat' dir='ltr'>invi-</span> 
     </span>
     <span class='ocr_line' id='line_1_98' title="bbox 1086 2772 1885 2811; baseline -0.001 -8"><span class='ocrx_word' id='word_1_567' title='bbox 1086 2782 1154 2804; x_wconf 90' lang='lat' dir='ltr'>cem</span> <span class='ocrx_word' id='word_1_568' title='bbox 1179 2778 1367 2809; x_wconf 86' lang='lat' dir='ltr'>ntebantur;</span> <span class='ocrx_word' id='word_1_569' title='bbox 1394 2776 1524 2811; x_wconf 88' lang='lat' dir='ltr'>Stheno,</span> <span class='ocrx_word' id='word_1_570' title='bbox 1545 2775 1698 2810; x_wconf 81' lang='lat' dir='ltr'>Euryale,</span> <span class='ocrx_word' id='word_1_571' title='bbox 1715 2772 1885 2802; x_wconf 83' lang='lat' dir='ltr'>Medusa.“</span> 
     </span>
     <span class='ocr_line' id='line_1_99' title="bbox 1088 2819 1883 2850; baseline 0 -2"><span class='ocrx_word' id='word_1_572' title='bbox 1088 2823 1119 2849; x_wconf 89' lang='lat' dir='ltr'>S.</span> <span class='ocrx_word' id='word_1_573' title='bbox 1168 2822 1233 2849; x_wconf 82' lang='lat' dir='ltr'>Eas</span> <span class='ocrx_word' id='word_1_574' title='bbox 1260 2821 1324 2850; x_wconf 88' lang='lat' dir='ltr'>iam</span> <span class='ocrx_word' id='word_1_575' title='bbox 1345 2821 1503 2849; x_wconf 85' lang='lat' dir='ltr'>Homerus</span> <span class='ocrx_word' id='word_1_576' title='bbox 1527 2820 1698 2849; x_wconf 87' lang='lat' dir='ltr'>Tartarum</span> <span class='ocrx_word' id='word_1_577' title='bbox 1723 2819 1798 2848; x_wconf 88' lang='lat' dir='ltr'>dicit</span> <span class='ocrx_word' id='word_1_578' title='bbox 1823 2821 1883 2848; x_wconf 89' lang='lat' dir='ltr'>ha-</span> 
     </span>
     <span class='ocr_line' id='line_1_100' title="bbox 1086 2861 1884 2904; baseline -0.001 -10"><span class='ocrx_word' id='word_1_579' title='bbox 1086 2867 1188 2895; x_wconf 85' lang='lat' dir='ltr'>bitare</span> <span class='ocrx_word' id='word_1_580' title='bbox 1214 2867 1269 2895; x_wconf 87' lang='lat' dir='ltr'>Od.</span> <span class='ocrx_word' id='word_1_581' title='bbox 1298 2863 1356 2902; x_wconf 89' lang='grc'>11,</span> <span class='ocrx_word' id='word_1_582' title='bbox 1381 2863 1456 2894; x_wconf 71' lang='lat'>632.</span> <span class='ocrx_word' id='word_1_583' title='bbox 1493 2880 1539 2885; x_wconf 95' lang='lat'>—</span> <span class='ocrx_word' id='word_1_584' title='bbox 1580 2861 1762 2904; x_wconf 76' lang='lat' dir='ltr'>Harpyiae</span> <span class='ocrx_word' id='word_1_585' title='bbox 1785 2864 1825 2894; x_wconf 79' lang='lat' dir='ltr'>cf.</span> <span class='ocrx_word' id='word_1_586' title='bbox 1853 2863 1884 2902; x_wconf 87' lang='lat'>3,</span> 
     </span>
     <span class='ocr_line' id='line_1_101' title="bbox 1086 2905 1887 2949; baseline 0 -10"><span class='ocrx_word' id='word_1_587' title='bbox 1086 2909 1161 2940; x_wconf 81' lang='lat'>209.</span> <span class='ocrx_word' id='word_1_588' title='bbox 1199 2927 1240 2931; x_wconf 89' lang='lat'>—-</span> <span class='ocrx_word' id='word_1_589' title='bbox 1283 2909 1409 2940; x_wconf 88' lang='lat' dir='ltr'>Forma</span> <span class='ocrx_word' id='word_1_590' title='bbox 1434 2907 1637 2949; x_wconf 81' lang='lat' dir='ltr'>tricorporis</span> <span class='ocrx_word' id='word_1_591' title='bbox 1663 2905 1806 2938; x_wconf 83' lang='lat' dir='ltr'>umbrae</span> <span class='ocrx_word' id='word_1_592' title='bbox 1838 2914 1887 2940; x_wconf 84' lang='lat' dir='ltr'>est</span> 
     </span>
     <span class='ocr_line' id='line_1_102' title="bbox 1084 2952 1884 2993; baseline -0.003 -7"><span class='ocrx_word' id='word_1_593' title='bbox 1084 2959 1251 2992; x_wconf 83' lang='lat' dir='ltr'>Geryones</span> <span class='ocrx_word' id='word_1_594' title='bbox 1286 2957 1324 2986; x_wconf 81' lang='lat' dir='ltr'>cf.</span> <span class='ocrx_word' id='word_1_595' title='bbox 1356 2954 1397 2993; x_wconf 85' lang='grc'>8,</span> <span class='ocrx_word' id='word_1_596' title='bbox 1428 2953 1504 2984; x_wconf 87' lang='lat'>202.</span> <span class='ocrx_word' id='word_1_597' title='bbox 1552 2956 1646 2984; x_wconf 88' lang='lat' dir='ltr'>Lucr.</span> <span class='ocrx_word' id='word_1_598' title='bbox 1674 2954 1713 2988; x_wconf 87' lang='grc'>5,</span> <span class='ocrx_word' id='word_1_599' title='bbox 1742 2952 1784 2983; x_wconf 79' lang='lat'>28</span> <span class='ocrx_word' id='word_1_600' title='bbox 1821 2953 1884 2984; x_wconf 77' lang='lat' dir='ltr'>tri-</span> 
     </span>
    </p>
   </div>
   <div class='ocr_carea' id='block_1_16' title="bbox 242 2997 1884 3042">
    <p class='ocr_par' dir='ltr' id='par_1_20' title="bbox 242 2997 1884 3042">
     <span class='ocr_line' id='line_1_103' title="bbox 242 2997 1884 3042; baseline 0.001 -14"><span class='ocrx_word' id='word_1_601' title='bbox 242 3001 322 3028; x_wconf 88' lang='lat' dir='ltr'>alihi</span> <span class='ocrx_word' id='word_1_602' title='bbox 360 3005 591 3037; x_wconf 86' lang='lat' dir='ltr'>memorantur,</span> <span class='ocrx_word' id='word_1_603' title='bbox 630 3006 663 3030; x_wconf 92' lang='lat' dir='ltr'>nt</span> <span class='ocrx_word' id='word_1_604' title='bbox 700 3002 794 3030; x_wconf 82' lang='lat' dir='ltr'>Lucr.</span> <span class='ocrx_word' id='word_1_605' title='bbox 826 2999 861 3037; x_wconf 75' lang='lat'>4,</span> <span class='ocrx_word' id='word_1_606' title='bbox 889 2998 964 3030; x_wconf 84' lang='lat'>736.</span> <span class='ocrx_word' id='word_1_607' title='bbox 1005 3001 1035 3037; x_wconf 84' lang='grc'>5,</span> <span class='ocrx_word' id='word_1_608' title='bbox 1081 3004 1223 3042; x_wconf 72' lang='lat' dir='ltr'>pectora</span> <span class='ocrx_word' id='word_1_609' title='bbox 1248 2998 1437 3042; x_wconf 74' lang='lat' dir='ltr'>tergemini</span> <span class='ocrx_word' id='word_1_610' title='bbox 1462 2997 1512 3029; x_wconf 76' lang='lat' dir='ltr'>vis</span> <span class='ocrx_word' id='word_1_611' title='bbox 1541 2997 1726 3040; x_wconf 82' lang='lat' dir='ltr'>Geryonai.</span> <span class='ocrx_word' id='word_1_612' title='bbox 1767 3001 1825 3030; x_wconf 83' lang='lat' dir='ltr'>Sil.</span> <span class='ocrx_word' id='word_1_613' title='bbox 1854 3000 1884 3039; x_wconf 89' lang='grc'>3,</span> 
     </span>
    </p>
   </div>
   <div class='ocr_carea' id='block_1_17' title="bbox 243 3042 1035 3082">
    <p class='ocr_par' dir='ltr' id='par_1_21' title="bbox 243 3042 1035 3082">
     <span class='ocr_line' id='line_1_104' title="bbox 243 3042 1035 3082; baseline 0.004 -10"><span class='ocrx_word' id='word_1_614' title='bbox 243 3042 319 3073; x_wconf 81' lang='grc'>891.</span> <span class='ocrx_word' id='word_1_615' title='bbox 357 3051 385 3074; x_wconf 85' lang='lat' dir='ltr'>et</span> <span class='ocrx_word' id='word_1_616' title='bbox 418 3051 562 3075; x_wconf 82' lang='lat' dir='ltr'>monstra</span> <span class='ocrx_word' id='word_1_617' title='bbox 595 3049 728 3082; x_wconf 75' lang='lat' dir='ltr'>Scyllae</span> <span class='ocrx_word' id='word_1_618' title='bbox 760 3055 811 3082; x_wconf 85' lang='lat' dir='ltr'>ap.</span> <span class='ocrx_word' id='word_1_619' title='bbox 842 3049 920 3076; x_wconf 89' lang='lat' dir='ltr'>Stat.</span> <span class='ocrx_word' id='word_1_620' title='bbox 953 3047 1035 3075; x_wconf 88' lang='lat' dir='ltr'>Silv.</span> 
     </span>
    </p>
   </div>
   <div class='ocr_carea' id='block_1_18' title="bbox 1083 3043 1582 3087">
    <p class='ocr_par' dir='ltr' id='par_1_22' title="bbox 1083 3043 1582 3087">
     <span class='ocr_line' id='line_1_105' title="bbox 1083 3043 1582 3087; baseline -0.002 -12"><span class='ocrx_word' id='word_1_621' title='bbox 1083 3045 1148 3076; x_wconf 78' lang='lat'>423</span> <span class='ocrx_word' id='word_1_622' title='bbox 1179 3045 1347 3087; x_wconf 77' lang='lat' dir='ltr'>Geryonis</span> <span class='ocrx_word' id='word_1_623' title='bbox 1373 3043 1582 3086; x_wconf 79' lang='lat' dir='ltr'>tricorporis.</span> 
     </span>
    </p>
   </div>
   <div class='ocr_carea' id='block_1_19' title="bbox 1966 0 2023 3350">
    <p class='ocr_par' dir='ltr' id='par_1_23' title="bbox 1966 0 2023 3350">
     <span class='ocr_line' id='line_1_106' title="bbox 1966 0 2023 3350; baseline 0 0"><span class='ocrx_word' id='word_1_624' title='bbox 1966 0 2023 3350; x_wconf 95' lang='lat' dir='ltr'> </span> 
     </span>
    </p>
   </div>
  </div>
 </body>
</html>
