2023 3350
695 101 932 134 AENEIDOS
959 102 1043 136 LIB.
1073 102 1133 134 IX.

1653 99 1737 138 473

90 221 395 263 Constructam
430 219 565 272 ponto
604 216 787 267 iaciunt;
827 216 888 257 sic
924 216 1000 258 illa
1034 218 1203 259 ruinam

89 279 233 320 Prona
269 276 426 327 trahit,
465 274 724 329 penitusque
759 274 882 316 vadis
922 275 1050 317 inlisa
1088 274 1321 326 recumbit,

89 336 272 378 Miscent
311 349 354 376 se
390 333 549 383 maria,
590 337 632 374 et
672 333 821 387 nigrae
860 333 1120 375 attolluntur
1156 347 1325 375 arenae.

90 395 196 436 Tum
231 393 375 435 sonitu
409 390 627 445 Prochyta
666 391 757 433 alta
794 392 963 441 tremit,
1002 392 1242 446 durumque
1281 391 1421 433 cubile

1658 390 1739 429 715

88 452 274 494 Inarime
308 449 421 492 Iovis
462 450 654 503 imperiis
694 450 883 504 imposta
921 450 1133 506 Typhoeo.

206 509 286 550 Hic
324 507 441 549 Mars
480 508 745 562 armipotens
786 508 975 550 animum
1011 509 1205 562 viresque
1244 507 1409 549 Latinis

90 567 288 617 Addidit,
325 569 366 606 et
403 566 600 608 stimulos
633 581 754 608 acres
793 566 871 608 sub
903 570 1079 620 pectore
1114 567 1261 618 vertit3

87 624 355 677 Immisitque
395 624 560 678 Fugam
598 625 773 667 Teucris
814 629 1045 679 atrumque
1084 625 1309 666 Timorem.

89 682 286 736 Undique
323 684 601 733 conveniunt,
642 683 844 736 quoniam
885 683 989 725 data
1033 684 1157 737 copia
1194 695 1376 737 pugnae,

86 741 365 793 Bellatorque
402 742 545 783 animo
582 741 685 783 deus
724 741 889 783 incidit.

1660 681 1742 721 720

88 798 330 849 Pandarus,
365 803 415 840 ut
450 799 544 841 fuso
583 814 833 854 germanum
870 813 1050 854 corpore
1091 799 1237 848 cernit,

86 857 144 898 Et
186 870 271 910 quo
309 857 366 899 sit
396 857 575 900 fortuna
613 858 734 909 loco,
775 858 847 912 qui
883 872 1007 900 casus
1048 861 1151 911 agat
1190 871 1280 899 res:

86 915 262 956 Portam
299 915 340 956 vi
377 916 516 958 multa
555 931 759 958 converso
795 916 971 958 cardine
1009 918 1198 969 torquet,

88 972 283 1015 Obnixus
322 973 423 1017 latis
464 974 677 1027 humeris,
720 975 965 1028 multosque
1002 988 1179 1016 suorum

133 1139 211 1168 712.
238 1136 378 1168 ruinam
408 1137 518 1169 trahit
545 1141 587 1170 cf.
614 1141 646 1177 2,
672 1140 749 1169 466.

134 1185 210 1214 715.
238 1187 402 1220 Prochyta
438 1186 618 1223 (Procida)
650 1188 762 1216 insuia
790 1194 891 1222 prope

86 1232 207 1270 Baias,
245 1232 374 1260 Miseno
411 1235 631 1266 promontorio
668 1234 808 1262 obiecta.
847 1248 893 1252 --

88 1277 177 1314 alla,
209 1280 294 1312 quod
321 1287 338 1306 e
366 1279 446 1307 mari
469 1281 586 1309 eminet
612 1280 652 1309 cf.
680 1280 711 1317 3,
740 1279 793 1308 76.
827 1280 892 1307 Sed

88 1325 197 1360 potius
238 1330 285 1353 es!
321 1325 456 1359 iungere
491 1325 567 1354 alta
596 1323 729 1359 tremit,
757 1331 786 1353 ιιι
817 1322 893 1353 alla

87 1368 196 1407 volat,
236 1368 397 1400 sublimis
425 1369 496 1399 abit
523 1373 586 1401 iam
609 1373 762 1404 legimus.
803 1371 844 1400 cf.
863 1369 893 1403 4.

86 1416 142 1446 22.
175 1432 220 1437 -—
256 1414 383 1445 durum
419 1415 549 1453 cubile,
586 1420 672 1453 quod
711 1418 807 1447 saxis
843 1422 892 1446 est

88 1469 333 1498 oonsiructum3
369 1463 414 1492 ita
446 1457 638 1503 στρωμνὰν
663 1464 814 1499 Typnoei
840 1471 892 1498 ap.

89 1510 180 1539 Pind.
221 1511 316 1546 Pyth.
361 1508 388 1543 1,
423 1508 478 1538 28.
512 1517 540 1538 et
574 1513 666 1539 Hom.
706 1513 739 1539 ΙΙ.
769 1510 800 1543 2.
827 1509 894 1537 783

89 1551 141 1585 εἰν
172 1549 350 1594 Ἀρίμοις,
378 1549 445 1586 ὅθι
469 1551 560 1595 φασὶ
591 1549 768 1595 Τυφώεος
794 1549 896 1593 ἔμμε-

88 1609 150 1630 ναι
175 1594 295 1638 εὐνάς.

133 1647 212 1677 716.
243 1645 422 1678 Inarimen
445 1648 587 1677 insulam
604 1648 792 1683 impositam
814 1656 894 1676 esse

89 1696 249 1729 Typhoeo
293 1699 423 1729 praeter
456 1695 628 1730 Virgilium
661 1700 689 1723 ei
723 1696 892 1723 Lucanum

91 1740 152 1776 (cf.
176 1739 207 1777 3,
233 1740 321 1776 518)
353 1746 462 1770 narrat
496 1742 593 1769 etiam
629 1741 730 1769 Silius
756 1740 788 1775 S,
815 1738 894 1775 542,

90 1787 144 1821 qui
178 1786 237 1824 12,
274 1785 338 1815 148
367 1795 440 1815 eam
472 1787 626 1815 iniectam
661 1787 733 1815 dicit
766 1788 892 1821 {ape103

91 1841 198 1867 neque
235 1833 343 1861 minus
379 1833 522 1861 variavit
561 1835 644 1869 Vei„
688 1832 740 1866 qni
772 1832 803 1869 8,
826 1830 895 1859 ’298

91 1881 288 1913 Typhoeum
319 1878 351 1907 in
387 1881 523 1907 Tartaro
556 1888 634 1907 esse
669 1883 790 1907 narrat.
847 1879 894 1906 De

93 1926 254 1960 Typhoeo
281 1924 321 1953 cf·
350 1923 377 1960 l,
404 1924 481 1952 668.
500 1926 597 1953 —In
617 1925 657 1953 iis
675 1925 783 1959 terris,
810 1930 896 1958 quae

91 1970 255 1998 incendiis
286 1975 315 1999 et
349 1971 491 1999 motibus
518 1971 643 1999 crebris
669 1976 766 1999 nolae
793 1974 896 2004 erant,

93 2016 210 2046 Graeci
249 2022 380 2045 veteres
422 2017 580 2051 Gigantes
627 2025 705 2045 esse
745 2016 898 2044 dicebant

92 2064 255 2097 sepnnos.
316 2064 511 2097 Typhoeum
547 2063 841 2099 au1e1n1plerioue
865 2062 897 2090 in

91 2109 186 2145 Asia,
213 2108 329 2137 Cilicia
351 2110 406 2136 vei
429 2109 532 2143 Lydia
561 2109 703 2137 abditum
731 2111 897 2143 putabant.

92 2161 258 2189 Homerus
306 2156 414 2183 locum
469 2155 670 2191 nominavit,
721 2156 780 2184 sed
831 2163 896 2183 non

93 2201 303 2237 significavit.
375 2202 499 2230 Contra
548 2201 689 2230 Romani
730 2201 898 2229 Inarimen

93 2248 247 2276 dixerunt
280 2247 422 2276 insulam
467 2248 568 2276 maris
606 2248 717 2284 inferi,
758 2247 798 2275 cf.
826 2248 896 2276 Val.

93 2295 141 2322 Fl.
168 2291 200 2329 3,
227 2292 294 2322 207
326 2298 356 2322 el
383 2293 467 2322 Plin.
509 2296 575 2322 NH.
613 2293 645 2331 3,
682 2293 702 2322 6
739 2290 898 2322 Aenaria

93 2336 172 2378 ipsa
192 2347 214 2367 a
235 2337 386 2369 statione
404 2337 548 2368 navium
573 2338 724 2374 Aeneae,
751 2336 901 2368 Homero

96 2382 277 2415 Inarimae
303 2382 416 2422 (licta,
447 2383 593 2415 Graecis
620 2382 816 2415 Pithecusa.
860 2386 897 2413 Ει

95 2434 212 2461 Sirabo
244 2424 429 2471 πιθήκους
457 2436 487 2461 et
518 2424 674 2471 ἆρίμους
705 2432 790 2460 idem
823 2431 899 2459 dicit

95 2477 283 2513 significare
315 2476 364 2513 13,
391 2476 422 2514 4,
441 2477 471 2506 5.
499 2487 529 2514 p.
548 2477 626 2507 626.
661 2479 752 2513 Quod
771 2477 899 2506 Plinius

95 2526 135 2553 de
161 2525 302 2553 Homero
330 2523 470 2560 tradidit,
496 2532 579 2553 sane
598 2524 810 2553 verissimum
834 2532 899 2552 non

96 2575 165 2603 esi:
195 2571 281 2604 quod
305 2574 413 2598 autem
440 2578 483 2598 ex
515 2565 568 2599 εἰν
594 2562 746 2608 Ἀρίμοις
776 2577 898 2599 novum

94 2617 253 2646 formatur
276 2623 397 2645 nomen
417 2613 581 2653 Inarime,
608 2624 672 2644 non
701 2617 843 2652 offendit,
871 2616 901 2645 si

96 2671 182 2698 quae
224 2663 291 2692 alia
333 2662 483 2691 eiusdem
524 2663 656 2697 generis
695 2667 771 2691 sunt
811 2663 902 2691 facta

96 2709 361 2739 consideramus.
434 2708 488 2736 Sic
540 2715 594 2743 ap.
639 2708 723 2737 Plin.
771 2707 809 2746 5,
855 2707 895 2736 ‘21

96 2752 286 2785 Antiochia
355 2750 567 2794 Epidaphne
630 2751 903 2794 cognominata:

92 2793 278 2840 Ἀντιοχίοι
311 2793 369 2830 ἐπὶ
403 2793 550 2840 Δάφνῃ.
600 2799 656 2829 Sic
689 2797 902 2840 Aborigines

99 2847 250 2876 dixerunt
290 2845 412 2882 Latini,
465 2845 518 2880 qui
561 2849 637 2874 sunt
679 2848 718 2874 ab
763 2847 901 2883 origine,

100 2890 342 2922 Interamnam
363 2894 487 2928 urbem,
504 2899 588 2926 quae
608 2892 759 2921 estimet
773 2900 901 2921 amnes.

100 2940 193 2974 Quod
230 2939 258 2969 si
294 2939 326 2968 in
356 2946 421 2968 sua
449 2938 562 2973 lingua
593 2938 776 2975 faciebant,
802 2941 903 2967 multo

99 2986 197 3020 plura
231 2986 335 3015 licere
372 2984 436 3014 sibi
470 2986 629 3020 putabant
660 2984 692 3013 in
726 2985 903 3014 vocabulis

100 3031 232 3061 aliunde
258 3031 463 3069 assumptis,
493 3030 557 3060 nisi
582 3030 666 3060 forte
692 3031 813 3060 Graeci
838 3031 903 3060 iam

1663 972 1743 1011 725

938 1148 1056 1169 nomen
1083 1139 1243 1167 finxerunt
1270 1131 1465 1175 Εἰναρίμη.
1488 1152 1533 1155 --
1559 1137 1615 1166 Sic
1636 1129 1746 1166 'Em-

938 1181 1130 1224 κνημίδιοι,
1151 1178 1370 1221 Προποντίς,
1385 1183 1449 1211 alia
1464 1183 1598 1212 nomina
1614 1184 1746 1218 propria

940 1241 982 1261 ex
1009 1230 1257 1266 praepositione
1283 1233 1312 1257 et
1334 1229 1545 1257 substantivo
1571 1235 1640 1258 orna
1658 1234 1744 1259 sunt.

941 1278 1065 1307 Similis
1117 1278 1203 1311 apud
1252 1283 1312 1303 nos
1358 1274 1524 1313 Amsteg,
1570 1272 1744 1312 Amsnrth.

940 1328 1054 1353 Nonne
1084 1318 1246 1351 Stanibnl
1274 1326 1323 1349 est
1349 1316 1398 1355 εἰς
1421 1314 1489 1360 τὴν
1507 1314 1623 1355 πόλιν,
1647 1319 1747 1350 Ismir

940 1366 990 1405 εἰς
1034 1362 1222 1406 Σιιῦρναν.
1287 1369 1395 1402 Quare
1437 1375 1549 1395 errore
1593 1368 1747 1397 inductos

942 1416 1112 1451 probahiie
1138 1423 1201 1443 non
1238 1419 1284 1442 es!
1314 1415 1480 1442 Romanos
1508 1414 1588 1443 {alia
1614 1415 1747 1443 nomina

942 1463 1004 1491 sihi
1023 1462 1171 1495 finxisse,
1201 1468 1284 1494 (niae
1305 1465 1352 1487 es!
1373 1462 1603 1489 nonnullorum
1625 1461 1746 1496 opinio.

943 1510 1023 1544 Quid
1054 1508 1163 1536 enini?
1206 1509 1268 1535 hoc
1302 1507 1409 1540 ipsum
1452 1514 1570 1534 nomen
1608 1508 1646 1534 de
1684 1515 1747 1541 uuo

943 1556 1059 1588 agitur,
1075 1555 1214 1587 legendo
1227 1555 1485 1586 cognoscebant.
1497 1554 1747 1587 nonnndiendo,

945 1607 974 1630 υι
1010 1601 1112 1629 errori
1157 1602 1253 1628 locens
1295 1608 1358 1627 non
1401 1604 1505 1628 esset.
1569 1602 1680 1633 Neque
1716 1600 1748 1628 in

942 1651 1027 1677 lianc
1068 1655 1134 1675 rem
1178 1647 1365 1674 afferendae
1406 1650 1482 1673 sunt
1520 1646 1596 1674 illae
1633 1653 1749 1675 narra-

942 1695 1110 1723 nunculae
1130 1700 1214 1726 quae
1231 1696 1365 1721 exstant
1381 1692 1419 1719 de
1440 1692 1564 1727 origine
1582 1693 1749 1721 nominum

948 1738 1056 1770 Caere
1071 1745 1099 1767 et
1120 1735 1346 1767 [diseat-isne.
1360 1754 1404 1757 —
1421 1735 1575 1777 Imposta
1592 1744 1622 1767 ui
1648 1738 1675 1775 1,
1695 1738 1750 1767 26.

944 1828 1142 1860 717—777.
1178 1828 1322 1858 Turnus
1346 1825 1558 1864 Pandarum,
1587 1826 1646 1867 qui
1671 1835 1750 1868 por-

944 1878 1012 1906 tam
1047 1873 1237 1912 clauserat,
1277 1877 1309 1904 et
1335 1872 1466 1904 multos
1499 1871 1588 1904 alios
1623 1872 1750 1906 caedit.

991 1944 1069 1974 718.
1096 1942 1257 1974 stimulos
1280 1952 1306 1973 3.
1330 1952 1365 1983 p.
1391 1941 1497 1973 vertit
1524 1949 1556 1973 ιιι
1582 1944 1614 1981 6,
1643 1944 1719 1974 101.

990 2003 1067 2032 719.
1097 2005 1283 2041 atrumque
1303 2000 1483 2031 timorem:
1508 2002 1551 2030 ita
1577 2009 1630 2038 ap.
1655 2005 1750 2032 Hom.

944 2052 982 2079 Il.
1006 2048 1036 2081 4.
1062 2048 1129 2078 440
1153 2050 1185 2079 in
1214 2050 1329 2078 Martis
1354 2049 1509 2078 comitatu
1539 2053 1589 2076 est
1617 2043 1752 2087 Λειμός

944 2088 974 2124 τ’
994 2087 1059 2134 ἠδὲ
1085 2089 1217 2136 Φόβος.
1238 2112 1280 2117 -—
1301 2097 1339 2125 Ul
1364 2097 1423 2124 lux
1439 2095 1569 2124 omnino
1583 2097 1671 2123 laeta
1687 2100 1750 2132 est,

945 2142 1048 2170 tristis
1074 2142 1146 2170 eius
1163 2142 1329 2173 defectus:
1354 2146 1456 2171 atrum
1473 2141 1603 2170 omnino
1623 2141 1751 2179 dicitur,

945 2189 1030 2223 quod
1059 2188 1151 2217 triste
1174 2193 1224 2216 est
1243 2192 1273 2216 et
1300 2187 1442 2216 foedum.
1474 2187 1528 2216 Sic
1559 2184 1633 2215 dies
1653 2190 1752 2222 ater,-

945 2241 1052 2263 curae
1071 2237 1172 2262 arrae
1189 2236 1264 2263 Hor.
1288 2235 1322 2263 C.
1342 2231 1374 2270 4,
1398 2232 1449 2270 11,
1469 2231 1522 2262 35.
1550 2234 1627 2261 ater
1644 2230 1754 2271 piscis

945 2281 1015 2310 ΑΡ.
1045 2278 1074 2309 3.
1123 2281 1202 2309 Inde
1226 2281 1312 2315 apud
1336 2280 1457 2308 inferos
1495 2283 1565 2308 ater
1591 2281 1680 2308 color
1704 2283 1753 2308 est

948 2327 988 2357 cf.
1013 2324 1043 2361 6,
1071 2324 1146 2362 127,
1173 2330 1202 2356 et
1230 2327 1263 2355 in
1286 2328 1377 2355 luctu
1402 2330 1494 2355 atrae
1520 2326 1633 2354 taedae
1657 2326 1753 2354 adhi-

946 2376 1105 2402 bebantur
1131 2372 1166 2411 4,
1196 2371 1280 2411 334,
1317 2377 1346 2401 et
1375 2376 1448 2401 atra
1483 2375 1533 2400 est
1563 2380 1752 2410 cupressus,

948 2419 979 2455 3.v
1002 2417 1053 2447 64.

994 2463 1070 2494 720.
1099 2461 1186 2494 data
1217 2462 1319 2504 copia
1350 2472 1513 2505 pugnae,
1546 2471 1622 2493 nam
1657 2468 1755 2493 antea

948 2512 1050 2542 muris
1082 2512 1236 2547 prohibiti
1262 2516 1363 2541 erant.

994 2566 1072 2598 721.
1098 2571 1150 2598 Ita
1172 2571 1250 2598 Stat.
1271 2570 1369 2598 Theb.
1401 2566 1428 2605 Ι,
1449 2566 1467 2596 3
1494 2564 1630 2597 Pierius
1646 2565 1755 2597 menti

949 2612 1045 2644 calor
1079 2612 1215 2644 incidit.
1257 2630 1301 2635 —
1342 2612 1460 2643 animo
1504 2616 1585 2643 Mss.
1630 2623 1754 2645 omnes,

949 2659 1084 2690 animos
1115 2663 1197 2690 Med.
1231 2661 1288 2690 sed
1322 2669 1336 2689 s
1361 2660 1519 2695 perfosso.
1569 2661 1755 2698 Singularis

949 2705 1088 2741 animo,
1117 2708 1173 2736 uhi
1209 2708 1246 2736 de
1269 2707 1413 2742 plurium
1440 2707 1607 2736 hominum
1633 2708 1755 2737 animis

948 2761 1058 2783 sermo
1073 2758 1133 2790 est,
1152 2751 1178 2790 1,
1206 2751 1271 2780 579
1287 2750 1443 2781 animum
1470 2750 1611 2789 arrecti,
1631 2752 1662 2790 7,
1690 2751 1755 2782 392

950 2807 1117 2828 accensas
1141 2801 1280 2838 pectore
1300 2801 1441 2828 matres.
1480 2800 1534 2829 Sic
1556 2807 1699 2839 corpore
1721 2803 1757 2829 ut

949 2845 1002 2883 10,
1019 2843 1083 2874 334
1099 2842 1131 2874 in
1150 2853 1293 2884 corpore
1313 2842 1473 2874 Graium.
1496 2847 1546 2874 Ita
1558 2846 1660 2875 etalii
1674 2846 1757 2876 scri-

950 2896 1069 2928 ptoreS.
1119 2894 1228 2927 Neque
1249 2892 1336 2921 enim
1358 2892 1393 2920 in
1410 2892 1463 2920 his
1483 2892 1656 2933 vocabulis
1674 2900 1755 2928 opus

951 2942 999 2968 est
1036 2946 1215 2968 memorare
1243 2946 1423 2973 numerum,
1454 2938 1510 2973 qui
1530 2938 1596 2967 iam
1621 2939 1756 2968 aliunde

952 2988 1000 3014 est
1032 2988 1147 3021 notus3
1180 2985 1375 3014 indicandus
1410 2988 1459 3014 est
1490 2986 1602 3024 locus,
1629 2985 1663 3014 in
1693 2993 1755 3022 quo

952 3032 1037 3067 apud
1063 3031 1212 3068 singulos
1232 3030 1359 3067 aliquid
1383 3030 1425 3061 fit.
