2023 3350
705 137 937 171 AENEmos
963 140 1050 171 Liss.
1078 141 1104 173 1.
1667 141 1718 180 57

91 252 268 306 Incipit,
314 254 357 293 et
392 251 486 293 vivo
525 254 666 293 tentat
703 255 973 305 praevertere
1014 265 1160 294 amore

91 310 184 352 Iam
221 308 388 363 pridem
417 308 579 350 resides
612 308 777 350 animos
818 309 1078 364 desuetaque
1117 308 1260 351 corda.

209 367 443 420 Postquam
482 366 622 420 prima
656 367 774 420 quies
814 368 968 421 epulis,
1016 381 1268 421 mensaeque
1305 370 1508 420 remotae,

97 424 296 466 Crateras
336 438 512 478 magnos
552 426 749 466 statuunt
786 428 828 466 et
860 425 958 466 vina
995 428 1212 467 coronant.

91 481 162 523 Fit
194 481 398 535 strepitus
435 482 582 533 tectiS,
620 495 850 535 vocemque
886 497 961 536 per
994 482 1138 536 ampla
1173 482 1369 524 volutant

1641 484 1721 522 725

92 539 236 590 Atria3
278 538 516 592 dependent
550 538 694 593 lychni
732 540 1007 593 laquearibus
1045 540 1184 582 aureis

92 596 275 648 Incensi,
319 600 361 638 et
397 600 567 638 noctem
604 596 786 639 flammis
828 597 992 639 funalia
1029 598 1213 639 vincunt.

92 654 174 695 Hic
207 654 355 707 regina
393 667 564 708 gravem
603 655 779 709 gemmis
815 669 1006 709 auroque
1043 655 1240 709 poposcit

91 712 372 768 Implevitque
406 726 524 754 mero
560 716 773 766 pateram,
815 727 943 766 quam
980 714 1106 754 Belus
1145 716 1186 754 et
1228 725 1372 754 omnes

92 770 129 811 A
160 769 263 811 Belo
300 769 440 822 soliti;
485 774 577 811 tum
611 769 728 811 facta
767 770 937 812 silentia
970 771 1115 812 tectis:

1642 771 1722 810 730

92 827 306 881 Iuppiter,
346 827 591 882 hospitibus
633 842 731 869 nam
763 831 805 869 te
843 828 947 869 dare
987 829 1083 869 iura
1114 827 1360 880 loquuntur,

93 884 218 926 Hunc
255 884 415 926 laetum
455 885 677 939 Tyriisque
719 885 832 926 diem
864 885 1075 938 Troiaque
1109 884 1315 938 profectis

92 943 199 984 Esse
234 942 353 994 velis,
393 946 648 996 nostrosque
686 942 811 984 huius
847 943 1088 984 meminisse
1122 942 1319 982 minores.

94 1047 164 1078 tere
192 1046 342 1088 aliquem
375 1058 420 1078 sc.
452 1050 522 1078 eius
552 1050 739 1079 memoriam
762 1049 800 1078 cf.
827 1048 884 1077 Sil.

97 1093 124 1129 1,
149 1092 189 1122 61
218 1092 356 1124 abolere
384 1094 545 1135 Aegates.

139 1137 214 1169 721.
239 1141 458 1180 praevertere
480 1147 745 1177 „praeoccupare,
762 1142 887 1175 propter

95 1189 249 1215 lunonem
273 1186 343 1214 sine
365 1184 481 1214 dubi0“
504 1187 535 1214 S.

139 1229 214 1260 722.
240 1228 370 1259 resides
385 1231 523 1267 „pigr0s,
544 1232 584 1260 ad
609 1232 782 1260 amandum
802 1230 888 1260 iner-

94 1279 163 1306 tes*b
189 1279 220 1305 S.
243 1276 282 1306 cf.
310 1274 339 1313 6,
366 1274 441 1305 814.

93 1354 277 1386 723——36.
324 1351 464 1385 Alterae
487 1361 638 1385 mensae.
676 1352 887 1393 Libationes,

228 1405 364 1442 preCQS,
395 1403 534 1438 cantus,
561 1408 749 1431 sermones.

139 1457 215 1487 723.
246 1456 347 1497 Quies
372 1455 485 1498 epulis
508 1463 655 1495 „propter
673 1461 815 1495 regalem
838 1459 887 1487 af-

94 1505 273 1539 fluentiam
309 1508 419 1534 contra
444 1512 542 1539 supra
568 1502 675 1540 (216)
703 1505 763 1533 ait:
801 1509 886 1540 post-

93 1560 190 1586 quam
212 1555 359 1585 exempta
380 1550 482 1579 fames
505 1551 644 1585 epulis-5¹·
670 1552 701 1579 S.
727 1566 764 1570 -—
794 1559 887 1579 men-

93 1605 220 1636 saeque
242 1597 410 1625 remotae.-
431 1596 541 1633 „Licet
565 1599 623 1626 sub
641 1600 795 1625 extranea
816 1605 885 1631 per-

93 1650 174 1671 sona
212 1643 428 1671 Romanorum
465 1646 570 1671 tamen
602 1643 788 1677 exsequitur
818 1650 885 1671 mo-

93 1697 175 1724 rem,
207 1689 292 1722 apud
320 1696 400 1722 quos
427 1689 508 1717 duae
532 1695 661 1717 mensae
686 1693 791 1725 erant,
822 1696 888 1717 una

93 1736 276 1770 epularum,
311 1735 414 1763 altera
449 1732 668 1768 poeillorum.“
726 1734 772 1763 Cf.
811 1731 885 1762 216.

94 1781 157 1808 Sed
190 1784 362 1814 antequam
394 1784 556 1816 potarent,
593 1780 695 1809 libare
728 1784 756 1809 et
795 1781 887 1809 deum

95 1826 236 1859 aliquem
258 1825 411 1854 invocare
434 1827 587 1854 solebam.

141 1868 218 1899 724.
243 1871 295 1898 Ad
319 1874 403 1900 hunc
427 1879 558 1900 versum
581 1871 744 1901 conferunt
770 1872 887 1899 Home-

96 1916 197 1945 ricum
212 1918 249 1944 Il.
270 1916 297 1950 1,
318 1913 392 1945 469.
416 1917 485 1945 ubi:
514 1909 637 1955 Αὐτὰρ
662 1911 734 1946 ἐπεὶ
761 1910 889 1951 πόσιος

96 1957 158 1990 καὶ
190 1955 342 2000 ἐδητύος
374 1954 410 1998 ἐξ
436 1956 519 1999 ἔρον
543 1955 642 1999 ἕντο,
672 1958 801 2000 κοῦροι
825 1955 890 2000 μὲν

95 2003 279 2045 κρητῆρας
300 2000 544 2044 ἐπεστέψαντο
567 2005 696 2036 ποτοῖο
721 2007 741 2035 1.
759 2016 784 2036 6.
812 2007 888 2036 vino

98 2053 280 2087 implebant.
328 2054 436 2087 Neque
455 2056 560 2081 tamen
580 2057 695 2081 temere
715 2053 889 2089 Virgilium

98 2098 219 2127 imitari
258 2099 446 2133 Homerum,
484 2098 534 2127 1116
576 2100 667 2127 locus
705 2100 890 2127 documento

95 2148 159 2179 est,
204 2151 278 2172 nam
307 2143 455 2172 servavit
480 2145 660 2172 Romanum
692 2152 810 2172 morem
834 2152 890 2178 po-

96 2192 172 2219 cula
193 2190 325 2218 corollis
352 2190 499 2223 cingendi
525 2190 597 2218 sive
622 2189 810 2224 coronandi,
837 2189 890 2224 qui

96 2240 290 2265 memoratur
323 2233 360 2267 3,
385 2233 460 2263 525.
499 2236 566 2264 Tib.
601 2232 631 2270 2,
658 2235 689 2270 5,
714 2232 756 2263 98
789 2234 892 2269 [inter

97 2283 261 2310 Romanos
302 2285 412 2316 poetas
451 2282 564 2310 ceteris
602 2281 731 2309 minime
770 2283 892 2309 Graeca

96 2326 267 2362 affectans)
301 2324 494 2355 Coronatus
519 2324 626 2355 stabit
658 2328 689 2355 et
721 2328 801 2356 ante
834 2334 890 2354 ca-

99 2370 157 2402 lix.
207 2373 311 2407 Quare
333 2372 464 2401 minime
486 2372 636 2401 audiendi
661 2377 734 2400 sunt
757 2373 798 2404 ii,
834 2372 889 2406 qui

98 2419 273 2454 Virgilium
295 2418 433 2456 *Homeri
469 2411 611 2457 στέφειν
636 2426 691 2452 pro
725 2412 892 2456 στεφανί-

100 2462 169 2501 ζειν
205 2464 324 2492 dictum
360 2464 513 2492 habuisse
559 2464 681 2498 opinati
722 2468 804 2493 sunt.
850 2478 888 2482 —

107 2507 197 2538 sina
225 2513 331 2537 autem
361 2517 525 2538 coronare
548 2509 709 2538 contraria
734 2510 815 2538 dixit
840 2516 892 2537 ra-

99 2557 194 2589 tione,
218 2562 313 2589 quam
339 2556 498 2593 pateram
519 2552 671 2591 sundere
695 2555 733 2585 cf.
761 2554 792 2593 3,
816 2552 891 2583 354.

109 2599 199 2629 Ιίἠη
239 2600 334 2629 etiam
368 2600 447 2628 alibi
487 2601 664 2636 significant
701 2609 785 2630 vasa
816 2601 892 2629 vino

101 2648 233 2681 impleta
265 2650 297 2674 ut
333 2643 363 2681 9,
389 2643 464 2673 309.
502 2646 576 2674 Val.
604 2648 650 2675 Fl.
683 2645 713 2681 3,
739 2645 813 2675 609.
854 2661 890 2665 —

103 2695 127 2721 Ε
152 2696 274 2721 cratere
297 2691 409 2719 vinum
433 2692 639 2720 hauriebatur
661 2693 787 2728 cyathis
809 2696 836 2720 et
861 2692 895 2720 111

104 2739 221 2774 pocula
244 2737 442 2772 epulantium
462 2737 696 2766 infundebatur.

150 2781 225 2812 725.
257 2779 431 2821 strepitus
462 2786 496 2810 ut
530 2782 594 2811 fere
626 2784 758 2818 ubique,
796 2784 825 2811 si
855 2784 894 2812 ad

101 2831 218 2864 pocula
242 2832 373 2858 ventum
397 2831 455 2856 est.
487 2843 524 2846 —
555 2825 611 2864 „It
641 2827 805 2867 strepitus
829 2832 895 2858 tec-

101 2873 147 2903 tis
173 2876 192 2903 i.
218 2884 244 2903 e.
272 2875 313 2903 ad
336 2878 433 2907 tecta,
459 2877 491 2901 ut
517 2870 544 2902 it
569 2871 699 2903 clamor
722 2872 817 2903 caelo
843 2875 894 2910 (5,

104 2918 200 2956 424).
249 2920 380 2956 Legitur
403 2922 509 2947 autem
537 2923 581 2947 et:
600 2917 647 2958 fit
674 2921 734 2951 str.
758 2918 894 2951 tcctis.“

103 2969 135 2994 S.
185 2963 211 2995 it
235 2967 270 2994 P.
294 2974 356 2995 166.
384 2966 441 2993 Rb.
490 2962 529 3001 fit
552 2966 645 3003 Μῐῐγ.
686 2981 722 2985 —-
774 2964 894 2995 Vocem

103 3010 263 3040 volutare
289 3011 404 3048 legitur
426 3011 522 3039 etiam
548 3010 578 3044 5,
609 3008 680 3039 150.
705 3013 763 3039 Ov.
781 3014 823 3040 Μ.
844 3009 895 3045 12,

106 3058 166 3095 55;
204 3061 232 3086 61
273 3057 383 3087 Cicero
421 3057 500 3085 dixit
535 3054 636 3085 verba
676 3054 811 3086 volucre
841 3066 894 3092 pro

931 1048 1154 1084 pronuntiare,
1186 1051 1219 1076 ut
1243 1048 1280 1075 de
1305 1055 1349 1075 or.
1373 1045 1403 1083 3,
1431 1044 1471 1074 47
1504 1044 1726 1087 Longissima

933 1095 981 1122 eet
1026 1091 1137 1133 igitur
1172 1089 1360 1131 complexio
1401 1090 1598 1128 verborum.
1638 1100 1727 1132 quoe

934 1136 1028 1167 volvi
1055 1147 1123 1167 nno
1150 1135 1272 1177 spiritu
1298 1139 1422 1176 potest.
1461 1139 1547 1167 Brut.
1574 1136 1616 1165 70
1642 1136 1726 1166 cele-

933 1181 1017 1213 riter
1040 1193 1104 1213 sua
1129 1181 1232 1212 verba
1257 1180 1411 1212 volvens.

980 1228 1056 1259 726.
1082 1227 1176 1259 atria
1199 1237 1260 1268 per
1282 1225 1419 1267 ampla:
1449 1230 1585 1264 „Tangit
1609 1238 1727 1259 morem

934 1277 1133 1311 Romanum,
1168 1282 1243 1303 nam
1274 1279 1307 1303 ut
1332 1275 1376 1302 ait
1407 1276 1501 1310 Cato,
1534 1281 1560 1305 61
1588 1277 1621 1304 111
1645 1276 1726 1305 atrio

935 1326 964 1351 et
995 1323 1116 1350 duobus
1149 1321 1279 1350 ferculis
1310 1316 1414 1357 (zwei
1445 1318 1588 1362 Gdnge)
1616 1324 1727 1357 epula-

934 1370 1049 1396 bantur
1073 1367 1216 1401 autiqui‘*
1240 1368 1270 1394 S.
1298 1365 1343 1393 ita
1369 1364 1398 1401 3,
1425 1365 1498 1395 353.
1527 1384 1564 1387 -—
1598 1365 1728 1405 Lyclmi

934 1418 962 1443 et
997 1410 1144 1449 funalia
1186 1414 1287 1441 verba
1325 1413 1365 1440 ad
1404 1417 1551 1442 ornatum
1588 1415 1728 1443 maxime

934 1459 1118 1493 composita.
1168 1458 1214 1487 Cf.
1243 1457 1363 1494 regiam
1390 1459 1520 1487 Alcinoi
1553 1460 1643 1488 Hom.
1670 1461 1725 1489 Od.

934 1503 964 1538 7,
986 1503 1028 1532 82
1053 1513 1099 1539 sq,
1122 1504 1178 1532 Sil.
1210 1500 1257 1533 11.
1283 1501 1347 1531 280
1378 1500 1543 1543 Eripiunt
1565 1503 1728 1542 flammae

932 1551 1084 1587 noctem,
1118 1547 1331 1589 strepituque
1355 1552 1548 1579 mouentum
1576 1559 1728 1579 murmu-

933 1598 989 1625 rat
1030 1593 1104 1624 alta
1146 1592 1277 1624 [lomus.
1318 1610 1361 1613 —
1410 1592 1609 1635 laquearia
1646 1604 1729 1631 quae

934 1642 997 1670 sint
1018 1639 1049 1677 8,
1076 1639 1128 1670 25.

979 1685 1055 1715 728.
1081 1684 1156 1716 hic.-
1197 1691 1310 1723 ,.tunc,
1353 1690 1399 1715 est
1435 1696 1508 1723 ergo
1540 1689 1727 1717 adverbium

938 1732 1108 1768 temporis“
1143 1735 1173 1761 S.
1218 1734 1503 1762 demonstrativum
1538 1739 1567 1762 et
1602 1735 1728 1769 quidem

933 1787 996 1807 non
1027 1779 1204 1813 praesentis
1234 1780 1339 1807 solum
1371 1780 1426 1807 sed
1465 1780 1561 1809 etiam
1600 1780 1729 1815 perfecti

933 1829 966 1853 ut
991 1825 1122 1859 saepius
1147 1825 1185 1854 cf.
1211 1822 1241 1860 2,
1267 1822 1339 1853 122.
1368 1821 1441 1853 199.
1463 1823 1537 1854 386.
1557 1824 1632 1854 533.
1652 1823 1726 1854 699,

935 1868 1010 1898 735.
1036 1868 1112 1898 743.

981 1913 1056 1944 729.
1087 1913 1192 1944 Belus
1224 1917 1373 1951 „Lingua
1403 1917 1530 1945 Punica
1560 1917 1619 1945 Bal
1651 1917 1730 1945 deus

935 1962 1060 1997 dicitur,
1085 1963 1169 1996 apud
1184 1962 1344 1997 Assyrios
1369 1967 1475 1991 autem
1491 1963 1570 1990 Ber*
1596 1964 1626 1991 S.
1663 1963 1728 1991 Res

935 2008 1001 2036 iam
1033 2016 1075 2036 ex
1107 2008 1199 2036 libris
1230 2008 1334 2036 sacris
1366 2012 1450 2036 nota.
1500 2009 1599 2037 Belus
1632 2008 1729 2044 igitur

936 2056 966 2081 11.
992 2055 1012 2081 l.
1043 2054 1123 2088 Tyri
1149 2054 1272 2088 primus
1297 2062 1355 2082 rex
1384 2053 1488 2082 fuisse
1518 2054 1652 2090 fingitur.
1688 2070 1725 2074 -

936 2095 1091 2137 implevit
1122 2101 1293 2137 pateram.
1342 2101 1422 2128 Nam
1453 2108 1551 2135 quum
1575 2106 1648 2128 ante
1674 2108 1730 2134 po-

937 2146 1012 2173 cula
1036 2145 1159 2178 pateris
1180 2145 1304 2179 antiqui
1329 2146 1382 2174 usi
1407 2150 1530 2181 essent,
1556 2146 1675 2175 mansit
1700 2146 1730 2175 is

937 2197 1034 2225 usus,
1072 2197 1133 2223 quo
1161 2194 1271 2224 patera
1293 2191 1437 2219 libabant
1465 2192 1543 2227 diis3
1586 2196 1619 2220 ut
1645 2193 1730 2220 mola

939 2237 1047 2269 salsa,
1079 2235 1342 2269 antiquissimum
1366 2237 1429 2265 61111
1458 2245 1575 2272 genus,
1605 2245 1730 2271 semper

938 2280 970 2308 in
996 2280 1099 2308 sacris
1123 2281 1341 2309 adhibebatur.
1390 2283 1439 2310 Ita
1463 2283 1583 2316 pateris
1612 2283 1730 2311 libatur

939 2324 970 2359 3,
996 2323 1070 2354 354.
1097 2323 1128 2361 7,
1155 2324 1228 2353 133.
1256 2322 1307 2353 12.
1334 2324 1406 2354 174.
1456 2327 1590 2356 Libatur
1613 2331 1729 2364 autem,

937 2376 1108 2406 autequam
1138 2372 1266 2406 potandi
1298 2371 1326 2400 fit
1360 2372 1485 2401 initium
1518 2373 1556 2402 cf.
1590 2371 1627 2410 S,
1653 2371 1729 2411 278,

937 2422 966 2446 61
989 2418 1109 2445 libatur
1129 2425 1224 2446 mero.

984 2460 1060 2491 730.
1088 2459 1182 2491 soliti
1214 2471 1257 2491 sc.
1289 2462 1430 2497 implere.
1463 2479 1500 2482 —
1534 2465 1604 2492 tum
1629 2461 1730 2500 facta

938 2505 1078 2538 silentia
1102 2505 1211 2538 tectis.
1256 2510 1304 2537 Ita
1326 2510 1400 2537 Yal.
1427 2509 1474 2537 Fl.
1496 2507 1526 2545 2,
1555 2505 1619 2536 343
1657 2506 1731 2537 Cir-

939 2562 1015 2583 cum
1045 2551 1178 2593 pateris
1202 2551 1227 2583 it
1257 2551 1414 2583 Bacchus
1441 2556 1472 2583 et
1500 2551 1611 2583 omnis
1636 2552 1731 2582 Aula

939 2597 1041 2635 silet3
1076 2604 1105 2628 61
1139 2601 1221 2635 apud
1251 2600 1399 2629 Servium
1427 2600 1560 2638 legitur,
1600 2601 1730 2629 dubium

940 2654 982 2675 an
1006 2653 1025 2674 a
1051 2646 1163 2674 Servio
1187 2646 1340 2680 scriptum
1363 2649 1438 2674 hoc:
1469 2647 1587 2681 „Apud
1611 2646 1731 2674 Roma-

940 2700 1000 2720 nos
1024 2692 1122 2720 etiam
1147 2699 1243 2719 coena
1274 2691 1358 2719 edita
1383 2693 1585 2727 sublatisque
1607 2693 1730 2720 mensis

941 2737 1052 2772 primis
1084 2738 1248 2765 silentium
1280 2737 1344 2765 fieri
1374 2739 1511 2774 solebat,
1555 2739 1658 2772 quoad
1691 2746 1731 2766 ea

941 2790 1023 2818 quae
1056 2784 1093 2811 de
1128 2790 1226 2812 coena
1259 2783 1360 2811 libata
1391 2783 1517 2812 fuerant
1550 2785 1591 2812 ad
1624 2783 1729 2813 focum

941 2829 1096 2857 ferrentur
1114 2833 1143 2857 et
1166 2829 1232 2862 igni
1256 2826 1437 2857 tlareiitur“.

987 2871 1062 2902 731.
1089 2875 1230 2909 Iuppiter
1261 2875 1447 2909 hospitalis,
1486 2866 1575 2909 Ζεὺς
1603 2868 1730 2912 ξένιος,

941 2921 1117 2949 invocatur.

987 2964 1062 2993 732.
1094 2961 1265 3003 Troiaque
1286 2963 1469 3004 profectis.-
1502 2967 1610 3003 „Bene
1632 2966 1732 2995 noluit

939 3008 1106 3052 profugis
1129 3010 1254 3039 dicere-²
1281 3013 1311 3039 S.

987 3054 1063 3085 733.
1097 3053 1189 3086 Velis
1221 3064 1286 3085 vox
1319 3057 1488 3095 solemnis,
1524 3058 1562 3087 cf.
1593 3055 1629 3095 3,
1655 3054 1730 3086 457.
