2023 3350
226 129 277 167 52
787 128 822 158 P.
849 125 1045 158 VIRGILII
1072 125 1279 160 MARONIS

225 240 431 281 Bacatum
472 243 514 280 et
546 239 756 293 duplicem
794 238 968 291 gemmis
1007 252 1198 293 auroque
1234 254 1447 282 coronam.

1768 243 1849 282 655

225 297 341 338 Haec
375 297 564 338 celerans
601 297 683 337 iter
717 295 773 336 ad
809 308 937 336 naves
973 295 1177 338 tendebat
1216 297 1411 340 Achates.

338 355 395 394 At
432 354 639 408 Cytherea
677 365 809 393 novas
843 355 976 404 artes,
1018 366 1128 395 nova
1162 358 1335 407 pectore
1369 358 1514 398 versat

226 411 430 462 consilia,
469 415 517 452 ut
551 410 701 451 faciem
743 412 933 451 mutatus
972 412 1014 451 et
1055 424 1132 453 ora
1171 410 1335 466 Cupido

226 470 305 509 Pro
345 468 458 509 dulci
493 467 675 508 Ascanio
714 467 854 508 veniat
891 467 1100 521 donisque
1137 467 1349 511 furentem

225 526 430 567 incendat
469 525 660 578 reginam
698 527 829 577 atque
864 524 1030 566 ossibus
1065 525 1258 579 implicet
1291 528 1443 581 ignem.

1771 528 1853 567 660

226 584 390 636 Quippe
422 582 593 623 domum
627 581 750 622 timet
789 581 1035 635 ambiguam
1071 583 1303 637 Tyriosque
1338 584 1569 638 bilingues,

226 641 322 682 Urit
361 644 487 681 atrox
518 639 641 689 Iuno,
680 643 722 680 et
757 638 834 680 sub
867 643 1036 681 noctem
1073 655 1176 682 cura
1211 645 1416 683 recursat.

225 698 340 750 Ergo
379 698 444 738 his
480 696 687 749 aligerum
726 695 851 737 dictis
891 697 1065 739 adfatur
1104 699 1322 740 Amorem:

225 755 352 805 Nate,
387 767 506 795 meae
540 753 670 805 vires,
704 767 800 795 mea
832 768 987 808 magna
1023 756 1218 808 potentia
1253 756 1383 806 solus,

225 812 349 863 Nate,
386 811 522 866 patris
559 811 712 852 summi
753 812 826 866 qui
864 813 951 854 tela
990 812 1194 867 Typhoea
1232 814 1398 865 temnis,

224 945 362 978 constat,
396 942 510 976 quales
538 942 601 970 sint
634 945 741 971 bacae.
798 944 846 972 Ita
873 943 943 972 Cui.
972 940 1013 970 67

227 984 307 1016 Indi
338 984 423 1016 baca
455 985 573 1016 maris.
619 989 679 1016 Sed
704 990 762 1017 Ov.
793 991 835 1018 M.
864 986 923 1026 10,
949 986 1014 1016 116

221 1030 400 1073 parilique
444 1041 483 1062 ex
525 1041 603 1062 aere
641 1033 812 1069 (argento)
858 1031 1016 1064 nitebant

223 1076 376 1108 Auribus
398 1076 432 1107 in
449 1076 600 1118 geminis
613 1077 738 1107 circum
756 1088 843 1108 cava
861 1082 1015 1119 tempora

224 1121 342 1153 bacae.
391 1125 532 1159 Torques
557 1125 686 1159 regibus
716 1132 737 1154 a
761 1130 875 1155 senatu
902 1127 1017 1155 dantur

224 1171 296 1199 Liv.
323 1167 382 1207 43,
410 1169 439 1198 5.
476 1167 536 1204 44.
562 1168 613 1198 14.

270 1214 344 1244 655.
359 1213 531 1255 duplicem
546 1224 707 1245 coronam
718 1225 727 1245 .-
739 1218 845 1254 „Sane
858 1217 1015 1246 immiscet

224 1263 404 1290 Romanam
441 1263 716 1297 consuetudinem;
762 1263 889 1291 coronis
929 1263 1015 1291 enim

226 1307 363 1336 feminae
385 1307 572 1336 utebantuff‘
593 1310 644 1345 S.;
673 1311 702 1337 h.
728 1310 749 1336 l.
772 1309 868 1337 etiam
894 1309 1016 1345 regium

224 1357 272 1382 est
293 1354 429 1389 insigne,
449 1357 484 1381 ut
499 1352 530 1389 8,
546 1351 621 1382 505.
661 1351 797 1393 Duplex
819 1358 867 1383 est
890 1354 1016 1389 proprio

225 1407 324 1427 sensu
359 1399 396 1428 cf.
420 1400 493 1427 Val.
521 1400 567 1428 Fl.
595 1397 633 1434 8,
661 1397 724 1427 235
761 1397 905 1428 Medeae
935 1397 1015 1439 Ipsa

226 1453 323 1473 suam
343 1442 512 1484 duplicem
533 1442 698 1483 Cytherea
716 1453 875 1473 coronam
896 1443 1013 1475 donat.

229 1505 266 1509 ——
299 1487 450 1518 Gemmis
473 1498 627 1528 auroque
652 1491 690 1519 cf.
717 1488 751 1525 3,
781 1488 855 1519 618.

272 1533 346 1563 656.
374 1532 458 1564 haec
482 1532 653 1564 celerans:
688 1538 738 1564 Ita
760 1536 927 1571 imperium
952 1537 1015 1565 ali-

226 1581 320 1609 cuius
344 1582 483 1610 celerare
509 1581 528 1609 i.
554 1590 579 1609 e.
605 1582 749 1610 celeriter
778 1583 911 1616 exsequi
935 1583 1017 1611 dixit

227 1627 300 1655 Val.
327 1628 373 1654 Fl.
402 1624 432 1663 4,
457 1624 509 1655 80.
542 1625 617 1655 385.
666 1629 716 1655 Ita
739 1628 844 1656 active
871 1633 901 1656 et
925 1628 1014 1663 alibi,

229 1676 261 1701 ut
285 1669 434 1701 cel-erare
461 1669 525 1701 iter
557 1670 588 1707 8,
614 1671 666 1701 90.
716 1680 836 1702 cursus
864 1671 914 1708 10,
939 1672 1015 1701 249.

231 1733 267 1737 -
307 1715 375 1746 Iter
401 1715 539 1746 tendere
566 1716 603 1755 6,
634 1716 708 1746 240.
753 1716 790 1754 7,
822 1716 859 1754 7,
891 1723 920 1747 et
953 1717 1018 1749 iter

227 1759 432 1792 contendere
457 1763 522 1792 Cic.
550 1772 595 1798 pr.
622 1765 693 1792 ΒΑ.
725 1762 776 1792 34.
807 1780 843 1783 -
872 1766 940 1793 llas
965 1773 1017 1793 res

228 1810 311 1837 unde
330 1809 461 1837 Aeneas
485 1811 615 1838 haberet
639 1809 801 1844 quaesivit
834 1807 936 1845 Wcl.‚·
961 1811 1017 1839 sed

227 1862 309 1889 quae
335 1854 469 1890 profert,
494 1862 686 1889 quamquam
713 1858 817 1890 probo,
850 1864 911 1884 non
937 1864 1019 1891 opus

227 1909 300 1929 esse
321 1908 435 1930 censeo
460 1908 620 1935 quaerere.

228 1976 352 2008 657—
368 1976 421 2008 96.
483 1977 602 2008 venus
647 1977 682 2008 in
722 1978 862 2010 Ascanii
903 1978 1018 2010 locum

430 2020 614 2054 substituit
638 2022 815 2056 Amorem.

274 2082 385 2110 Venus
406 2082 564 2118 Cytherea
587 2083 682 2120 timet,
709 2092 749 2112 ne
773 2091 792 2113 a
815 2086 936 2113 Iunone
959 2085 1017 2112 im-

228 2129 325 2162 pulsa
346 2128 426 2156 Dido
459 2128 603 2157 animum
636 2133 749 2167 mutet,
783 2137 881 2165 quare
911 2137 1019 2159 amore

228 2180 301 2201 eam
325 2174 429 2201 studet
453 2174 626 2203 devincire.

275 2216 350 2246 658.
379 2216 517 2254 Facies,
558 2216 712 2256 Gestalt,
742 2221 790 2249 sic
815 2222 850 2249 G.
881 2219 918 2257 2,
954 2218 1016 2249 131

227 2260 307 2304 ipsa
331 2261 457 2304 ingens
487 2261 588 2293 arbos
615 2263 814 2305 faciemque
838 2263 1020 2295 simillima

229 2307 349 2346 lauro,
381 2310 423 2338 A.
451 2308 484 2345 3,
507 2307 580 2339 310.
615 2310 651 2348 5,
676 2309 751 2340 722.
786 2308 844 2349 12,
870 2310 945 2340 416.
977 2328 1014 2332 -

229 2363 290 2384 ora
310 2351 501 2393 (Antlitz).
539 2372 575 2375 —
611 2357 651 2385 Ut
676 2359 705 2386 h.
729 2359 750 2385 l.
775 2357 876 2386 facies
898 2362 928 2387 et
950 2365 1017 2395 ora,

229 2401 277 2431 sie
300 2398 363 2428 683
392 2401 492 2430 facies
517 2406 546 2430 et
570 2404 682 2431 vultus
707 2403 889 2439 iunguntur.

275 2444 350 2474 660.
381 2444 488 2476 Donis
510 2444 695 2483 incendat3
719 2449 823 2477 omnis
844 2450 929 2478 enim
948 2457 1018 2478 mu—

229 2492 289 2521 lier
313 2500 478 2521 munerum
499 2495 667 2528 splendore
690 2495 822 2529 eapitur.
871 2495 917 2523 Cf.
940 2492 1015 2523 713.

230 2534 306 2565 714.
339 2553 376 2557 -
415 2535 598 2568 Fur-entem
635 2540 806 2573 „incendat
844 2544 873 2568 et.
913 2540 1019 2568 furere

230 2582 343 2619 faciat,
377 2587 411 2611 ut
443 2580 500 2620 (4,
542 2582 583 2612 22
620 2593 713 2619 quem
747 2587 852 2614 locum
890 2585 1016 2620 confer]

231 2625 451 2667 animumque
483 2626 658 2659 labantem
693 2628 864 2670 impulit.“
910 2633 941 2659 S.
977 2646 1014 2650 —

232 2670 362 2701 ossibus
391 2671 543 2712 implicet
570 2673 708 2716 ignem.-
757 2678 843 2706 Idem
873 2674 909 2713 7,
941 2674 1016 2705 355.

235 2715 420 2756 Implicare
443 2723 491 2747 est
520 2721 648 2757 infigere
670 2726 700 2751 et
726 2723 836 2751 eadem
858 2726 1018 2751 structura

231 2763 269 2792 cf.
295 2763 329 2792 C.
354 2764 390 2791 de
412 2764 484 2793 Div.
512 2764 539 2802 1,
561 2764 620 2795 36·
660 2764 719 2796 Dii
740 2765 807 2796 vim
831 2776 930 2796 suam
953 2776 1017 2796 na-

231 2805 320 2836 turis
358 2805 532 2838 hominum
569 2809 761 2851 implicant.
830 2814 930 2842 Aliud
970 2817 1018 2841 est

231 2851 412 2893 implicare
433 2852 526 2894 alqd.
552 2855 672 2897 aliqua
697 2866 742 2887 re.
778 2874 815 2878 —
850 2856 950 2899 Ignis
980 2860 1017 2887 de

231 2906 339 2927 amore
364 2896 399 2933 4,
428 2897 457 2927 2.

277 2941 352 2972 661.
383 2941 526 2973 Domum
546 2944 762 2988 ambiguam,
787 2949 1017 2978 inconstantem

231 2994 261 3018 et
282 2989 519 3019 fraudulentam
543 2996 665 3027 gentem
688 2995 882 3031 Poenorum3
909 3002 1017 3023 eorum

230 3035 316 3064 enini
344 3035 473 3069 perfidia
509 3038 592 3071 apud
621 3039 784 3069 Romanos
816 3041 851 3069 in
886 3048 1017 3075 prover-

1772 814 1854 853 665

1064 944 1150 972 bium
1174 944 1262 972 abiit.
1313 944 1413 981 „Item
1438 949 1489 977 ap.
1516 941 1650 970 Livium
1680 939 1739 979 21,
1767 938 1787 970 4
1820 943 1857 970 de

1062 989 1243 1018 Annibale:
1285 989 1464 1018 inhumana
1488 987 1680 1024 crudelitas,
1705 984 1858 1027 perfidia

1061 1032 1142 1075 plus
1180 1043 1284 1074 qnam
1324 1031 1482 1064 Punica.-
1520 1033 1591 1062 veri
1629 1033 1730 1071 nihil,
1774 1033 1857 1061 nihil

1063 1081 1186 1117 sancti,
1217 1081 1339 1110 nullius
1371 1080 1421 1109 dei
1448 1083 1568 1116 metus,
1601 1080 1728 1108 nullum
1752 1078 1855 1107 iusiu-

1063 1128 1213 1163 randum,
1245 1128 1337 1155 nulla
1367 1124 1500 1162 religi0“
1529 1127 1560 1153 S.
1609 1125 1705 1153 Fides
1731 1124 1856 1153 Punica

1063 1177 1191 1201 notatur
1214 1179 1265 1207 ap.
1292 1173 1365 1201 Liv.
1390 1169 1452 1209 22,
1477 1169 1506 1199 6.
1541 1167 1593 1199 48.
1633 1168 1687 1208 26,
1710 1166 1762 1198 17.
1800 1167 1855 1207 30,

1062 1216 1114 1247 22.
1159 1216 1218 1255 42,
1257 1215 1310 1246 47.
1381 1213 1604 1256 Carthago
1642 1212 1856 1254 fraudum

1064 1261 1210 1293 domus
1235 1265 1292 1292 Sil.
1327 1261 1365 1300 6,
1400 1260 1476 1291 480.
1524 1262 1621 1296 Apud
1644 1263 1703 1291 Ov.
1725 1263 1798 1290 Met.
1823 1258 1874 1298 2,v

1063 1307 1081 1337 9
1106 1311 1241 1338 Proteus
1265 1309 1381 1339 dicitur
1404 1308 1589 1344 ambiguus,
1623 1309 1707 1342 quod
1737 1307 1856 1336 faciem

1062 1363 1158 1390 saepe
1181 1360 1290 1384 mutat.
1332 1355 1449 1390 Tyrios
1472 1361 1535 1393 que
1553 1356 1602 1382 est
1622 1353 1856 1388 explicativum

1063 1402 1101 1430 cf.
1127 1403 1204 1430 Exc.
1234 1417 1271 1421 ——
1303 1398 1508 1441 BilingueS,
1533 1398 1683 1437 fallaces,
1712 1396 1855 1438 duppe!-

1063 1444 1211 1488 ziingig.
1273 1443 1416 1475 Dimitte
1452 1442 1629 1485 bilingues
1667 1452 1707 1473 ex
1740 1441 1857 1473 animo

1063 1490 1172 1521 socios
1196 1493 1253 1521 Sil.
1290 1489 1349 1527 16,
1385 1489 1459 1519 157.
1513 1487 1649 1519 Movete
1679 1487 1858 1530 bilingues

1061 1535 1212 1567 insidias
1244 1539 1356 1567 Claud.
1394 1538 1429 1565 B.
1461 1537 1542 1565 Gild.
1579 1533 1653 1565 284.
1709 1538 1759 1565 Ita
1790 1536 1856 1565 iam

1062 1585 1147 1618 apud
1172 1586 1332 1620 Plautum,
1366 1584 1454 1611 Pers.
1486 1580 1516 1619 2,
1542 1579 1573 1619 4,
1599 1579 1642 1610 28
1673 1579 1856 1622 Tanquam

1059 1637 1264 1669 proserpens
1288 1626 1398 1658 bestia
1422 1630 1470 1657 est
1494 1624 1667 1667 bilinguis
1688 1630 1720 1658 et
1736 1625 1858 1656 sceles-

1062 1677 1129 1704 tus.
1175 1676 1269 1703 Poen.
1294 1675 1324 1711 5,
1341 1672 1370 1710 2,
1395 1671 1438 1702 74
1466 1670 1730 1713 Bisulcilingua
1756 1670 1859 1712 quasi

1060 1728 1266 1759 proserpens
1291 1717 1410 1749 bestia.
1459 1719 1581 1753 Quibus
1602 1727 1644 1748 ex
1663 1719 1743 1748 locis
1766 1719 1857 1748 vide-

1063 1773 1135 1794 mus
1162 1766 1356 1801 serpentium
1386 1766 1471 1799 apud
1492 1765 1655 1793 Romanos
1677 1773 1714 1794 eo
1739 1765 1772 1793 in
1796 1773 1855 1794 vo—

1064 1813 1178 1840 cabulo
1201 1814 1335 1840 subesse
1360 1810 1592 1847 cogitationem.

1111 1855 1186 1885 662.
1220 1855 1294 1886 Urit
1331 1858 1432 1885 atrox
1467 1853 1568 1890 luno,
1603 1856 1623 1884 i.
1659 1865 1685 1885 e.
1725 1859 1761 1885 ut
1798 1864 1857 1885 nos

1064 1903 1233 1938 loquimur,
1259 1902 1321 1931 urit
1343 1902 1477 1930 Iunonis
1500 1901 1675 1930 atrocitatis
1696 1902 1856 1938 cogitatio.

1068 1964 1104 1967 ——
1146 1945 1217 1976 Sub
1254 1952 1378 1983 tempus
1417 1947 1536 1976 indicat
1575 1947 1614 1976 cf.
1646 1949 1698 1976 Gr.
1729 1948 1751 1983 ἓ
1779 1945 1855 1977 357.

1064 1991 1124 2022 sub
1156 1996 1309 2022 noctem:
1360 1995 1442 2022 Nam
1473 1993 1609 2022 Tristior
1640 1993 1758 2023 idcirco
1791 2001 1858 2023 nox

1063 2043 1111 2068 est
1139 2047 1235 2074 quam
1263 2043 1405 2074 tempora
1433 2039 1567 2067 Phoebi:
1616 2039 1704 2073 Quae
1736 2040 1859 2069 relevet

1064 2087 1179 2122 luctus,
1209 2087 1301 2113 turba
1325 2085 1447 2114 sodalis
1472 2087 1564 2114 abest
1585 2086 1643 2113 Ov.
1666 2086 1755 2114 Rem.
1779 2086 1855 2114 Am.

1065 2128 1149 2167 5853
1191 2131 1265 2159 hinc
1293 2133 1363 2159 Nox
1396 2138 1544 2160 curarum
1574 2130 1719 2159 maxima
1747 2131 1857 2160 nutrix

1065 2177 1179 2205 dicitur
1210 2178 1283 2205 Met.
1315 2174 1352 2214 8,
1394 2174 1446 2205 81.
1486 2192 1523 2196 -
1565 2183 1649 2205 cura
1680 2178 1857 2205 recursat.-

1064 2223 1149 2250 Idem
1176 2219 1235 2258 12,
1265 2220 1342 2250 802.

1110 2265 1185 2296 664.
1213 2268 1258 2296 Cf.
1279 2270 1337 2296 Ov.
1358 2270 1399 2296 M.
1422 2267 1452 2303 5,
1469 2265 1545 2303 365,
1570 2267 1624 2295 ubi
1642 2267 1745 2296 simili
1763 2268 1855 2297 modo

1064 2313 1175 2342 Venus
1207 2314 1359 2342 Amorem
1395 2313 1585 2347 alloquitur:
1644 2311 1751 2341 Arma
1779 2321 1854 2342 ma-

1062 2366 1196 2397 nusque
1219 2366 1326 2395 meae,
1344 2367 1433 2395 mea,
1453 2360 1547 2396 nate,
1563 2357 1733 2399 potentia,
1755 2355 1855 2395 dixit,

1068 2401 1136 2432 Illa
1174 2401 1296 2443 quibus
1329 2412 1474 2443 superas
1512 2411 1628 2433 omnes
1662 2412 1747 2445 cape
1785 2401 1855 2433 tela

1072 2446 1206 2488 Cupido
1240 2453 1269 2477 et
1310 2447 1372 2477 369
1418 2447 1468 2478 'lu
1503 2457 1645 2500 sup-eros
1676 2448 1856 2490 ipsumque

1068 2492 1197 2530 Iouem,
1227 2496 1265 2524 tu
1297 2492 1443 2523 numina
1469 2493 1571 2534 ponti
1605 2493 1703 2525 Victa
1733 2494 1857 2525 domas

1065 2542 1126 2568 etc.
1156 2555 1193 2558 —
1222 2541 1304 2569 nate
1329 2556 1365 2559 —
1393 2537 1507 2570 solus.-
1555 2542 1713 2571 tonativo
1737 2541 1856 2576 apponi

1064 2589 1165 2620 potest
1196 2586 1432 2621 nominativus;
1464 2587 1510 2615 ita
1533 2588 1591 2616 Ov.
1620 2589 1693 2616 Her.
1721 2584 1781 2625 14,
1811 2585 1853 2615 73

1069 2627 1185 2670 Surge
1214 2639 1300 2671 age,
1336 2629 1474 2669 Belide,
1508 2630 1550 2661 de
1574 2634 1624 2662 tot
1650 2630 1751 2662 modo
1777 2631 1856 2670 fra—

1064 2673 1174 2705 tribus
1206 2685 1307 2706 unus.
1361 2677 1407 2706 Cf.
1441 2680 1492 2707 Gr.
1528 2676 1610 2715 252,
1643 2677 1682 2715 5·,
1713 2679 1793 2706 adde
1823 2675 1854 2715 2,

1063 2718 1140 2750 283.
1191 2718 1275 2750 Hele.
1302 2723 1496 2760 interpungit
1517 2722 1689 2764 potentia,
1716 2720 1855 2760 solus..‚

1063 2771 1146 2796 recte
1170 2767 1325 2797 refutatus
1349 2776 1370 2797 a
1397 2767 1518 2798 lVrlro.

1110 2811 1185 2841 665.
1212 2815 1347 2850 Typhon
1378 2816 1435 2843 vel
1464 2816 1650 2851 Typhoeus,
1684 2814 1853 2852 centiceps,

1063 2865 1084 2886 a
1114 2859 1213 2887 Terra
1243 2864 1277 2888 ut
1306 2860 1456 2889 Titanum
1486 2862 1609 2890 cladem
1644 2859 1855 2890 ulcisceretur

1063 2905 1262 2942 progenitus,
1295 2912 1315 2934 a
1339 2907 1416 2935 Iove
1443 2906 1579 2935 fulmine
1597 2908 1645 2934 est
1669 2913 1853 2939 percussuS.

1062 2951 1173 2984 Itaque
1196 2952 1261 2979 tela
1280 2952 1435 2987 Typhoea
1458 2956 1546 2988 sunt,
1576 2950 1691 2986 quibus
1711 2952 1855 2987 Iuppiter

1063 3003 1142 3023 usus
1180 3000 1229 3024 est
1263 2996 1297 3025 in
1328 2998 1531 3034 Typhoeum,
1575 2996 1595 3025 i.
1636 3004 1663 3025 e.
1704 2997 1851 3026 fulmina.

1062 3040 1167 3069 Etiam
1198 3041 1231 3069 in
1265 3043 1399 3078 gemmis
1433 3042 1627 3078 conspicitur
1657 3042 1758 3072 Amor
1790 3041 1854 3072 ful-
