2044 3329
249 123 308 148 ΧΠ
923 125 1197 161 PRAEFATIO.

253 250 388 290 noque
414 251 463 279 co
487 238 655 280 nominc
690 238 861 291 dignam
890 252 981 280 esse
1010 254 1086 281 nec
1116 240 1272 283 durare
1300 241 1500 295 potuisse,
1537 255 1621 283 non
1651 241 1861 296 intellige-

249 309 335 355 ret,
381 305 435 346 ab
466 308 658 359 Augusto
693 321 857 348 summa
880 306 996 348 bona
1018 308 1062 349 in
1088 309 1393 362 rempublicam
1425 323 1516 352 esse
1552 310 1728 362 collata,
1775 324 1861 352 non

248 377 420 425 poterat
448 389 616 427 negare.
675 376 731 416 Et
757 375 968 417 intellexit
991 376 1126 417 omnis
1153 377 1347 430 populus,
1374 381 1416 419 et
1438 379 1524 419 iam
1549 393 1677 432 quum
1703 378 1861 420 bellum

250 443 539 483 Antonianum
560 444 875 494 exardescebat,
897 457 1061 485 summa
1073 444 1362 487 sollicitudine
1376 450 1418 487 et
1433 447 1661 498 anxietate,
1686 450 1728 488 et
1742 446 1861 488 finito

252 510 432 551 feliciter
464 511 593 562 bello,
645 526 806 553 summo
832 512 988 565 gaudio
1018 516 1060 553 et
1090 514 1263 555 summis
1289 513 1524 556 honoribus
1550 515 1594 556 in
1623 515 1862 567 Augustum

249 578 415 619 collatis
445 579 659 621 indicavit.
718 582 859 633 Atque
890 581 925 622 is
955 581 1029 631 vir,
1055 581 1292 635 imperator
1318 586 1550 636 perpetuus
1574 597 1625 624 ac
1653 582 1862 637 princeps,

247 646 289 686 in
319 646 584 688 adversarios
614 648 914 690 infestissimos
944 649 1050 690 lenis
1079 653 1122 690 et
1149 654 1410 702 mansuetus,
1464 651 1509 692 in
1545 665 1689 692 omncs
1729 650 1862 692 comis

248 719 358 763 crat,
401 719 448 755 ut
480 729 559 767 par
589 715 742 757 infimis
777 731 868 759 esse
896 717 1122 759 videretur.
1181 718 1273 760 Iam
1307 733 1406 760 vero
1445 719 1481 760 si
1512 719 1604 761 iure
1638 719 1862 774 perhorre-

245 783 400 823 scimus
429 783 704 825 Octavianum
739 785 874 837 illum,
925 786 999 839 qui
1029 785 1272 828 Ciceronem
1304 801 1533 842 omnesque
1576 788 1712 830 bonos
1748 787 1862 829 frau-

245 850 380 901 davit,
419 851 492 904 qui
519 853 854 906 proscriptiones
886 853 1020 895 edidit
1046 854 1380 908 crudelissimas,
1418 857 1491 910 qui
1517 870 1568 898 ex
1593 857 1726 910 agris,
1753 869 1862 910 quos

245 919 518 960 mercenariis
544 920 630 962 suis
660 921 794 973 daret,
825 923 988 976 expulit
1008 922 1135 964 cives:
1162 926 1304 965 tamen
1331 938 1487 978 negare
1515 939 1599 966 non
1626 938 1863 979 possumus,

245 987 334 1027 eius
372 987 596 1039 imperium
634 990 895 1043 reipublicae
934 992 1064 1033 fuisse
1104 992 1312 1045 salutare,
1366 1007 1458 1034 eam
1495 996 1639 1034 autem
1680 992 1863 1034 formam

243 1054 513 1108 reipublicae,
541 1070 667 1110 quam
682 1059 774 1113 ipse
792 1060 959 1101 induxit
975 1065 1017 1102 et
1041 1075 1167 1114 quam
1185 1061 1493 1103 commendavit
1505 1061 1708 1115 Virgilius
1724 1060 1794 1116 (cf.
1813 1061 1863 1112 V,

246 1126 358 1177 758),
379 1137 427 1165 eo
444 1127 635 1178 tempore
652 1128 782 1170 fuisse
795 1130 1070 1184 aptissimam,
1097 1134 1155 1181 ut,
1181 1131 1216 1171 si
1234 1129 1541 1185 vituperandus
1558 1134 1622 1171 est
1633 1130 1862 1183 Augustus,

245 1207 328 1233 non
357 1193 412 1233 sit
437 1198 685 1248 propterea,
736 1198 853 1251 quod
883 1199 1173 1252 principatum
1210 1200 1365 1250 tenuit,
1414 1198 1487 1240 sed
1524 1198 1637 1252 quod
1677 1197 1862 1251 speciem

244 1261 403 1303 liberae
431 1262 617 1305 civitatis
645 1265 814 1308 laedere
844 1268 969 1309 nimis
999 1267 1285 1309 verecundans
1313 1267 1448 1321 legem
1479 1281 1562 1308 non
1590 1266 1726 1318 (ledit,
1777 1279 1863 1319 qua

247 1330 526 1383 imperatores
554 1333 849 1386 succederent3
896 1350 1029 1389 quare
1076 1337 1140 1377 illi
1168 1336 1325 1379 Tiberii
1366 1340 1408 1377 et
1431 1336 1620 1377 Nerones
1647 1334 1862 1386 exstitere,

243 1398 315 1451 qui
346 1413 474 1451 quum
506 1414 593 1441 non
623 1401 832 1445 haberent
860 1409 1119 1458 potestatem
1149 1405 1244 1459 lege
1277 1405 1554 1447 constitutam
1590 1407 1632 1445 et
1658 1406 1862 1455 sanctam,

247 1467 443 1520 potentia
481 1483 558 1510 sua
594 1469 716 1512 abuti
755 1473 1029 1526 cogebantur.
1088 1475 1181 1516 Iam
1217 1474 1290 1528 qui
1323 1477 1422 1528 post
1457 1473 1573 1514 bella
1607 1472 1748 1514 civilia
1784 1485 1862 1525 per

247 1535 471 1587 sexaginta
498 1537 587 1579 fere
619 1553 752 1581 annos
794 1543 1062 1593 continuata,
1109 1546 1208 1596 post
1240 1543 1427 1583 omnium
1460 1555 1602 1582 rerum
1637 1538 1862 1595 perturba-

246 1603 406 1644 tionem
435 1618 582 1657 pacem
616 1607 882 1662 reipublicae
911 1610 1158 1652 reddiderat
1183 1611 1389 1665 pacisque
1414 1610 1663 1651 felicitatem
1694 1613 1737 1650 et
1763 1622 1862 1650 con-

243 1671 486 1714 tinuitatem
515 1675 729 1728 servabat,
756 1678 800 1719 in
819 1693 942 1732 quem
966 1680 1184 1721 universus
1209 1679 1392 1733 populus
1412 1679 1597 1720 honores
1616 1677 1864 1720 conferebat

244 1740 482 1793 inauditos,
535 1743 634 1785 talis
662 1746 741 1787 viri
766 1748 921 1789 merita
947 1752 1077 1802 poeta
1113 1752 1156 1790 et
1191 1749 1352 1790 amicus
1382 1747 1597 1801 negligere
1620 1760 1706 1788 non
1736 1745 1861 1788 debe-

246 1808 332 1859 bat,
361 1810 442 1850 nisi
473 1810 660 1853 furorem
689 1819 857 1856 centum
888 1817 1049 1858 catenis
1079 1817 1265 1859 vinctum
1289 1818 1443 1858 iterum
1471 1814 1644 1856 volebat
1676 1815 1863 1857 excitare

247 1878 317 1932 (Cs-
349 1878 403 1919 ad
444 1880 484 1929 I,
522 1883 634 1933 294).
694 1883 781 1924 Nec
819 1885 932 1938 quod
973 1886 1097 1927 deum
1125 1888 1364 1939 Augustum
1405 1885 1596 1925 futurum
1635 1897 1726 1925 esse
1756 1883 1862 1925 dicit

248 1952 289 1988 et
317 1948 379 1988 ita
420 1948 607 2002 antiquis
643 1953 827 1993 oraculis
866 1955 1020 2006 utitur,
1074 1958 1122 1995 ut
1159 1959 1302 1996 utrum
1342 1955 1428 1995 iam
1463 1952 1557 1993 vivo
1597 1966 1652 1993 an
1692 1957 1860 1995 mortuo

246 2015 418 2056 tandem
449 2016 614 2059 divinus
641 2019 778 2062 honor
805 2022 974 2065 futurus
1004 2024 1075 2074 sit,
1109 2023 1319 2065 incertum
1346 2022 1625 2074 relinquatur,
1655 2021 1860 2064 dicendus

245 2088 309 2125 cst
338 2085 517 2126 adulari.
577 2087 685 2129 Nam
714 2094 760 2132 ut
796 2106 905 2145 quae
944 2093 999 2134 ad
1032 2092 1135 2134 deos
1172 2092 1428 2135 ascendendi
1464 2090 1575 2131 ratio
1605 2093 1648 2130 et
1675 2089 1858 2132 facultas

244 2153 488 2195 hominibus
513 2169 602 2197 esse
630 2158 721 2199 visa
750 2160 815 2209 sit,
846 2165 893 2202 ut
922 2162 1051 2203 etiam
1074 2162 1180 2203 illud
1207 2162 1464 2210 omitt-amus,
1493 2172 1620 2210 quam
1647 2172 1860 2212 propensa

243 2222 375 2263 fuerit
411 2223 485 2264 illa
524 2229 642 2266 actas
683 2228 739 2269 ad
781 2228 967 2270 divinum
1002 2231 1206 2272 honorem
1240 2230 1511 2271 deferendum
1534 2228 1587 2280 ⁹),
1617 2226 1700 2267 iam
1728 2241 1859 2280 quum

243 2290 319 2331 illa
351 2292 522 2345 scripsit
550 2294 774 2348 Virgilius,
806 2298 1023 2351 Augustus
1053 2299 1156 2341 deus
1194 2299 1334 2340 cultus
1370 2301 1450 2348 est,
1502 2299 1545 2337 et
1583 2309 1634 2336 ex
1667 2299 1859 2337 senatus-

243 2360 448 2401 consulto.

358 2428 471 2471 Satis
496 2430 602 2473 haec
635 2432 752 2474 dicta
777 2447 867 2474 esse
898 2437 1012 2487 put0‚
1044 2438 1092 2475 ut
1120 2434 1222 2487 quid
1252 2437 1422 2487 poetam
1461 2429 1515 2473 ad
1546 2445 1718 2473 carmen
1746 2446 1857 2474 com-

244 2497 483 2548 ponendum
508 2500 742 2554 impulerit,
788 2501 891 2554 quid
919 2502 1105 2544 carmine
1133 2517 1207 2544 suo
1237 2502 1512 2556 spectaverit,
1563 2514 1772 2554 apparere
1798 2501 1858 2542 vi-

244 2564 406 2615 dea-tur,
434 2568 538 2609 satis
569 2570 697 2610 etiam
727 2570 863 2611 multa
891 2569 995 2611 mihi
1023 2571 1178 2612 dixisse
1205 2571 1351 2612 videor
1381 2569 1436 2611 ad
1460 2583 1510 2610 ea
1539 2583 1649 2623 quae
1677 2569 1857 2622 Virgilio

245 2631 415 2674 obiecta
443 2640 540 2677 sunt
574 2637 824 2689 refellenda3
880 2638 1059 2680 virtutes
1098 2642 1242 2680 autem
1278 2639 1477 2680 carminis
1511 2637 1592 2679 hac
1626 2637 1858 2690 scriptione

244 2701 494 2753 praedicare
519 2718 624 2758 opus
649 2721 731 2748 non
747 2709 822 2757 est,
851 2706 1061 2759 siquidem
1077 2721 1160 2760 quo
1187 2707 1281 2761 quis
1300 2707 1470 2761 saepius
1499 2706 1614 2759 legit,
1643 2719 1693 2747 eo
1720 2705 1856 2758 magis

243 2770 480 2823 perspiciet.
555 2776 684 2816 {estat
729 2779 777 2817 ut
811 2774 863 2816 de
908 2789 1002 2816 mea
1047 2789 1176 2828 opera
1226 2776 1372 2829 paucis
1412 2775 1642 2817 absolvam.
1708 2774 1857 2827 Neque

245 2838 355 2879 enim
398 2840 499 2892 quid
535 2842 625 2895 ipse
662 2845 766 2886 mihi
799 2844 1082 2898 praestitisse,
1129 2844 1231 2898 quid
1270 2844 1440 2886 luminis
1475 2848 1629 2898 poetae
1660 2842 1856 2884 attulisse

360 3014 396 3051 ῃ)
422 3011 470 3044 Cf.
497 3018 535 3044 ut
561 3013 596 3045 in
622 3014 766 3055 Virgilio
794 3015 1029 3049 subsistamus
1056 3015 1127 3048 Ecl.
1155 3017 1179 3048 l.
1206 3016 1292 3048 Aen.
1324 3018 1351 3056 1,
1372 3017 1433 3049 327
1463 3025 1537 3057 sqq.
