2023 3350
217 145 300 185 334

776 141 811 172 P.
847 138 1046 172 VIRGILII
1081 138 1296 174 MARONIS

217 256 320 308 Quis
358 255 484 297 Latio
521 255 700 308 antiquo
739 253 872 296 fuerit:
912 255 1067 305 status,
1107 253 1273 295 advena
1313 253 1496 295 classem

218 316 355 364 Quum
390 313 577 366 primum
610 311 814 353 Ausoniis
853 311 1068 353 exercitus
1105 311 1275 364 adpulit
1313 311 1411 363 oris,

217 370 474 424 Expecliam,
518 374 560 412 et
597 369 765 424 primae
801 368 1014 411 revocabo
1057 368 1237 411 exordia
1270 383 1453 423 pugnae.
1810 369 1865 408 40

217 429 279 470 Tu
317 431 482 479 vatem,
524 431 593 477 tu,
637 427 753 478 diva,
791 440 937 478 mone;
980 426 1123 469 dicam
1157 426 1339 468 horrida
1376 426 1503 479 bella,

216 487 369 527 Dicam
410 486 523 527 acies
565 489 773 538 actosque
810 484 965 526 animis
1003 484 1048 525 in
1084 484 1237 526 funera
1278 498 1412 538 reges,

218 543 569 597 Tyrrhenamque
605 557 781 584 manum
811 546 1039 595 totamque
1074 542 1153 584 sub
1192 556 1315 584 arma
1353 545 1551 584 coactam

217 601 487 654 Hesperiam.

216 658 357 700 Maius
395 673 502 714 opus
543 673 704 701 moveo.

548 601 690 642 Maior
732 614 878 643 rerum
915 600 1022 642 mihi
1060 600 1254 642 nascitur
1291 600 1420 653 ordo,

767 717 858 758 Rex
894 729 999 757 arva
1034 715 1214 756 Latinus
1252 717 1295 756 et
1333 714 1462 757 urbes
1813 715 1868 752 413

217 774 310 815 Iam
347 774 492 815 senior
528 774 660 828 longa
696 773 892 828 placidas
928 774 973 814 in
1006 787 1114 827 pace
1149 772 1340 826 regebat.

217 832 342 872 Hunc
379 832 526 873 Fauno
568 835 610 873 et
648 832 837 886 nympha
875 832 1066 885 genitum
1102 831 1318 872 Laurente
1352 830 1519 872 Marica

216 889 477 942 Accipimus.

538 890 685 931 Fauno
720 890 846 932 Picus
888 893 1014 943 pater
1027 903 1036 941 ς

1076 889 1200 943 isque
1236 892 1462 942 parentem

217 947 291 995 Te.
332 948 534 999 Saturne,
578 948 733 999 refert,
774 951 824 989 tu
859 947 1080 1001 sanguinis
1117 947 1296 988 ultimus
1335 949 1499 988 auctor.

217 1005 352 1047 Filius
394 1005 515 1057 huic,
557 1005 648 1047 fato
690 1005 849 1057 divom,
890 1006 1124 1060 prolesque
1161 1005 1298 1046 virilis
1817 1009 1869 1047 50

219 1063 350 1104 Nulla
384 1062 487 1114 fuit,
526 1064 753 1118 primaque
791 1064 933 1105 oriens
972 1067 1124 1117 erepta
1163 1063 1340 1104 iuventa
1377 1064 1462 1113 est,

221 1121 323 1162 Sola
362 1120 538 1162 domum
582 1125 625 1163 et
661 1125 809 1163 tantas
848 1120 1051 1163 servabat
1088 1121 1180 1163 filia
1219 1120 1355 1171 sedes,

220 1179 314 1220 Iam
353 1182 530 1220 matura
563 1179 679 1231 viro,
718 1180 807 1221 iam
845 1179 984 1233 plenis
1025 1179 1186 1221 nubilis
1225 1178 1361 1221 annis.

225 1306 287 1336 195
316 1313 345 1337 01
371 1308 542 1338 invocatur
572 1311 612 1337 ab
638 1309 813 1343 Apollonio
840 1309 965 1337 Rhodio
992 1307 1022 1345 3,

223 1354 251 1383 1.
303 1356 408 1389 Quare
428 1355 603 1390 explicatio
625 1355 797 1384 XVeidneri
821 1364 850 1390 p.
879 1353 920 1382 63
942 1356 1022 1383 Ε13-

223 1406 328 1429 10110111
364 1401 551 1430 invocatam
581 1409 655 1429 esse
686 1403 715 1429 h.
745 1403 783 1437 l.,
816 1402 899 1436 quod
925 1401 1023 1429 fuerit

220 1451 331 1475 amata
372 1447 515 1476 Arcadis
568 1451 597 1475 et
646 1449 705 1476 1100
754 1449 824 1476 1000
882 1447 1023 1476 Arcadis

222 1494 367 1522 Evandri
398 1501 449 1522 res
484 1498 595 1529 gestae
626 1497 815 1529 narrentur,
856 1497 911 1521 aut
940 1494 1023 1527 quod

221 1540 332 1567 Panos
357 1541 453 1568 Erato
486 1539 528 1567 sit
561 1542 655 1567 vates
685 1540 784 1567 Paus.
818 1537 856 1572 8,
897 1537 955 1575 37,
994 1536 1024 1575 9,

222 1585 322 1613 11111113
363 1586 456 1614 docta
493 1585 621 1613 videtur
661 1592 743 1613 esse.
787 1600 825 1604 —
866 1586 1025 1624 tempora

222 1638 358 1659 rerum.-
401 1638 483 1665 quae
518 1638 625 1659 rerum
666 1631 805 1659 conditio
839 1630 954 1667 fuerit,
991 1634 1025 1659 ut

223 1683 323 1710 saepe
346 1678 481 1716 tempus*
505 1681 692 1711 usurpatur.

269 1720 322 1750 39.
355 1719 540 1750 Exercitus
575 1727 659 1752 recte
693 1722 842 1752 dicuntur
871 1721 1024 1755 Troiani;

224 1776 323 1802 qutun
354 1775 453 1802 paene
483 1776 611 1799 omnes.
645 1769 700 1802 qui
733 1775 825 1796 arma
855 1767 936 1796 ferre
962 1775 1025 1795 non

224 1818 378 1848 poterant.
401 1814 435 1841 in
449 1814 564 1842 Sicilia
582 1814 689 1842 relicti
708 1814 773 1842 sint
789 1813 827 1842 cf.
848 1813 879 1850 5,
895 1811 962 1840 700
977 1821 1023 1847 sq.

269 1857 321 1887 «Η.
349 1867 468 1888 mone.-
496 1860 542 1888 ita
558 1861 616 1888 Ov.
633 1861 666 1887 F.
690 1856 896 1897 1,4671·1›sa
915 1866 1025 1893 mone,

222 1903 259 1936 3.
294 1903 354 1933 261
398 1901 560 1944 Nympha
593 1913 710 1941 1110110,
745 1906 820 1934 Val.
854 1906 901 1933 ΕΙ.
937 1902 971 1942 1,
1006 1904 1024 1931 5

229 1947 361 1979 Phoebe
391 1958 509 1981 mone.
550 1949 586 1988 6,
620 1949 662 1979 34
701 1948 805 1979 Musa
835 1958 950 1979 mone.
993 1954 1025 1979 ut

223 1999 283 2026 1100
308 1999 442 2026 verbnm
465 1997 499 2025 in
521 2004 561 2026 ea
587 2005 620 2026 re
644 1998 801 2026 sollemne
823 2004 897 2025 esse
914 1997 1028 2025 videa-

223 2048 283 2071 tur.
333 2045 465 2071 Monent
493 2043 591 2071 etiam
618 2044 672 2077 qui
704 2043 816 2072 futura
839 2043 1028 2078 praedicunt

224 2089 263 2118 cf.
292 2085 367 2116 110.

270 2132 323 2162 42.
351 2141 453 2173 reges
471 2135 568 2163 actos
589 2131 719 2162 animis
740 2130 774 2162 in
793 2133 950 2172 funera:
974 2138 1028 2163 aut

225 2180 281 2214 qui
307 2180 372 2214 ipsi
398 2180 432 2207 in
457 2184 589 2209 mortem
616 2180 793 2215 irruerunt,
828 2184 860 2209 ut
887 2181 1027 2217 Turnus,

225 2226 425 2260 Mezentium,
459 2230 515 2254 aut
547 2227 602 2260 qui
629 2226 662 2254 in
688 2226 822 2262 funera,
857 2228 973 2255 caedes
998 2230 1029 2255 et

226 2274 314 2300 bella
344 2272 465 2300 animis
497 2272 733 2307 impendebant.
783 2273 851 2301 Hoc
874 2277 1028 2309 praestat,

225 2320 308 2352 quod
340 2318 438 2346 etiam
467 2319 614 2353 sequenti
644 2326 745 2347 versu
776 2326 882 2348 sermo
912 2323 961 2348 est
991 2319 1029 2347 de

225 2365 301 2392 belli
325 2368 497 2399 apparatu.

270 2407 323 2438 45.
350 2418 470 2439 moveo
495 2410 534 2439 cf.
560 2406 595 2447 1,
623 2407 699 2438 262.

223 2487 408 2519 45-106,
457 2486 548 2519 Latii
582 2490 706 2518 status.
756 2485 922 2528 Prodigia
943 2487 1028 2518 Tro-

361 2533 461 2565 ianos
487 2532 699 2565 adventuros
726 2532 891 2564 indicant.

271 2591 323 2622 47.
357 2590 533 2622 Laurente
552 2589 700 2620 Marica.
739 2593 818 2627 ..Est
835 2594 1026 2620 3111010313-

223 2639 291 2668 rica
312 2641 371 2667 dea
393 2639 500 2667 litoris
519 2637 794 2667 Minturnensium
812 2637 905 2666 iuxta
923 2637 1026 2666 Lirim

225 2685 393 2713 fluviumf-
421 2686 453 2713 S.
502 2685 556 2713 Ad
582 2684 686 2712 Lirim
711 2687 819 2712 autem
845 2684 1026 2712 Laurentes

224 2738 289 2758 11011
316 2731 555 2767 pertingebant,
589 2737 689 2765 quare
719 2733 775 2758 aut
802 2729 905 2758 aliam
929 2729 1025 2758 intel-

227 2776 305 2804 lexit
330 2776 500 2813 Maricam,
528 2776 632 2811 (quod
656 2775 755 2805 facile
778 2775 846 2804 fieri
867 2775 968 2810 potuit
990 2776 1025 2803 in

225 2825 315 2850 tanta
339 2822 525 2851 fabularum
550 2821 762 2857 confusione]
794 2825 849 2850 aut
873 2821 1024 2850 liberiore

224 2875 284 2895 11311
330 2870 525 2897 vocabulum
568 2868 753 2904 transtulit,
803 2871 837 2895 ut
879 2868 1025 2896 Turnum

225 2913 419 2942 Laurentem
465 2914 542 2943 dicit
583 2911 668 2951 650,
718 2913 773 2949 qui
813 2916 861 2942 est
894 2913 1024 2942 Ardeae

225 2966 299 2993 rex,
341 2966 424 2993 quae
460 2962 538 2988 urbs
576 2960 738 2988 Laurento
779 2959 915 2988 adiacet.
975 2959 1022 2988 Cf.

228 3000 263 3035 1.
300 3002 363 3031 235
395 3010 424 3033 01
448 3005 544 3034 Nieb:
592 3007 682 3042 „Nur
713 3004 787 3034 darf
814 3005 902 3035 nicht
928 3005 1024 3034 111101·-

226 3050 325 3076 3011011
349 3051 493 3088 werden,
515 3052 594 3080 dass
612 3051 732 3089 Virgil,
759 3053 844 3081 113011
870 3052 925 3080 der
946 3052 1023 3087 spa-

1071 1314 1139 1338 tern
1164 1308 1412 1337 Dichterschule
1429 1307 1501 1343 Art,
1528 1306 1599 1335 sich
1622 1306 1872 1335 unbestimmten

1071 1357 1238 1384 Gebrauch
1266 1354 1300 1382 in
1325 1354 1492 1382 weiterem
1516 1352 1656 1388 Unifang
1683 1353 1745 1381 frei
1769 1352 1872 1381 lialt.“

1070 1402 1162 1429 Rom.
1181 1402 1296 1429 Gescb.
1345 1401 1395 1427 Ita
1414 1402 1443 1427 et
1462 1400 1554 1427 Serv.
1576 1398 1649 1432 qui:
1677 1399 1754 1434 „Dii
1774 1399 1871 1433 topici

1071 1446 1091 1474 i.
1126 1455 1152 1475 e.
1189 1448 1312 1475 locales
1343 1446 1384 1474 ad
1412 1445 1500 1474 alias
1531 1444 1680 1480 regiones
1705 1451 1872 1480 nunquam

1073 1497 1251 1521 transeunt.
1320 1493 1381 1520 Sed
1417 1494 1521 1526 potest
1553 1490 1673 1519 dictum
1705 1498 1779 1520 esse
1817 1499 1874 1526 per

1073 1539 1233 1573 poeticam
1246 1538 1413 1567 licentiam
1426 1538 1589 1565 Laurente
1603 1536 1746 1566 Marica:
1773 1545 1872 1572 quum

1073 1585 1115 1612 sit
1139 1584 1387 1613 Minturnensis.
1444 1583 1563 1612 Dicunt
1593 1583 1653 1611 alii
1686 1591 1742 1617 per
1772 1583 1875 1612 Mari-

1073 1638 1144 1659 cam
1169 1631 1329 1659 Venerem
1360 1628 1500 1664 intelligi
1530 1629 1659 1665 debere,
1693 1629 1787 1658 cuius
1812 1629 1872 1658 fuit

1072 1677 1233 1705 sacellum
1277 1676 1369 1704 iuxta
1406 1674 1580 1711 Maricam,
1629 1675 1663 1703 in
1700 1682 1762 1709 quo
1803 1679 1874 1704 erat

1073 1723 1228 1756 scriptum
1270 1714 1361 1755 ναὸς
1405 1716 1469 1758 τῆς
1502 1712 1723 1759 Ἀφροδίτης.
1787 1723 1875 1750 83110

1073 1768 1236 1796 Hesiodus
1261 1767 1402 1803 (Theog.
1439 1763 1545 1801 1011)
1581 1766 1736 1795 Latinum
1763 1767 1874 1796 Circes

1071 1818 1101 1842 et
1134 1814 1245 1842 Ulixis
1276 1813 1378 1841 filium
1414 1811 1506 1847 dicit,
1538 1813 1622 1846 quod
1654 1816 1684 1840 et
1711 1812 1875 1849 Virgilius

1074 1859 1175 1895 tangit
1202 1860 1346 1888 dicendo:
1398 1855 1451 1892 12.
1480 1854 1560 1885 16⁴:
1592 1854 1688 1886 Solis
1714 1856 1774 1887 avi
1799 1867 1875 1899 spe--

1074 1903 1219 1934 cimen.“
1267 1905 1406 1934 Miscent
1426 1903 1513 1932 0111111
1537 1903 1656 1938 ubique
1679 1904 1820 1934 Romani
1845 1908 1875 1934 et

1075 1953 1270 1980 Graecorum
1302 1951 1432 1979 fabulas
1457 1954 1485 1978 01
1508 1956 1605 1984 31133,
1641 1954 1677 1978 ut,
1699 1957 1799 1986 saepe
1822 1951 1875 1980 vi-

1075 1999 1197 2026 demus.
1248 1998 1429 2026 Secundum
1456 1996 1542 2024 alios
1567 2004 1609 2024 ex
1633 1996 1700 2024 filia
1718 1997 1824 2026 Fauni
1845 2001 1875 2026 et

1077 2045 1214 2072 Hercule
1240 2044 1381 2072 Latinus
1408 2047 1504 2071 natus
1529 2045 1577 2070 est
1600 2042 1715 2070 Iustin.
1749 2041 1809 2080 43,
1846 2041 1874 2072 l.

1078 2105 1116 2109 -—
1152 2090 1305 2118 Attamen
1338 2090 1488 2118 Laurens
1519 2088 1646 2117 Marica
1677 2087 1741 2117 dici
1771 2092 1876 2124 potest

1076 2143 1132 2172 ea,
1160 2143 1243 2170 quae
1266 2137 1416 2164 Laurens
1442 2137 1491 2163 est
1513 2134 1615 2170 facta,
1640 2141 1738 2169 quum
1762 2136 1875 2164 Fauno

1076 2184 1218 2211 nuberet.
1261 2182 1369 2216 Atque
1390 2181 1437 2209 ita
1454 2180 1559 2209 omnis
1582 2179 1706 2208 tollitur
1730 2180 1874 2217 licentia,

1076 2235 1173 2263 quam
1213 2236 1253 2256 ne
1290 2231 1361 2263 post
1394 2225 1563 2255 Niebuhrii
1600 2227 1703 2254 verba
1740 2227 1875 2256 nimiam

1075 2274 1182 2303 fuisse
1206 2268 1387 2309 credamuS,
1419 2272 1590 2301 admodum
1613 2275 1661 2300 est
1682 2274 1874 2302 cavendum.

1122 2317 1175 2348 48.
1206 2317 1416 2359 Accipimus,
1442 2318 1594 2347 audimus
1620 2316 1679 2352 (cf.
1700 2315 1730 2352 2,
1758 2317 1821 2355 65)
1846 2322 1876 2348 et

1077 2374 1155 2401 ..pro
1190 2372 1309 2401 magna
1341 2367 1421 2393 teste
1453 2367 1601 2392 vetustas
1626 2364 1784 2399 creditur,
1818 2372 1875 2395 ac-

1075 2416 1201 2446 ceptam
1238 2418 1334 2445 parce
1370 2418 1503 2439 movere
1535 2407 1650 2438 fidem“
1681 2411 1741 2439 ov.
1775 2411 1810 2440 F.
1844 2407 1875 2447 4,

1076 2455 1152 2485 203.
1204 2456 1251 2486 Cf.
1287 2454 1323 2493 1,
1357 2453 1409 2484 15.
1459 2457 1507 2484 De
1541 2459 1681 2491 tempore
1709 2457 1873 2492 praesenti

1075 2503 1114 2532 cf.
1141 2505 1193 2531 Gr.
1221 2502 1242 2538 S
1270 2499 1354 2539 455,
1381 2511 1410 2538 g.

1121 2557 1173 2588 49.
1208 2556 1371 2593 Ultimm.
1395 2562 1570 2593 extremus,
1595 2560 1637 2588 ad
1659 2567 1754 2594 quern
1773 2566 1876 2594 usque

1074 2611 1237 2635 auctorem
1263 2614 1343 2641 gens
1374 2606 1549 2635 reducitur.
1597 2606 1645 2634 De
1669 2607 1808 2634 Saturno
1832 2603 1872 2634 cf.

1075 2650 1110 2689 6,
1144 2649 1220 2679 794.
1260 2667 1297 2671 -
1339 2648 1462 2689 Refert
1493 2651 1589 2687 quasi
1624 2651 1711 2681 filius
1740 2654 1873 2687 patrem,

1073 2698 1168 2727 cuius
1191 2701 1238 2726 est
1264 2697 1466 2726 simillimus.

1119 2751 1172 2783 51.
1198 2751 1316 2794 prima
1340 2770 1384 2773 —
1408 2750 1552 2783 iuventa
1577 2754 1626 2782 est
1653 2754 1737 2781 delet
1765 2747 1815 2780 Pl.

1118 2809 1172 2840 52.
1199 2812 1321 2840 tantas
1344 2807 1509 2839 servabat
1531 2807 1647 2839 sedes:
1667 2811 1793 2837 tantum
1813 2815 1873 2843 pa-

1072 2857 1268 2886 trimonium.
1319 2858 1399 2885 Stat.
1426 2857 1522 2885 Theb.
1555 2852 1584 2892 1,
1614 2851 1680 2883 572
1706 2852 1872 2883 servabat

1070 2905 1160 2932 nata
1185 2905 1349 2942 penates,
1376 2901 1414 2931 cf.
1443 2900 1479 2938 6,
1505 2899 1582 2929 556.

1117 2957 1171 2987 53.
1200 2961 1341 2989 matura
1365 2955 1441 2987 viro
1465 2961 1523 2987 etc.
1550 2963 1634 2992 quae
1658 2955 1782 2985 nubilis
1804 2958 1872 2984 erat

1071 3005 1111 3035 cf.
1139 3005 1214 3034 Val.
1241 3006 1288 3033 Fl.
1328 3002 1362 3041 1,
1395 3001 1438 3032 ⁵3
1472 2999 1619 3032 necdum
1648 3009 1727 3031 mea
1756 2998 1874 3041 proles

1071 3047 1217 3091 imperio
1243 3053 1275 3082 et
1301 3046 1384 3081 belli
1409 3045 1509 3078 rebus
1534 3049 1677 3078 matura
1702 3044 1872 3087 marique.
