2023 3350
6 1378 7 1397 μ
0 1284 7 1364 Λ,4
0 706 7 1275 *ᾖᾼῄ-ῌ--ᾲ-

115 617 118 620 ’
162 611 389 664 Prospicit.

760 87 1000 122 AENEIDOS
1028 89 1113 122 LIB.
1146 90 1224 122 vlt.
1507 100 1520 106 ‘
1740 90 1823 130 333

163 204 392 258 Neptunus
430 201 569 245 ventis
609 201 808 256 implevit
845 202 942 245 vela
983 203 1185 245 secundis

164 263 308 318 Atque
344 262 492 316 fugam
529 259 650 302 dedit
686 264 729 302 et
768 265 943 315 praeter
980 261 1095 303 vada
1132 261 1300 304 fervida
1336 260 1464 303 vexit.

280 321 458 374 Iamque
496 318 760 361 rubescebat
797 319 932 361 radiis
969 334 1105 371 mare,
1146 324 1190 362 et
1227 318 1406 362 aethere
1438 318 1494 362 ab
1533 319 1625 362 alto
1769 322 1821 360 25

164 379 336 420 Aurora
370 379 415 420 in
448 377 584 419 roseis
626 377 826 432 fulgebat
864 378 985 420 lutea
1023 378 1160 432 bigis:

165 438 306 488 Quum
339 436 455 478 venti
493 449 679 490 posuere
717 437 943 490 omnisque
979 440 1158 490 repente
1197 435 1360 478 resedit

163 495 316 537 Flatus
354 498 396 536 et
430 495 474 536 in
513 494 629 535 lento
664 494 887 536 luctantur
923 509 1137 536 marmore
1175 498 1342 536 tonsae.

164 554 306 607 Atque
339 551 411 594 hic
447 553 614 594 Aeneas
659 552 879 607 ingentem
920 567 973 595 ex
1011 566 1199 607 aequore
1232 553 1378 594 lucum

451 610 578 652 Hunc
618 610 732 653 inter
766 611 896 653 fluvio
933 611 1159 653 Tiberinus
1200 624 1382 653 amoeno
1768 612 1822 650 30

162 668 408 711 Verticibus
449 668 615 722 rapidis
656 673 698 711 et
732 670 870 711 multa
905 669 1044 711 flavus
1083 683 1217 711 arena

162 727 212 769 In
252 741 371 768 mare
411 728 680 781 prorumpit3
723 728 870 770 variae
907 728 1156 782 circumque
1197 741 1419 782 supraque

162 784 381 827 Adsuetae
417 785 524 839 ripis
564 785 763 828 volucres
803 791 845 828 et
879 785 1069 828 fluminis
1112 786 1234 827 alveo

162 843 355 886 Aethera
390 842 643 885 mulcebant
680 848 810 886 cantu
848 844 1033 899 lucoque
1070 843 1290 885 volabant.

162 901 357 943 Flectere
392 902 477 943 iter
516 902 645 943 sociis
681 906 914 956 terraeque
954 903 1180 944 advertere
1214 915 1370 956 proras
1767 906 1820 945 35

162 960 372 1014 Imperat,
415 963 458 1002 et
492 960 633 1001 laetus
676 960 806 1002 fluvio
845 960 1039 1003 succedit
1076 974 1226 1015 opaco.

278 1019 403 1060 Nunc
440 1032 542 1072 age,
580 1018 656 1073 qui
695 1033 836 1074 reges,
877 1019 1034 1071 Erato,
1080 1032 1191 1072 quae
1230 1021 1430 1071 tempora
1471 1030 1627 1069 rerum,

163 1170 243 1199 illud
270 1166 441 1210 siquidem
470 1172 555 1201 inest
582 1172 614 1200 in
636 1171 795 1201 enuntiati
818 1172 965 1207 primarii

162 1217 427 1251 conformatione,
452 1226 513 1246 non
534 1219 566 1246 in
586 1218 767 1253 participio,
790 1220 872 1253 quod
894 1219 964 1247 ubi-

161 1271 223 1297 que
253 1263 367 1292 retinet
401 1263 469 1292 vim
498 1272 592 1293 suam
624 1265 818 1299 simplicem.
848 1280 891 1284 —-
921 1262 965 1292 li-

162 1311 240 1337 tora
276 1306 374 1342 dira,
411 1312 493 1344 quod
528 1311 599 1339 dira
625 1312 686 1339 dea
712 1311 823 1340 incolit
852 1311 890 1340 cf.
924 1312 963 1339 ad

164 1352 199 1389 1,
228 1353 304 1384 355.

208 1399 260 1429 2⁴.
284 1399 436 1442 fugam,
470 1404 608 1432 celerem
642 1403 889 1440 navigationem
924 1402 964 1432 cf.

164 1444 200 1482 1,
229 1445 306 1476 317.

161 1524 322 1557 25—36.
372 1526 513 1558 Troiani
545 1525 587 1557 ad
614 1525 752 1558 Tiberis
785 1526 874 1559 ostia
908 1536 967 1569 ap—

489 1572 637 1615 pellunt.

206 1628 259 1660 26.
287 1628 382 1671 bigis
406 1632 447 1662 ct.
476 1630 511 1669 6,
542 1631 619 1661 535.
670 1634 796 1669 „Lutea
822 1638 869 1662 est
896 1642 966 1662 cro-

159 1677 209 1706 cei
233 1678 369 1715 coloris,
401 1683 435 1708 ut
462 1681 495 1707 E.
531 1676 566 1715 4,
595 1676 637 1707 44
671 1688 789 1708 crocco
817 1677 965 1708 mutabit

160 1721 293 1752 vellera
321 1721 406 1754 luto.
458 1726 549 1753 Unde
582 1726 675 1754 multi
709 1726 846 1760 iungunt
872 1724 966 1754 inro-

159 1766 228 1798 seis
255 1770 275 1798 i.
308 1778 334 1799 e.
359 1779 422 1799 non
447 1772 655 1807 rubicundis,
689 1780 729 1800 ne
763 1773 804 1800 sit
836 1777 965 1804 contra»,

161 1815 279 1844 rium.“
305 1818 337 1845 S.
387 1818 508 1846 Melius
526 1819 728 1846 Schraderus
749 1823 778 1846 81
798 1818 966 1846 Bentleius

160 1859 291 1890 croceis
313 1871 369 1897 pro
393 1861 502 1892 roseis
533 1864 597 1899 legi
623 1864 750 1895 iubent,
789 1865 966 1892 mutatione

159 1907 331 1944 facillima,
345 1917 428 1943 quae
444 1909 589 1938 firmatur
603 1913 643 1938 ab
655 1910 805 1938 Ausonio
817 1910 965 1938 Periocb.

159 1954 240 1982 vlu
265 1955 405 1983 Iliados:
453 1955 592 1984 Aurora
626 1953 661 1984 in
692 1954 820 1984 croceis
838 1954 967 1995 fulg-e-

160 1997 221 2028 bat
252 1997 348 2028 lutea
377 1998 487 2040 big-is,
522 2003 577 2036 qui
608 2002 836 2036 interpretatur
865 2005 965 2030 verba

160 2046 308 2074 Homeri:
345 2038 437 2081 Ἠὼς
453 2041 711 2084 κροκόπεπλος.
749 2048 839 2076 Nihil
858 2053 965 2077 tamen

159 2094 349 2121 mutandum
381 2100 456 2121 esse
489 2101 622 2130 censeo,
658 2094 854 2128 saepissime
879 2095 966 2123 enim

160 2139 379 2168 animadverti
405 2147 461 2174 per
485 2148 632 2169 croceum
659 2142 797 2169 colorem
829 2147 967 2169 aurorae

161 2189 298 2214 tractum
328 2193 403 2214 esse
437 2185 571 2214 limitem
604 2194 733 2215 roseum
767 2190 795 2215 et
823 2188 965 2215 rutilum.

166 2227 216 2259 Pl.
250 2231 284 2259 in
307 2232 439 2260 Aurora
471 2233 593 2261 luteum
625 2237 655 2261 et
684 2241 815 2261 roseum
841 2235 967 2262 colores

160 2277 288 2306 iunctos
310 2285 384 2306 esse
409 2282 505 2315 negat
528 2283 558 2307 et
585 2276 656 2315 leb„
683 2280 738 2313 qui
765 2280 817 2308 dat
846 2277 966 2316 variis,

161 2326 191 2351 et
223 2323 292 2352 alii.
343 2324 420 2353 Sine
457 2325 553 2353 dubio
584 2325 650 2353 viri
687 2326 869 2355 doctissimi
894 2326 967 2354 Au-

160 2376 268 2398 roram
290 2375 474 2406 surgentem
491 2379 555 2400 non
574 2379 673 2406 saepe
693 2374 965 2401 observaverunt.

208 2413 261 2444 27.
288 2413 384 2445 venti
410 2424 568 2455 posuere.
621 2416 678 2455 10,
712 2415 776 2446 103
811 2415 966 2457 Zephyri

159 2469 318 2500 posuere.
368 2463 427 2490 Ov.
457 2463 530 2491 Her.
559 2461 589 2497 7,
615 2461 657 2491 49
686 2462 757 2493 iam
784 2462 881 2493 venti
902 2473 966 2503 po-

159 2509 254 2536 nent.
290 2508 337 2536 De
358 2509 570 2538 intransitive
591 2510 629 2539 cf.
650 2508 679 2548 1,
700 2509 775 2539 10⁴.
797 2526 835 2530 —-
859 2519 965 2550 quum

160 2562 187 2582 c.
212 2553 291 2588 perf.
319 2554 357 2582 cf.
385 2552 421 2591 3,
446 2552 522 2583 590.

209 2597 263 2628 28.
290 2607 444 2628 marmor
476 2601 515 2629 cf.
553 2599 590 2638 6,
630 2599 707 2630 729.
753 2617 791 2622 ——
838 2599 964 2631 lentus.

161 2645 216 2674 Sic
239 2653 290 2681 ap.
311 2647 390 2675 Luc.
412 2645 443 2682 5,
465 2644 530 2674 43⁴
549 2655 705 2687 aequora
725 2645 821 2676 lenta
840 2645 965 2676 iacent.

208 2690 261 2721 31).
288 2693 326 2720 In
351 2692 461 2720 Tiberi
493 2695 549 2722 vel
580 2701 678 2728 prope
712 2694 831 2722 ostium
863 2694 966 2723 fuisse

159 2738 305 2768 vortices
327 2739 418 2767 docet
443 2739 502 2767 Ov.
526 2740 562 2767 1⁴¹.
589 2737 624 2776 6,
651 2738 730 2768 502.

208 2782 261 2813 31.
290 2781 428 2814 Flavus
447 2789 603 2814 constans
624 2790 674 2814 est
696 2787 782 2821 apud
798 2787 966 2815 Romanos

160 2831 288 2859 Tiberis
314 2831 488 2866 epitheton.

208 2874 261 2906 32.
294 2874 354 2906 Rb.
390 2877 474 2907 coni.
506 2875 633 2907 circum
665 2885 864 2918 superaque
894 2875 965 2917 (Ξ),

161 2924 243 2958 quod
262 2923 297 2952 in
321 2921 520 2963 circumque
541 2931 719 2963 supraque
743 2924 785 2953 sit
809 2926 909 2954 breve
931 2933 965 2963 u,

161 2969 245 3004 quod
269 2971 403 3006 longum
429 2978 504 2999 esse
527 2971 641 2998 soleat.

197 3012 262 3044 ·34.
288 3013 487 3046 mulcebant
510 3018 617 3046 cantu
643 3016 690 3045 ita
706 3017 766 3045 Ov.
787 3017 822 3045 F.
847 3013 877 3054 1,
900 3014 965 3046 155

1013 1168 1169 1211 tcpirlum
1199 1166 1356 1199 volucres
1381 1167 1605 1198 concentibus
1624 1177 1708 1198 acro
1733 1168 1820 1199 mu!-

1014 1219 1099 1245 ccnt.
1129 1232 1167 1237 —
1196 1214 1273 1243 luco
1298 1217 1361 1244 abl.
1387 1216 1459 1243 loci.
1514 1212 1641 1249 Lucus,
1669 1218 1750 1250 quod
1773 1222 1820 1246 est

1013 1271 1107 1292 sacer
1135 1262 1277 1291 fluminis
1302 1262 1439 1290 numini.
1460 1277 1499 1281 —-
1521 1263 1637 1295 Locus,
1664 1264 1704 1291 ad
1726 1271 1820 1298 quom

1012 1310 1179 1339 accedunt.
1208 1317 1317 1343 pacem
1339 1313 1366 1336 et
1395 1309 1606 1337 securitatem
1636 1310 1821 1344 promittere

1014 1357 1159 1389 videtur.
1188 1358 1305 1383 bonum
1333 1355 1431 1389 igitur
1456 1363 1549 1383 omen
1575 1359 1633 1383 est.

1061 1400 1113 1430 35.
1134 1400 1280 1440 flectere
1305 1398 1371 1429 itcr
1397 1401 1437 1429 cf.
1466 1401 1497 1430 5.
1526 1399 1578 1429 2⁸.
1609 1417 1646 1421 —
1678 1404 1714 1430 Et
1741 1403 1822 1431 solis

1015 1452 1104 1477 ortus
1134 1452 1163 1476 et
1196 1447 1256 1476 loci
1290 1452 1408 1475 natura
1441 1452 1592 1477 accurate
1627 1449 1821 1477 describitur

1015 1498 1053 1523 ob
1080 1495 1126 1523 rei
1148 1502 1231 1528 1111118
1253 1494 1281 1522 fit
1306 1494 1521 1527 gravitatenn
1549 1494 1612 1522 iam
1637 1495 1724 1523 enim
1749 1497 1822 1525 loca

1016 1542 1093 1570 fatis
1119 1541 1225 1569 debita
1255 1541 1387 1568 Aeneas
1413 1541 1504 1570 adiit.
1556 1543 1736 1570 Notandum
1761 1543 1820 1570 sil-

1014 1596 1076 1616 vas
1096 1587 1316 1616 Laurentinas
1342 1587 1405 1615 iam
1430 1596 1492 1615 non
1516 1596 1606 1622 essm
1632 1589 1688 1617 scd
1711 1593 1822 1623 poetae

1014 1639 1155 1668 tempore
1176 1641 1314 1667 magnas
1338 1633 1440 1662 fuisse
1459 1634 1498 1663 cf.
1524 1642 1554 1662 v.
1576 1631 1652 1662 797.
1694 1637 1821 1664 Mutata

1014 1681 1101 1714 regio
1143 1681 1209 1709 iam
1242 1680 1360 1708 Rutilii
1402 1686 1542 1715 tempore
1575 1681 1648 1709 Itin.
1690 1679 1721 1715 1,
1759 1679 1814 1709 181

1021 1724 1158 1755 Laevus
1192 1723 1381 1754 inaccessis
1403 1724 1544 1764 fluvius
1579 1725 1715 1756 vitatur
1745 1730 1821 1757 arc—

1014 1770 1080 1809 nis,
1105 1769 1255 1812 hospitis
1281 1771 1418 1800 Aeneae
1437 1769 1560 1812 gloria
1587 1770 1664 1801 sola
1693 1776 1821 1804 munet.

1142 1848 1303 1880 37—45.

1060 1909 1230 1937 Invocatio
1261 1911 1378 1937 Musae
1411 1910 1444 1937 in
1476 1917 1614 1943 magnae
1649 1911 1693 1939 rei
1726 1911 1819 1940 initio

1015 1956 1197 1983 sollemnis.
1262 1956 1389 1984 tlrditur
1427 1961 1533 1984 autem
1566 1957 1641 1990 vgt.
1681 1959 1819 1987 alteram

1015 2006 1136 2036 partem
1162 2001 1318 2030 carminis
1351 2001 1403 2030 sui
1434 2007 1463 2030 et
1488 2011 1541 2030 res
1573 2003 1604 2031 in
1634 2004 1733 2032 Italia
1762 2013 1819 2038 ge-

1013 2052 1084 2076 stas
1107 2048 1269 2083 describit,
1296 2048 1349 2076 ubi
1376 2053 1501 2083 praeter
1523 2053 1633 2081 artem,
1661 2058 1723 2084 qua
1749 2051 1819 2079 sin-

1014 2095 1092 2127 gula
1118 2094 1244 2122 invenit
1271 2099 1300 2122 et
1326 2095 1512 2128 coniunxit,
1545 2096 1688 2124 maxime
1713 2098 1821 2131 placet

1014 2141 1157 2169 locorum
1183 2144 1212 2168 et
1238 2141 1404 2168 hominum
1431 2142 1593 2170 clarorum
1624 2148 1701 2177 apta
1732 2151 1820 2172 com-

1017 2186 1215 2214 memoratio.
1266 2187 1335 2215 Hac
1361 2186 1460 2214 etiam
1486 2187 1518 2214 in
1545 2189 1703 2216 carminis
1729 2194 1820 2223 parte

1014 2232 1121 2267 magis
1145 2232 1299 2260 elucescit
1332 2232 1414 2260 illud
1439 2230 1550 2266 po'etae
1578 2233 1685 2262 fuisse
1711 2236 1820 2263 consi-

1014 2278 1106 2310 lium,
1116 2285 1251 2306 servare
1264 2278 1513 2312 antiquissimas
1525 2279 1653 2308 fabulas
1666 2284 1693 2308 et
1709 2281 1820 2309 efferre

1013 2325 1167 2353 laudibus
1199 2325 1337 2352 Romam
1374 2325 1592 2358 populumque
1624 2326 1818 2365 Romanum,

1014 2374 1047 2399 ut
1072 2370 1228 2403 Romani,
1260 2378 1359 2404 quum
1381 2370 1543 2399 maiorum
1567 2370 1655 2400 facta
1677 2373 1821 2408 legerent

1014 2421 1042 2445 et
1069 2425 1174 2445 mores
1201 2421 1228 2446 et
1254 2416 1421 2453 instituta,
1460 2417 1501 2445 ad
1524 2417 1698 2451 pristinam
1724 2419 1818 2447 illam

1013 2463 1169 2492 virtutem
1195 2467 1223 2491 et
1249 2463 1477 2491 castimoniam
1504 2464 1701 2498 deorumque
1725 2473 1819 2493 reve-

1013 2511 1150 2538 rentiam
1169 2509 1401 2539 excitarentur.
1420 2516 1484 2543 qua
1503 2509 1553 2537 illi
1571 2517 1732 2538 summum
1749 2512 1820 2547 glo-

1013 2556 1084 2585 riae
1107 2560 1136 2584 et
1164 2556 1326 2590 potentiae
1349 2555 1518 2591 fastigium
1543 2557 1687 2585 assecuti
1708 2561 1818 2593 erant;

1013 2609 1115 2637 quare
1145 2603 1255 2630 maius
1290 2610 1371 2637 opus
1403 2602 1502 2630 ordiri
1533 2609 1568 2630 se
1596 2602 1671 2632 dicit
1698 2612 1731 2632 v.
1763 2601 1818 2632 4⁵.

1012 2649 1049 2677 Id
1075 2657 1153 2677 vero
1180 2648 1355 2677 consilium
1381 2648 1427 2676 ita
1453 2651 1535 2677 tecte
1559 2649 1760 2687 exsequitur,
1789 2654 1820 2679 et

1013 2695 1088 2729 ipsa
1118 2694 1307 2724 narratione
1339 2695 1454 2723 laudes
1484 2694 1529 2723 ita
1561 2696 1737 2733 connectit,
1783 2701 1819 2725 ut

1012 2742 1098 2770 ultro
1142 2742 1271 2769 oblatae
1312 2741 1503 2778 videantur,
1548 2748 1651 2776 eaque
1689 2750 1724 2771 re
1762 2744 1820 2771 vel

1012 2788 1121 2823 magis
1145 2788 1311 2816 delectent.
1360 2788 1474 2821 Itaque
1499 2786 1529 2815 si
1555 2787 1629 2822 quis
1653 2792 1701 2816 est
1726 2795 1819 2817 ama-

1013 2837 1061 2862 tor
1086 2833 1308 2870 antiquitatis,
1343 2833 1372 2861 si
1396 2833 1470 2867 quis
1494 2834 1739 2868 compositionis
1763 2841 1819 2863 ar-

1354 1849 1477 1881 Musae
1503 1848 1687 1881 invocatio.

1012 2880 1170 2909 tiliciosae
1194 2881 1313 2915 cultor,
1348 2880 1434 2915 legat
1459 2881 1520 2908 hos
1551 2880 1653 2908 libros
1679 2884 1709 2909 et
1734 2881 1820 2917 leget

1012 2933 1143 2955 summa
1167 2933 1242 2955 cum
1265 2926 1443 2960 voluptate.

1059 2970 1114 3000 37.
1146 2969 1257 3001 Erato
1284 2979 1339 3006 pro
1360 2973 1458 3000 Musa
1481 2972 1623 3008 omnino,
1652 2972 1699 3001 ita
1720 2974 1818 3001 Erato

1012 3019 1169 3053 antiquas
1207 3017 1338 3046 fabulas
1368 3017 1485 3048 ovidio
1520 3022 1635 3048 narrat
1665 3019 1753 3048 Fast.
1787 3017 1819 3057 4,
