2023 3350
28 2969 41 2994 1

737 94 975 129 AENEIDOS
1004 96 1090 129 LIB.
1123 96 1164 129 V.

1689 99 1768 138 241

117 209 491 263 Praecipitemque
527 208 675 250 Daren
711 208 871 251 ardens
912 208 1005 263 agit
1042 222 1230 263 aequore
1267 212 1375 261 toto,

116 268 243 309 Nunc
279 267 435 308 dextra
463 266 734 320 ingeminans
764 267 896 319 ictus,
940 281 1054 308 nunc
1090 267 1163 308 ille
1200 267 1388 308 sinistra.

116 326 206 366 Nec
244 339 383 376 mora,
425 338 504 366 nec
541 324 733 378 requies:
777 338 905 378 quam
945 324 1082 365 multa
1119 324 1327 378 grandine
1362 323 1498 366 nimbi

119 382 386 424 Culminibus
424 381 659 435 crepitant,
705 382 765 423 sic
805 382 948 423 densis
982 381 1140 424 ictibus
1174 382 1302 423 heros

118 439 278 482 Creber
313 444 501 493 utraque
535 453 667 481 manu
700 439 846 493 pulsat
885 443 1115 493 versatque
1148 440 1326 482 Dareta.

1688 441 1773 480 460

117 497 224 538 Tum
259 501 385 551 pater
426 499 592 538 Aeneas
630 497 867 551 procedere
903 497 1076 551 longius
1116 497 1204 538 iras

116 555 173 596 Et
208 555 372 596 saevire
408 555 563 596 animis
599 554 815 596 Entellum
853 554 968 596 haud
999 569 1150 608 passus
1188 553 1376 606 acerbis3

117 612 200 655 Sed
232 612 359 654 finem
391 612 598 666 imposuit
632 626 823 666 pugnae,
865 612 1111 665 fessumque
1145 612 1311 654 Dareta

116 670 305 724 Eripuit,
353 671 546 712 mulcens
580 669 726 721 dictis,
770 683 821 711 ac
860 670 968 712 talia
1006 669 1141 711 fatur:

115 728 288 779 Infelix,
332 741 444 781 quae
487 732 612 769 tanta
641 728 832 769 animum
868 727 1085 769 dementia
1119 725 1260 779 cepit?

1685 727 1770 766 465

115 786 213 827 Non
247 785 358 827 vires
399 786 506 827 alias
543 799 837 839 conversa-que
877 785 1055 826 numina
1089 783 1249 825 sentis?

118 843 231 886 Cede
263 843 361 885 deo!
421 843 650 897 Dixitque,
696 847 739 885 et
772 843 940 896 proelia
973 855 1080 884 voce
1116 840 1302 882 diremit.

118 902 197 943 Ast
229 901 351 942 illum
388 900 463 942 fidi
500 900 725 954 aequales,
766 914 907 954 genua
938 913 1073 954 aegra
1108 898 1354 940 trahentem

115 959 443 1012 laetantemque
477 961 668 1012 utroque
704 961 835 1012 caput
875 970 1154 1010 crassumque
1197 968 1396 996 cruorem

118 1016 203 1058 Ore
242 1017 498 1058 eiectantem
536 1016 782 1069 mixtosque
818 1015 863 1056 in
909 1014 1118 1068 sanguine
1156 1012 1306 1054 dentes

1687 1014 1774 1053 470

116 1075 291 1116 Ducunt
326 1074 384 1115 ad
413 1087 566 1125 naves3
612 1073 864 1127 galeamque
905 1083 1136 1123 ensemque
1176 1068 1320 1111 vocati

116 1132 370 1186 Accipiunt,
408 1131 598 1186 palmam
640 1130 813 1172 Entello
855 1132 1115 1181 taurumque
1150 1126 1411 1179 relinquunt.

115 1190 197 1231 Hic
230 1190 388 1241 victor,
432 1201 641 1242 superans
683 1187 837 1228 animis
877 1189 1094 1239 tauroque
1128 1183 1360 1237 superbus:

116 1248 229 1289 Nate
270 1247 370 1299 dea,
415 1259 578 1298 vosque
613 1245 738 1296 haec,
776 1244 939 1297 inquit,

116 1306 173 1347 Et
210 1304 316 1346 mihi
350 1317 460 1358 quae
497 1303 660 1345 fuerint
696 1302 883 1344 iuvenali
922 1301 967 1342 in
1009 1313 1191 1353 corpore
1226 1299 1350 1350 vires,
1689 1300 1742 1337 47

985 1242 1250 1297 cognoscite,
1297 1239 1461 1291 Teucri,

1750 1299 1772 1336 C!

116 1363 173 1404 Et
211 1376 298 1416 qua
335 1361 513 1404 servetis
547 1363 797 1402 revocatum
830 1373 857 1400 a
891 1362 1031 1400 morte
1070 1358 1245 1399 Dareta.

117 1420 239 1461 Dixit
277 1423 319 1461 et
358 1418 528 1461 adversi
567 1421 720 1460 contra
759 1417 880 1459 stetit
911 1430 988 1458 ora
1024 1414 1205 1465 iuvenci,

117 1477 198 1528 Qui
235 1477 394 1519 donum
434 1475 639 1518 adstabat
672 1488 864 1530 pugnae,
902 1473 1122 1527 durosque
1160 1470 1342 1513 reducta

115 1535 312 1577 Libravit
351 1534 506 1576 dextra
540 1533 683 1575 media
712 1533 825 1575 inter
857 1545 1018 1574 cornua
1054 1534 1224 1572 caestus

115 1592 309 1646 Arduus,
356 1591 621 1646 effractoque
651 1590 788 1633 inlisit
826 1590 871 1632 in
906 1603 1005 1632 ossa
1037 1588 1226 1630 cerebro.

118 1780 255 1810 Statium
289 1778 325 1818 6,
350 1779 416 1810 826
451 1782 596 1817 'tydeum
630 1777 783 1809 stimulis
818 1775 924 1820 angit

118 1824 258 1855 conscia
281 1824 405 1855 virtus.
429 1842 475 1846 —
506 1824 679 1864 Incendit,
703 1826 832 1855 excitat.
871 1826 925 1854 Sic

117 1870 187 1901 inc.
219 1872 361 1906 aliquem
393 1870 544 1911 querelis
573 1870 604 1909 4,
633 1870 709 1900 360.
759 1870 825 1901 inc.
851 1868 925 1900 cla-

118 1925 213 1946 more
244 1914 358 1945 urbem
391 1915 442 1953 11,
468 1915 542 1945 147.
593 1915 725 1946 caelum
762 1915 820 1951 10,
846 1915 923 1945 895.

122 1978 160 1983 —
200 1963 326 1992 Dicitur
357 1966 387 1991 et
425 1960 489 1991 inc.
523 1960 652 1991 luctum
696 1961 735 1999 9,
764 1961 830 1990 500
869 1963 925 1991 sed

117 2006 223 2049 regia
254 2009 352 2037 etiam
377 2005 472 2036 luctu
499 2005 699 2036 incenditur
719 2009 799 2036 lust.
825 2006 924 2044 38,S.

118 2059 149 2083 et
173 2055 241 2082 Cat.
267 2054 372 2088 Epitli.
395 2051 459 2081 227
488 2054 606 2089 legitur
636 2055 771 2082 nostros
798 2051 924 2088 luctus,

117 2102 328 2138 nostraeque
353 2096 518 2128 incendia
544 2095 679 2127 mentis.
717 2099 793 2127 Val.
821 2099 868 2125 Fl.
892 2095 924 2134 7,

119 2143 184 2173 243
226 2142 406 2184 Perpetior
433 2143 545 2181 durae
572 2141 782 2172 iamdudum
809 2140 925 2171 incen-

120 2188 181 2220 dia
200 2188 336 2219 mentis.
363 2205 401 2210 -
428 2191 490 2225 Qui
512 2189 644 2218 virtutis
668 2196 749 2218 suae
774 2189 926 2218 conscius

119 2240 185 2273 est,
229 2243 309 2266 casu
354 2236 412 2265 illo
456 2238 687 2272 exacerbatur,
732 2234 925 2270 praesertim

120 2290 219 2317 quum
257 2285 383 2316 propter
421 2290 495 2311 eum
531 2289 552 2310 a
582 2281 733 2310 Troianis
770 2283 924 2309 honorem

121 2330 207 2363 putet
232 2327 296 2356 sihi
323 2328 444 2364 negari.
494 2328 636 2356 Versum
665 2328 747 2355 delet
778 2323 829 2355 Pl.

166 2381 243 2412 456.
272 2381 408 2423 Aequor
432 2391 497 2412 non
527 2384 629 2413 maris
659 2387 708 2412 est
731 2384 836 2411 solum
861 2381 921 2417 (cf.

120 2428 181 2467 8),
207 2430 264 2458 sed
293 2430 390 2458 etiam
420 2432 542 2465 terrae;
581 2433 611 2458 et
641 2429 690 2458 sic
716 2436 847 2468 aequor
875 2428 924 2456 di-

120 2476 205 2504 eitur
239 2473 270 2511 7,
299 2472 376 2503 728.
406 2472 472 2503 738
515 2479 543 2503 et
584 2482 716 2514 aequor
746 2470 862 2514 campi
891 2471 923 2511 7,

122 2519 199 2549 781.
245 2518 304 2557 12,
339 2517 415 2549 710.
472 2521 509 2548 Et
542 2528 636 2549 omne
668 2521 751 2555 quod
789 2521 924 2555 planum

121 2571 151 2596 et
179 2574 318 2601 aequum
345 2569 408 2602 est,
435 2574 566 2604 aequor
591 2570 692 2600 potest
717 2565 790 2594 diei.

168 2620 245 2651 457.
272 2619 345 2659 ille,
370 2624 519 2651 Entellus
545 2622 583 2651 ef.
607 2620 683 2650 3:3⁴.

167 2678 243 2709 459.
270 2677 445 2719 crepitant
491 2679 529 2708 cf.
571 2680 606 2707 G.
647 2676 682 2714 1,
722 2674 787 2704 449
837 2674 923 2706 Tum

120 2724 233 2756 multa
261 2722 297 2754 in
328 2722 428 2755 tectis
454 2721 630 2764 crepitans
662 2720 746 2752 solit
779 2719 924 2752 horrida

121 2769 274 2813 grando.

167 2825 409 2902 3610.4Dareta
441 2830 490 2855 est
522 2830 552 2854 et
579 2823 644 2853 456
667 2826 777 2854 Daren
800 2825 840 2855 cf.
867 2827 920 2855 Gr.

121 2873 144 2909 S
216 2896 224 2911 ,
275 2896 281 2902 .

169 2927 244 2958 462.
270 2930 415 2965 Aeneas,
435 2929 490 2964 qui
507 2928 595 2958 videt
611 2929 772 2957 Entellum
795 2928 845 2957 ira
865 2936 925 2957 ex-

124 2974 256 3004 citatum
281 2975 465 3004 adversarii
490 2978 625 3004 mortem
646 2981 819 3011 quaerere,
856 2982 924 3003 cer-

124 3023 231 3049 tamen
256 3021 377 3051 dirimit
403 3022 653 3056 consolaturque
676 3021 820 3057 victum,
842 3021 926 3056 quod

1687 1588 1772 1628 480

971 1785 990 1807 a
1016 1778 1073 1806 deo
1097 1777 1229 1806 adiutus
1254 1776 1294 1804 sit
1319 1774 1542 1805 adversarius.
1569 1789 1606 1794 —
1637 1771 1773 1803 Animis

972 1824 1104 1853 saevire
1130 1823 1169 1852 cf.
1197 1820 1228 1859 2,
1253 1819 1330 1850 386.

1018 1867 1094 1897 466.
1128 1866 1226 1897 l'ires
1251 1865 1356 1902 alias,
1377 1873 1473 1901 quam
1493 1870 1592 1894 antea
1613 1873 1687 1894 esse
1715 1867 1772 1894 ad-

971 1915 1138 1950 versario,
1179 1918 1209 1942 et
1237 1914 1368 1942 deorum
1393 1919 1525 1941 versam
1549 1919 1624 1940 esse
1655 1913 1774 1940 volun-

973 1965 1069 1990 tatem
1089 1969 1131 1989 ex
1154 1960 1210 1988 illo
1234 1967 1326 1989 casu.
1367 1960 1414 1987 Tu
1439 1962 1535 1986 antea
1559 1958 1664 1986 victor
1689 1966 1774 1987 nunc

973 2007 1128 2037 vinceris.
1146 2013 1246 2040 quare
1270 2013 1368 2040 quum
1395 2008 1506 2033 contra
1530 2003 1675 2032 numina·
1690 2004 1774 2031 nillil

970 2052 1091 2086 possis,
1117 2051 1244 2080 desiste.

1017 2094 1093 2124 4137.
1122 2094 1279 2135 dixitque
1305 2097 1348 2124 et.
1397 2097 1446 2123 Ita
1474 2094 1636 2123 indicatur
1663 2095 1774 2124 statim

971 2150 1027 2170 eos
1051 2143 1088 2170 tle
1113 2148 1221 2177 pugna
1247 2141 1430 2176 destitisse,
1461 2140 1494 2168 in
1518 2148 1642 2169 summo
1669 2146 1774 2170 certa—

970 2187 1069 2216 minis
1101 2187 1231 2223 ardore,
1272 2186 1350 2214 moti
1380 2186 1544 2214 monentis
1570 2187 1771 2215 auctoritate.

976 2229 1027 2261 ΡΙ.
1052 2234 1154 2261 verba
1180 2228 1270 2260 dixit
1294 2245 1339 2250 —-
1365 2227 1504 2259 diremit
1531 2231 1625 2259 delet.

1018 2275 1095 2306 469.
1131 2274 1282 2315 Utroque
1308 2277 1415 2315 caput
1445 2275 1560 2313 iactat,
1586 2276 1683 2310 quasi
1708 2277 1773 2305 iam

971 2323 1086 2353 cervix
1110 2322 1215 2351 fracta
1242 2326 1271 2350 et
1295 2322 1376 2350 laxa
1400 2320 1452 2349 sit.

1017 2377 1092 2408 470.
1119 2377 1332 2419 mixtosque.-
1371 2379 1420 2406 Ita
1453 2379 1513 2406 Ov.
1544 2379 1586 2405 M.
1622 2374 1680 2414 12,
1707 2375 1772 2405 256

969 2433 1114 2465 cumque
1129 2427 1207 2455 atro
1226 2422 1352 2453 mistos
1370 2424 1569 2463 sputantem
1596 2420 1775 2463 sanguine

971 2469 1092 2501 dentes
1119 2472 1153 2500 in
1178 2478 1288 2507 pugna
1306 2470 1540 2498 Centaurorum
1564 2472 1594 2497 et
1617 2468 1774 2504 Lapitha-

972 2525 1042 2546 rum
1075 2521 1105 2546 et
1130 2519 1204 2546 Irus
1238 2519 1278 2546 ab
1310 2516 1435 2552 Ulysse
1466 2517 1648 2549 prostratus
1679 2515 1771 2543 Hom.

972 2565 1027 2592 Od.
1057 2560 1107 2601 le,
1136 2560 1189 2591 98.

1018 2617 1095 2648 471.
1124 2615 1257 2649 vocati.-
1282 2619 1391 2655 „Bene
1417 2624 1526 2645 eorum
1552 2616 1689 2645 ostendit
1715 2625 1774 2651 pu-

972 2668 1091 2702 dorem,
1117 2667 1172 2694 vel
1196 2665 1274 2700 quia
1298 2667 1389 2693 erant
1412 2662 1560 2697 occupati
1582 2662 1668 2692 circa
1691 2663 1774 2691 ami-

971 2710 1077 2741 611111.Η
1106 2713 1137 2740 S.

1017 2766 1093 2797 ⁴73.
1123 2775 1294 2807 superans
1326 2763 1473 2794 animis.-
1511 2766 1619 2794 elatus
1654 2765 1775 2794 virium

969 2814 1169 2844 confidentia.
1190 2828 1229 2833 ——
1255 2815 1426 2850 tauroque
1453 2808 1619 2849 superbus
1641 2811 1681 2840 cf.
1697 2809 1772 2839 268.

1018 2869 1094 2900 475.
1123 2866 1299 2900 iuvenalis
1324 2868 1363 2897 cf.
1390 2865 1421 2904 2,
1440 2864 1517 2896 518.

1019 2925 1094 2956 480.
1128 2923 1242 2955 inlisit
1259 2923 1294 2954 in
1314 2932 1392 2953 ossa
1404 2926 1484 2953 MSS.
1511 2921 1627 2954 Inlisit
1644 2932 1722 2954 ossa
1737 2926 1774 2953 R.

972 2976 1084 3010 probat
1114 2969 1314 3000 Fleckeisen
1341 2970 1390 3005 id,
1421 2971 1506 3005 quod
1534 2974 1583 2999 est
1608 2970 1776 3004 antiquum

975 3025 1003 3050 et
1027 3022 1138 3049 contra
1160 3021 1312 3046 metrum:
1359 3016 1407 3047 Cf.
1435 3013 1512 3044 364.

1437 3060 1501 3104 16
