<?xml version="1.0" encoding="UTF-8"?>
<!DOCTYPE html PUBLIC "-//W3C//DTD XHTML 1.0 Transitional//EN"
    "http://www.w3.org/TR/xhtml1/DTD/xhtml1-transitional.dtd">
<html xmlns="http://www.w3.org/1999/xhtml" xml:lang="en" lang="en">
 <head>
  <title>
</title>
<meta http-equiv="Content-Type" content="text/html;charset=utf-8" />
  <meta name='ocr-system' content='tesseract 3.04.00' />
  <meta name='ocr-capabilities' content='ocr_page ocr_carea ocr_par ocr_line ocrx_word'/>
</head>
<body>
  <div class='ocr_page' id='page_1' title='image "aeneisvi00virguoft_0075.png"; bbox 0 0 2023 3350; ppageno 0'>
   <div class='ocr_carea' id='block_1_1' title="bbox 73 222 1294 334">
    <p class='ocr_par' dir='ltr' id='par_1_1' title="bbox 73 222 1294 334">
     <span class='ocr_line' id='line_1_1' title="bbox 73 222 1294 279; baseline 0.001 -15"><span class='ocrx_word' id='word_1_1' title='bbox 73 223 127 264; x_wconf 92' lang='lat' dir='ltr'>Di</span> <span class='ocrx_word' id='word_1_2' title='bbox 158 222 258 274; x_wconf 89' lang='lat' dir='ltr'>tibi,</span> <span class='ocrx_word' id='word_1_3' title='bbox 298 223 334 264; x_wconf 87' lang='lat' dir='ltr'>si</span> <span class='ocrx_word' id='word_1_4' title='bbox 367 237 452 277; x_wconf 89' lang='lat' dir='ltr'>qua</span> <span class='ocrx_word' id='word_1_5' title='bbox 482 224 577 277; x_wconf 85' lang='lat' dir='ltr'>pios</span> <span class='ocrx_word' id='word_1_6' title='bbox 609 227 856 279; x_wconf 76' lang='lat' dir='ltr'>respectant</span> <span class='ocrx_word' id='word_1_7' title='bbox 889 225 1081 276; x_wconf 86' lang='lat' dir='ltr'>numina,</span> <span class='ocrx_word' id='word_1_8' title='bbox 1119 225 1154 266; x_wconf 90' lang='lat' dir='ltr'>si</span> <span class='ocrx_word' id='word_1_9' title='bbox 1192 224 1294 279; x_wconf 88' lang='lat' dir='ltr'>quid</span> 
     </span>
     <span class='ocr_line' id='line_1_2' title="bbox 74 281 1256 334; baseline 0.003 -13"><span class='ocrx_word' id='word_1_10' title='bbox 74 281 262 334; x_wconf 82' lang='lat' dir='ltr'>Usquam</span> <span class='ocrx_word' id='word_1_11' title='bbox 295 281 461 323; x_wconf 87' lang='lat' dir='ltr'>iustitia</span> <span class='ocrx_word' id='word_1_12' title='bbox 495 285 559 323; x_wconf 88' lang='lat' dir='ltr'>est</span> <span class='ocrx_word' id='word_1_13' title='bbox 593 285 636 323; x_wconf 89' lang='lat' dir='ltr'>et</span> <span class='ocrx_word' id='word_1_14' title='bbox 665 296 783 324; x_wconf 88' lang='lat' dir='ltr'>mens</span> <span class='ocrx_word' id='word_1_15' title='bbox 816 282 897 324; x_wconf 91' lang='lat' dir='ltr'>sibi</span> <span class='ocrx_word' id='word_1_16' title='bbox 932 283 1104 324; x_wconf 87' lang='lat' dir='ltr'>conscia</span> <span class='ocrx_word' id='word_1_17' title='bbox 1136 283 1256 334; x_wconf 89' lang='lat' dir='ltr'>recti,</span> 
     </span>
    </p>
   </div>
   <div class='ocr_carea' id='block_1_2' title="bbox 72 338 624 392">
    <p class='ocr_par' dir='ltr' id='par_1_2' title="bbox 72 338 624 392">
     <span class='ocr_line' id='line_1_3' title="bbox 72 338 624 392; baseline 0.002 -13"><span class='ocrx_word' id='word_1_18' title='bbox 72 338 268 380; x_wconf 78' lang='lat' dir='ltr'>Praemia</span> <span class='ocrx_word' id='word_1_19' title='bbox 307 339 437 392; x_wconf 82' lang='lat' dir='ltr'>digna</span> <span class='ocrx_word' id='word_1_20' title='bbox 473 338 624 381; x_wconf 84' lang='lat' dir='ltr'>ferant.</span> 
     </span>
    </p>
   </div>
   <div class='ocr_carea' id='block_1_3' title="bbox 71 395 1386 625">
    <p class='ocr_par' dir='ltr' id='par_1_3' title="bbox 74 395 1201 452">
     <span class='ocr_line' id='line_1_4' title="bbox 74 395 1201 452; baseline 0.002 -15"><span class='ocrx_word' id='word_1_21' title='bbox 74 395 282 437; x_wconf 76' lang='lat' dir='ltr'>Saecula?</span> <span class='ocrx_word' id='word_1_22' title='bbox 325 396 399 450; x_wconf 91' lang='lat' dir='ltr'>qui</span> <span class='ocrx_word' id='word_1_23' title='bbox 439 397 550 437; x_wconf 84' lang='lat' dir='ltr'>tanti</span> <span class='ocrx_word' id='word_1_24' title='bbox 581 397 718 438; x_wconf 81' lang='lat' dir='ltr'>&#39;talem</span> <span class='ocrx_word' id='word_1_25' title='bbox 753 412 935 451; x_wconf 82' lang='lat' dir='ltr'>genuere</span> <span class='ocrx_word' id='word_1_26' title='bbox 971 398 1201 452; x_wconf 72' lang='lat' dir='ltr'>parentes?</span> 
     </span>
    </p>

    <p class='ocr_par' dir='ltr' id='par_1_4' title="bbox 71 453 1386 625">
     <span class='ocr_line' id='line_1_5' title="bbox 71 453 1385 507; baseline 0.002 -13"><span class='ocrx_word' id='word_1_27' title='bbox 71 453 121 494; x_wconf 90' lang='lat' dir='ltr'>In</span> <span class='ocrx_word' id='word_1_28' title='bbox 153 453 264 495; x_wconf 85' lang='lat' dir='ltr'>freta</span> <span class='ocrx_word' id='word_1_29' title='bbox 299 454 399 496; x_wconf 91' lang='lat' dir='ltr'>dum</span> <span class='ocrx_word' id='word_1_30' title='bbox 433 453 549 495; x_wconf 83' lang='lat' dir='ltr'>fluvii</span> <span class='ocrx_word' id='word_1_31' title='bbox 590 459 779 507; x_wconf 86' lang='lat' dir='ltr'>current,</span> <span class='ocrx_word' id='word_1_32' title='bbox 819 455 917 497; x_wconf 86' lang='lat' dir='ltr'>dum</span> <span class='ocrx_word' id='word_1_33' title='bbox 958 456 1172 497; x_wconf 89' lang='lat' dir='ltr'>montibus</span> <span class='ocrx_word' id='word_1_34' title='bbox 1208 455 1385 497; x_wconf 86' lang='lat' dir='ltr'>umbrae</span> 
     </span>
     <span class='ocr_line' id='line_1_6' title="bbox 72 511 1273 567; baseline 0.002 -15"><span class='ocrx_word' id='word_1_35' title='bbox 72 511 336 553; x_wconf 84' lang='lat' dir='ltr'>Lustrabunt</span> <span class='ocrx_word' id='word_1_36' title='bbox 372 525 578 564; x_wconf 79' lang='lat' dir='ltr'>convexa,</span> <span class='ocrx_word' id='word_1_37' title='bbox 619 513 745 567; x_wconf 86' lang='lat' dir='ltr'>polus</span> <span class='ocrx_word' id='word_1_38' title='bbox 784 512 884 554; x_wconf 89' lang='lat' dir='ltr'>dum</span> <span class='ocrx_word' id='word_1_39' title='bbox 925 513 1067 555; x_wconf 86' lang='lat' dir='ltr'>sidera</span> <span class='ocrx_word' id='word_1_40' title='bbox 1104 517 1273 567; x_wconf 87' lang='lat' dir='ltr'>pascet:</span> 
     </span>
     <span class='ocr_line' id='line_1_7' title="bbox 72 568 1386 625; baseline 0.001 -15"><span class='ocrx_word' id='word_1_41' title='bbox 72 568 247 623; x_wconf 84' lang='lat' dir='ltr'>Semper</span> <span class='ocrx_word' id='word_1_42' title='bbox 282 569 416 611; x_wconf 84' lang='lat' dir='ltr'>honos</span> <span class='ocrx_word' id='word_1_43' title='bbox 451 583 689 625; x_wconf 84' lang='lat' dir='ltr'>nomenque</span> <span class='ocrx_word' id='word_1_44' title='bbox 721 574 841 612; x_wconf 90' lang='lat' dir='ltr'>tuum</span> <span class='ocrx_word' id='word_1_45' title='bbox 874 571 1107 625; x_wconf 84' lang='lat' dir='ltr'>laudesque</span> <span class='ocrx_word' id='word_1_46' title='bbox 1143 570 1386 620; x_wconf 89' lang='lat' dir='ltr'>manebunt,</span> 
     </span>
    </p>
   </div>
   <div class='ocr_carea' id='block_1_4' title="bbox 71 626 875 681">
    <p class='ocr_par' dir='ltr' id='par_1_5' title="bbox 71 626 875 681">
     <span class='ocr_line' id='line_1_8' title="bbox 71 626 875 681; baseline 0.002 -13"><span class='ocrx_word' id='word_1_47' title='bbox 71 626 186 677; x_wconf 81' lang='lat' dir='ltr'>Quae</span> <span class='ocrx_word' id='word_1_48' title='bbox 220 640 287 669; x_wconf 92' lang='lat' dir='ltr'>me</span> <span class='ocrx_word' id='word_1_49' title='bbox 324 641 488 681; x_wconf 89' lang='lat' dir='ltr'>cunque</span> <span class='ocrx_word' id='word_1_50' title='bbox 528 632 683 670; x_wconf 86' lang='lat' dir='ltr'>vocant</span> <span class='ocrx_word' id='word_1_51' title='bbox 722 632 875 670; x_wconf 86' lang='lat' dir='ltr'>terrae.</span> 
     </span>
    </p>
   </div>
   <div class='ocr_carea' id='block_1_5' title="bbox 68 683 1371 856">
    <p class='ocr_par' dir='ltr' id='par_1_6' title="bbox 68 683 1371 856">
     <span class='ocr_line' id='line_1_9' title="bbox 68 683 1090 740; baseline 0.002 -15"><span class='ocrx_word' id='word_1_52' title='bbox 68 683 232 726; x_wconf 86' lang='lat' dir='ltr'>Ilionea</span> <span class='ocrx_word' id='word_1_53' title='bbox 269 686 378 739; x_wconf 87' lang='lat' dir='ltr'>petit</span> <span class='ocrx_word' id='word_1_54' title='bbox 417 685 585 737; x_wconf 86' lang='lat' dir='ltr'>dextra,</span> <span class='ocrx_word' id='word_1_55' title='bbox 627 686 833 740; x_wconf 87' lang='lat' dir='ltr'>laevaque</span> <span class='ocrx_word' id='word_1_56' title='bbox 866 686 1090 735; x_wconf 87' lang='lat' dir='ltr'>Serestum,</span> 
     </span>
     <span class='ocr_line' id='line_1_10' title="bbox 70 742 1371 798; baseline 0 -15"><span class='ocrx_word' id='word_1_57' title='bbox 70 742 172 784; x_wconf 89' lang='lat' dir='ltr'>Post</span> <span class='ocrx_word' id='word_1_58' title='bbox 209 742 335 795; x_wconf 87' lang='lat' dir='ltr'>alios,</span> <span class='ocrx_word' id='word_1_59' title='bbox 373 742 614 797; x_wconf 88' lang='lat' dir='ltr'>fortemque</span> <span class='ocrx_word' id='word_1_60' title='bbox 648 743 786 798; x_wconf 78' lang='lat' dir='ltr'>Gyan,</span> <span class='ocrx_word' id='word_1_61' title='bbox 825 744 1066 797; x_wconf 84' lang='lat' dir='ltr'>fortemque</span> <span class='ocrx_word' id='word_1_62' title='bbox 1104 743 1371 786; x_wconf 79' lang='lat' dir='ltr'>Cloanthum.</span> 
     </span>
     <span class='ocr_line' id='line_1_11' title="bbox 185 800 1187 856; baseline -0.001 -14"><span class='ocrx_word' id='word_1_63' title='bbox 185 800 404 855; x_wconf 78' lang='lat' dir='ltr'>Obstipuit</span> <span class='ocrx_word' id='word_1_64' title='bbox 442 801 578 854; x_wconf 87' lang='lat' dir='ltr'>primo</span> <span class='ocrx_word' id='word_1_65' title='bbox 615 802 823 856; x_wconf 84' lang='lat' dir='ltr'>adspectu</span> <span class='ocrx_word' id='word_1_66' title='bbox 859 801 1034 844; x_wconf 89' lang='lat' dir='ltr'>Sidonia</span> <span class='ocrx_word' id='word_1_67' title='bbox 1064 800 1187 852; x_wconf 89' lang='lat' dir='ltr'>Dido,</span> 
     </span>
    </p>
   </div>
   <div class='ocr_carea' id='block_1_6' title="bbox 69 857 1254 971">
    <p class='ocr_par' dir='ltr' id='par_1_7' title="bbox 69 857 1254 971">
     <span class='ocr_line' id='line_1_12' title="bbox 71 857 1254 911; baseline -0.001 -11"><span class='ocrx_word' id='word_1_68' title='bbox 71 858 181 900; x_wconf 87' lang='lat' dir='ltr'>Casu</span> <span class='ocrx_word' id='word_1_69' title='bbox 221 857 374 900; x_wconf 90' lang='lat' dir='ltr'>deinde</span> <span class='ocrx_word' id='word_1_70' title='bbox 413 859 492 899; x_wconf 84' lang='lat' dir='ltr'>viri</span> <span class='ocrx_word' id='word_1_71' title='bbox 527 862 669 911; x_wconf 70' lang='lat' dir='ltr'>tanto,</span> <span class='ocrx_word' id='word_1_72' title='bbox 709 863 751 901; x_wconf 91' lang='lat' dir='ltr'>et</span> <span class='ocrx_word' id='word_1_73' title='bbox 787 860 846 900; x_wconf 86' lang='lat' dir='ltr'>sic</span> <span class='ocrx_word' id='word_1_74' title='bbox 882 873 954 900; x_wconf 88' lang='lat' dir='ltr'>ore</span> <span class='ocrx_word' id='word_1_75' title='bbox 989 859 1135 900; x_wconf 88' lang='lat' dir='ltr'>locuta</span> <span class='ocrx_word' id='word_1_76' title='bbox 1169 862 1254 900; x_wconf 86' lang='lat' dir='ltr'>est:</span> 
     </span>
     <span class='ocr_line' id='line_1_13' title="bbox 69 914 1188 971; baseline 0 -15"><span class='ocrx_word' id='word_1_77' title='bbox 69 914 173 966; x_wconf 79' lang='lat' dir='ltr'>Quis</span> <span class='ocrx_word' id='word_1_78' title='bbox 207 920 268 967; x_wconf 87' lang='lat' dir='ltr'>te,</span> <span class='ocrx_word' id='word_1_79' title='bbox 307 919 408 958; x_wconf 88' lang='lat' dir='ltr'>nate</span> <span class='ocrx_word' id='word_1_80' title='bbox 445 916 541 968; x_wconf 91' lang='lat' dir='ltr'>dea,</span> <span class='ocrx_word' id='word_1_81' title='bbox 578 931 655 971; x_wconf 85' lang='lat' dir='ltr'>per</span> <span class='ocrx_word' id='word_1_82' title='bbox 687 921 810 958; x_wconf 87' lang='lat' dir='ltr'>tanta</span> <span class='ocrx_word' id='word_1_83' title='bbox 840 917 1032 970; x_wconf 86' lang='lat' dir='ltr'>pericula</span> <span class='ocrx_word' id='word_1_84' title='bbox 1064 930 1188 958; x_wconf 89' lang='lat' dir='ltr'>casus</span> 
     </span>
    </p>
   </div>
   <div class='ocr_carea' id='block_1_7' title="bbox 68 973 1354 1200">
    <p class='ocr_par' dir='ltr' id='par_1_8' title="bbox 68 973 1247 1085">
     <span class='ocr_line' id='line_1_14' title="bbox 68 973 1247 1028; baseline -0.002 -14"><span class='ocrx_word' id='word_1_85' title='bbox 68 974 341 1027; x_wconf 72' lang='lat' dir='ltr'>Insequitur?</span> <span class='ocrx_word' id='word_1_86' title='bbox 382 988 490 1028; x_wconf 89' lang='lat' dir='ltr'>quae</span> <span class='ocrx_word' id='word_1_87' title='bbox 524 974 586 1016; x_wconf 90' lang='lat' dir='ltr'>vis</span> <span class='ocrx_word' id='word_1_88' title='bbox 619 974 872 1016; x_wconf 82' lang='lat' dir='ltr'>immanibus</span> <span class='ocrx_word' id='word_1_89' title='bbox 905 974 1095 1028; x_wconf 83' lang='lat' dir='ltr'>adplicat</span> <span class='ocrx_word' id='word_1_90' title='bbox 1130 973 1216 1014; x_wconf 87' lang='lat' dir='ltr'>oris</span> <span class='ocrx_word' id='word_1_91' title='bbox 1228 973 1247 1011; x_wconf 65' lang='lat'>⁶?</span> 
     </span>
     <span class='ocr_line' id='line_1_15' title="bbox 68 1031 1167 1085; baseline 0 -14"><span class='ocrx_word' id='word_1_92' title='bbox 68 1031 184 1072; x_wconf 88' lang='lat' dir='ltr'>Tune</span> <span class='ocrx_word' id='word_1_93' title='bbox 218 1031 291 1072; x_wconf 91' lang='lat' dir='ltr'>ille</span> <span class='ocrx_word' id='word_1_94' title='bbox 320 1031 504 1083; x_wconf 77' lang='lat' dir='ltr'>Aeneas,</span> <span class='ocrx_word' id='word_1_95' title='bbox 547 1046 671 1085; x_wconf 92' lang='lat' dir='ltr'>quem</span> <span class='ocrx_word' id='word_1_96' title='bbox 704 1032 921 1073; x_wconf 85' lang='lat' dir='ltr'>Dardanio</span> <span class='ocrx_word' id='word_1_97' title='bbox 955 1031 1167 1072; x_wconf 78' lang='lat' dir='ltr'>Anchisae</span> 
     </span>
    </p>

    <p class='ocr_par' dir='ltr' id='par_1_9' title="bbox 68 1085 1354 1200">
     <span class='ocr_line' id='line_1_16' title="bbox 69 1085 1354 1143; baseline -0.004 -14"><span class='ocrx_word' id='word_1_98' title='bbox 69 1088 194 1129; x_wconf 88' lang='lat' dir='ltr'>Alma</span> <span class='ocrx_word' id='word_1_99' title='bbox 234 1089 375 1130; x_wconf 78' lang='lat' dir='ltr'>Venus</span> <span class='ocrx_word' id='word_1_100' title='bbox 414 1090 588 1142; x_wconf 79' lang='lat' dir='ltr'>Phrygii</span> <span class='ocrx_word' id='word_1_101' title='bbox 627 1090 772 1143; x_wconf 83' lang='lat' dir='ltr'>genuit</span> <span class='ocrx_word' id='word_1_102' title='bbox 808 1089 1035 1131; x_wconf 83' lang='lat' dir='ltr'>Simoentis</span> <span class='ocrx_word' id='word_1_103' title='bbox 1076 1088 1131 1129; x_wconf 91' lang='lat' dir='ltr'>ad</span> <span class='ocrx_word' id='word_1_104' title='bbox 1166 1085 1324 1127; x_wconf 89' lang='lat' dir='ltr'>undam</span> <span class='ocrx_word' id='word_1_105' title='bbox 1336 1085 1354 1124; x_wconf 65' lang='lat'>‘3</span> 
     </span>
     <span class='ocr_line' id='line_1_17' title="bbox 68 1143 1271 1200; baseline -0.002 -13"><span class='ocrx_word' id='word_1_106' title='bbox 68 1147 210 1199; x_wconf 86' lang='lat' dir='ltr'>Atque</span> <span class='ocrx_word' id='word_1_107' title='bbox 249 1146 443 1200; x_wconf 85' lang='lat' dir='ltr'>equidem</span> <span class='ocrx_word' id='word_1_108' title='bbox 478 1146 685 1188; x_wconf 81' lang='lat' dir='ltr'>Teucrum</span> <span class='ocrx_word' id='word_1_109' title='bbox 726 1146 896 1188; x_wconf 87' lang='lat' dir='ltr'>memini</span> <span class='ocrx_word' id='word_1_110' title='bbox 933 1146 1091 1188; x_wconf 88' lang='lat' dir='ltr'>Sidona</span> <span class='ocrx_word' id='word_1_111' title='bbox 1129 1143 1271 1186; x_wconf 82' lang='lat' dir='ltr'>venire</span> 
     </span>
    </p>
   </div>
   <div class='ocr_carea' id='block_1_8' title="bbox 685 110 1714 1240">
    <p class='ocr_par' dir='ltr' id='par_1_10' title="bbox 685 110 1710 680">
     <span class='ocr_line' id='line_1_18' title="bbox 687 110 1710 152; baseline 0.001 -10"><span class='ocrx_word' id='word_1_112' title='bbox 687 110 921 144; x_wconf 80' lang='lat' dir='ltr'>AENEmos</span> <span class='ocrx_word' id='word_1_113' title='bbox 949 112 1033 144; x_wconf 81' lang='lat' dir='ltr'>Lm.</span> <span class='ocrx_word' id='word_1_114' title='bbox 1062 114 1086 144; x_wconf 88' lang='lat'>1.</span> <span class='ocrx_word' id='word_1_115' title='bbox 1657 114 1710 152; x_wconf 80' lang='lat'>49</span> 
     </span>
     <span class='ocr_line' id='line_1_19' title="bbox 685 340 1710 390; baseline -0.002 -8"><span class='ocrx_word' id='word_1_116' title='bbox 685 340 802 390; x_wconf 78' lang='lat' dir='ltr'>Quae</span> <span class='ocrx_word' id='word_1_117' title='bbox 834 345 875 382; x_wconf 88' lang='lat' dir='ltr'>te</span> <span class='ocrx_word' id='word_1_118' title='bbox 906 344 995 382; x_wconf 86' lang='lat' dir='ltr'>tam</span> <span class='ocrx_word' id='word_1_119' title='bbox 1025 341 1141 382; x_wconf 88' lang='lat' dir='ltr'>laeta</span> <span class='ocrx_word' id='word_1_120' title='bbox 1177 340 1369 382; x_wconf 84' lang='lat' dir='ltr'>tulerunt</span> <span class='ocrx_word' id='word_1_121' title='bbox 1629 342 1710 381; x_wconf 79' lang='grc'>605</span> 
     </span>
     <span class='ocr_line' id='line_1_20' title="bbox 937 628 1707 680; baseline -0.006 -10"><span class='ocrx_word' id='word_1_122' title='bbox 937 629 1006 671; x_wconf 89' lang='lat' dir='ltr'>Sic</span> <span class='ocrx_word' id='word_1_123' title='bbox 1044 628 1177 680; x_wconf 85' lang='lat' dir='ltr'>fatus,</span> <span class='ocrx_word' id='word_1_124' title='bbox 1215 629 1398 670; x_wconf 89' lang='lat' dir='ltr'>amicum</span> <span class='ocrx_word' id='word_1_125' title='bbox 1625 628 1707 665; x_wconf 88' lang='grc'>610</span> 
     </span>
    </p>

    <p class='ocr_par' dir='ltr' id='par_1_11' title="bbox 1626 896 1714 953">
     <span class='ocr_line' id='line_1_21' title="bbox 1626 896 1714 953; baseline 0 -1"><span class='ocrx_word' id='word_1_126' title='bbox 1626 896 1714 953; x_wconf 63' lang='grc'>615</span> 
     </span>
    </p>

    <p class='ocr_par' dir='ltr' id='par_1_12' title="bbox 1627 1201 1708 1240">
     <span class='ocr_line' id='line_1_22' title="bbox 1627 1201 1708 1240; baseline 0.037 -3"><span class='ocrx_word' id='word_1_127' title='bbox 1627 1201 1708 1240; x_wconf 82' lang='lat'>620</span> 
     </span>
    </p>
   </div>
   <div class='ocr_carea' id='block_1_9' title="bbox 68 1203 1282 1258">
    <p class='ocr_par' dir='ltr' id='par_1_13' title="bbox 68 1203 1282 1258">
     <span class='ocr_line' id='line_1_23' title="bbox 68 1203 1282 1258; baseline -0.002 -14"><span class='ocrx_word' id='word_1_128' title='bbox 68 1203 243 1245; x_wconf 90' lang='lat' dir='ltr'>Finibus</span> <span class='ocrx_word' id='word_1_129' title='bbox 278 1204 500 1258; x_wconf 82' lang='lat' dir='ltr'>expulsum</span> <span class='ocrx_word' id='word_1_130' title='bbox 534 1205 707 1258; x_wconf 86' lang='lat' dir='ltr'>patriis,</span> <span class='ocrx_word' id='word_1_131' title='bbox 745 1218 856 1246; x_wconf 87' lang='lat' dir='ltr'>nova</span> <span class='ocrx_word' id='word_1_132' title='bbox 895 1218 1028 1254; x_wconf 63' lang='lat' dir='ltr'>regna</span> <span class='ocrx_word' id='word_1_133' title='bbox 1066 1206 1282 1257; x_wconf 84' lang='lat' dir='ltr'>petentem</span> 
     </span>
    </p>
   </div>
   <div class='ocr_carea' id='block_1_10' title="bbox 63 1343 864 1661">
    <p class='ocr_par' dir='ltr' id='par_1_14' title="bbox 64 1343 863 1420">
     <span class='ocr_line' id='line_1_24' title="bbox 64 1343 863 1385; baseline 0.001 -11"><span class='ocrx_word' id='word_1_134' title='bbox 64 1346 186 1374; x_wconf 82' lang='lat' dir='ltr'>dicere:</span> <span class='ocrx_word' id='word_1_135' title='bbox 230 1345 387 1380; x_wconf 84' lang='lat' dir='ltr'>Quidquid</span> <span class='ocrx_word' id='word_1_136' title='bbox 421 1343 545 1385; x_wconf 83' lang='lat' dir='ltr'>ubique</span> <span class='ocrx_word' id='word_1_137' title='bbox 576 1352 623 1375; x_wconf 76' lang='lat' dir='ltr'>est</span> <span class='ocrx_word' id='word_1_138' title='bbox 655 1347 759 1382; x_wconf 71' lang='lat' dir='ltr'>gentis</span> <span class='ocrx_word' id='word_1_139' title='bbox 782 1348 863 1375; x_wconf 82' lang='grc'><strong>1131-</strong></span> 
     </span>
     <span class='ocr_line' id='line_1_25' title="bbox 69 1392 193 1420; baseline 0 0"><span class='ocrx_word' id='word_1_140' title='bbox 69 1392 193 1420; x_wconf 81' lang='lat' dir='ltr'>daniae.</span> 
     </span>
    </p>

    <p class='ocr_par' dir='ltr' id='par_1_15' title="bbox 63 1445 864 1661">
     <span class='ocr_line' id='line_1_26' title="bbox 111 1445 864 1488; baseline 0.004 -12"><span class='ocrx_word' id='word_1_141' title='bbox 111 1446 187 1477; x_wconf 85' lang='grc'><strong>603.</strong></span> <span class='ocrx_word' id='word_1_142' title='bbox 217 1445 258 1477; x_wconf 73' lang='lat' dir='ltr'>Si</span> <span class='ocrx_word' id='word_1_143' title='bbox 282 1457 352 1488; x_wconf 82' lang='lat' dir='ltr'>qua</span> <span class='ocrx_word' id='word_1_144' title='bbox 380 1445 458 1488; x_wconf 79' lang='lat' dir='ltr'>pios</span> <span class='ocrx_word' id='word_1_145' title='bbox 490 1451 686 1488; x_wconf 79' lang='lat' dir='ltr'>respectant</span> <span class='ocrx_word' id='word_1_146' title='bbox 717 1446 864 1479; x_wconf 79' lang='lat' dir='ltr'>numina</span> 
     </span>
     <span class='ocr_line' id='line_1_27' title="bbox 63 1492 864 1535; baseline 0.001 -12"><span class='ocrx_word' id='word_1_147' title='bbox 63 1495 100 1523; x_wconf 87' lang='lat' dir='ltr'>cf.</span> <span class='ocrx_word' id='word_1_148' title='bbox 118 1493 148 1530; x_wconf 79' lang='lat'>2,</span> <span class='ocrx_word' id='word_1_149' title='bbox 166 1492 229 1522; x_wconf 85' lang='grc'>536</span> <span class='ocrx_word' id='word_1_150' title='bbox 253 1492 293 1523; x_wconf 76' lang='lat' dir='ltr'>Si</span> <span class='ocrx_word' id='word_1_151' title='bbox 315 1503 383 1533; x_wconf 84' lang='lat' dir='ltr'>qua</span> <span class='ocrx_word' id='word_1_152' title='bbox 404 1497 454 1525; x_wconf 83' lang='lat' dir='ltr'>est</span> <span class='ocrx_word' id='word_1_153' title='bbox 476 1492 571 1523; x_wconf 82' lang='lat' dir='ltr'>caelo</span> <span class='ocrx_word' id='word_1_154' title='bbox 591 1493 706 1535; x_wconf 82' lang='lat' dir='ltr'>pictas</span> <span class='ocrx_word' id='word_1_155' title='bbox 722 1492 864 1533; x_wconf 82' lang='lat' dir='ltr'>(lVenn</span> 
     </span>
     <span class='ocr_line' id='line_1_28' title="bbox 63 1537 864 1581; baseline 0.001 -12"><span class='ocrx_word' id='word_1_156' title='bbox 63 1538 148 1569; x_wconf 78' lang='lat' dir='ltr'>noch</span> <span class='ocrx_word' id='word_1_157' title='bbox 173 1537 432 1581; x_wconf 81' lang='lat' dir='ltr'>Gerecheigkeit</span> <span class='ocrx_word' id='word_1_158' title='bbox 456 1537 502 1569; x_wconf 85' lang='lat' dir='ltr'>im</span> <span class='ocrx_word' id='word_1_159' title='bbox 526 1537 675 1570; x_wconf 84' lang='lat' dir='ltr'>Himmel</span> <span class='ocrx_word' id='word_1_160' title='bbox 700 1538 777 1577; x_wconf 75' lang='lat' dir='ltr'>ist).</span> <span class='ocrx_word' id='word_1_161' title='bbox 823 1538 864 1570; x_wconf 77' lang='lat' dir='ltr'>Si</span> 
     </span>
     <span class='ocr_line' id='line_1_29' title="bbox 64 1583 861 1625; baseline 0.003 -11"><span class='ocrx_word' id='word_1_162' title='bbox 64 1594 133 1625; x_wconf 78' lang='lat' dir='ltr'>qua</span> <span class='ocrx_word' id='word_1_163' title='bbox 153 1583 227 1615; x_wconf 80' lang='lat' dir='ltr'>deis</span> <span class='ocrx_word' id='word_1_164' title='bbox 247 1583 363 1625; x_wconf 83' lang='lat' dir='ltr'>pictas</span> <span class='ocrx_word' id='word_1_165' title='bbox 383 1587 440 1614; x_wconf 86' lang='lat' dir='ltr'>Sil.</span> <span class='ocrx_word' id='word_1_166' title='bbox 469 1584 498 1623; x_wconf 88' lang='lat'>6,</span> <span class='ocrx_word' id='word_1_167' title='bbox 524 1583 599 1615; x_wconf 84' lang='lat'>410.</span> <span class='ocrx_word' id='word_1_168' title='bbox 653 1584 693 1615; x_wconf 70' lang='lat' dir='ltr'>si</span> <span class='ocrx_word' id='word_1_169' title='bbox 718 1596 780 1615; x_wconf 87' lang='lat' dir='ltr'>non</span> <span class='ocrx_word' id='word_1_170' title='bbox 804 1588 861 1616; x_wconf 82' lang='lat' dir='ltr'>du-</span> 
     </span>
     <span class='ocr_line' id='line_1_30' title="bbox 64 1632 572 1661; baseline 0.002 -1"><span class='ocrx_word' id='word_1_171' title='bbox 64 1632 196 1661; x_wconf 81' lang='lat' dir='ltr'>bitantis</span> <span class='ocrx_word' id='word_1_172' title='bbox 220 1636 266 1660; x_wconf 86' lang='lat' dir='ltr'>est</span> <span class='ocrx_word' id='word_1_173' title='bbox 291 1633 346 1660; x_wconf 83' lang='lat' dir='ltr'>sed</span> <span class='ocrx_word' id='word_1_174' title='bbox 369 1632 572 1661; x_wconf 87' lang='lat' dir='ltr'>affirmantis.</span> 
     </span>
    </p>
   </div>
   <div class='ocr_carea' id='block_1_11' title="bbox 60 1686 864 2194">
    <p class='ocr_par' dir='ltr' id='par_1_16' title="bbox 60 1686 860 1958">
     <span class='ocr_line' id='line_1_31' title="bbox 109 1686 860 1728; baseline 0.004 -12"><span class='ocrx_word' id='word_1_175' title='bbox 109 1686 185 1717; x_wconf 79' lang='lat'>604.</span> <span class='ocrx_word' id='word_1_176' title='bbox 215 1686 255 1717; x_wconf 77' lang='lat' dir='ltr'>Si</span> <span class='ocrx_word' id='word_1_177' title='bbox 281 1686 366 1728; x_wconf 80' lang='lat' dir='ltr'>quid</span> <span class='ocrx_word' id='word_1_178' title='bbox 390 1691 439 1719; x_wconf 82' lang='lat' dir='ltr'>est</span> <span class='ocrx_word' id='word_1_179' title='bbox 466 1686 603 1718; x_wconf 77' lang='lat' dir='ltr'>iustitia</span> <span class='ocrx_word' id='word_1_180' title='bbox 628 1690 648 1718; x_wconf 93' lang='lat' dir='ltr'>i.</span> <span class='ocrx_word' id='word_1_181' title='bbox 666 1698 692 1718; x_wconf 86' lang='lat' dir='ltr'>e.</span> <span class='ocrx_word' id='word_1_182' title='bbox 721 1690 776 1727; x_wconf 85' lang='lat' dir='ltr'>„Si</span> <span class='ocrx_word' id='word_1_183' title='bbox 802 1697 860 1719; x_wconf 81' lang='lat' dir='ltr'>va-</span> 
     </span>
     <span class='ocr_line' id='line_1_32' title="bbox 61 1733 860 1770; baseline 0.003 -7"><span class='ocrx_word' id='word_1_184' title='bbox 61 1736 103 1764; x_wconf 86' lang='lat' dir='ltr'>let</span> <span class='ocrx_word' id='word_1_185' title='bbox 136 1736 221 1770; x_wconf 84' lang='grc'><strong>3111111</strong></span> <span class='ocrx_word' id='word_1_186' title='bbox 253 1735 397 1763; x_wconf 86' lang='lat' dir='ltr'>homines</span> <span class='ocrx_word' id='word_1_187' title='bbox 424 1735 569 1764; x_wconf 65' lang='lat' dir='ltr'>iustitia‘⁸</span> <span class='ocrx_word' id='word_1_188' title='bbox 594 1738 624 1764; x_wconf 78' lang='lat' dir='ltr'>S.</span> <span class='ocrx_word' id='word_1_189' title='bbox 658 1740 685 1764; x_wconf 88' lang='lat' dir='ltr'>et</span> <span class='ocrx_word' id='word_1_190' title='bbox 722 1733 860 1765; x_wconf 79' lang='lat' dir='ltr'>iustitia</span> 
     </span>
     <span class='ocr_line' id='line_1_33' title="bbox 61 1777 860 1817; baseline 0.003 -8"><span class='ocrx_word' id='word_1_191' title='bbox 61 1781 125 1817; x_wconf 76' lang='lat' dir='ltr'>legi</span> <span class='ocrx_word' id='word_1_192' title='bbox 147 1782 260 1810; x_wconf 87' lang='lat' dir='ltr'>dicitur</span> <span class='ocrx_word' id='word_1_193' title='bbox 277 1781 309 1809; x_wconf 87' lang='lat' dir='ltr'>in</span> <span class='ocrx_word' id='word_1_194' title='bbox 325 1777 476 1809; x_wconf 75' lang='lat' dir='ltr'>MIFPR.</span> <span class='ocrx_word' id='word_1_195' title='bbox 515 1779 671 1811; x_wconf 80' lang='lat' dir='ltr'>iustitiae</span> <span class='ocrx_word' id='word_1_196' title='bbox 691 1780 756 1810; x_wconf 77' lang='lat' dir='ltr'>M2.</span> <span class='ocrx_word' id='word_1_197' title='bbox 779 1784 860 1817; x_wconf 88' lang='lat' dir='ltr'>quod</span> 
     </span>
     <span class='ocr_line' id='line_1_34' title="bbox 60 1823 859 1862; baseline 0.003 -7"><span class='ocrx_word' id='word_1_198' title='bbox 60 1829 148 1861; x_wconf 82' lang='lat' dir='ltr'>prob.</span> <span class='ocrx_word' id='word_1_199' title='bbox 170 1823 277 1862; x_wconf 54' lang='lat' dir='ltr'>Hele„</span> <span class='ocrx_word' id='word_1_200' title='bbox 303 1826 400 1855; x_wconf 87' lang='lat' dir='ltr'>facile</span> <span class='ocrx_word' id='word_1_201' title='bbox 426 1835 467 1856; x_wconf 85' lang='lat' dir='ltr'>ex</span> <span class='ocrx_word' id='word_1_202' title='bbox 493 1829 542 1856; x_wconf 80' lang='lat' dir='ltr'>est</span> <span class='ocrx_word' id='word_1_203' title='bbox 568 1832 721 1862; x_wconf 85' lang='lat' dir='ltr'>sequente</span> <span class='ocrx_word' id='word_1_204' title='bbox 746 1833 859 1857; x_wconf 90' lang='lat' dir='ltr'>ortum.</span> 
     </span>
     <span class='ocr_line' id='line_1_35' title="bbox 62 1870 860 1914; baseline 0.004 -13"><span class='ocrx_word' id='word_1_205' title='bbox 62 1873 109 1901; x_wconf 80' lang='lat' dir='ltr'>Cf.</span> <span class='ocrx_word' id='word_1_206' title='bbox 138 1873 204 1902; x_wconf 88' lang='lat' dir='ltr'>Cic.</span> <span class='ocrx_word' id='word_1_207' title='bbox 229 1873 269 1901; x_wconf 90' lang='lat' dir='ltr'>ad</span> <span class='ocrx_word' id='word_1_208' title='bbox 291 1873 358 1901; x_wconf 85' lang='lat' dir='ltr'>div.</span> <span class='ocrx_word' id='word_1_209' title='bbox 384 1871 415 1910; x_wconf 88' lang='lat'>6,</span> <span class='ocrx_word' id='word_1_210' title='bbox 445 1870 486 1901; x_wconf 81' lang='lat'>18</span> <span class='ocrx_word' id='word_1_211' title='bbox 523 1871 601 1913; x_wconf 77' lang='lat' dir='ltr'>Ego</span> <span class='ocrx_word' id='word_1_212' title='bbox 627 1881 762 1914; x_wconf 85' lang='lat' dir='ltr'>quoque</span> <span class='ocrx_word' id='word_1_213' title='bbox 788 1871 860 1904; x_wconf 77' lang='lat' dir='ltr'>ali-</span> 
     </span>
     <span class='ocr_line' id='line_1_36' title="bbox 65 1915 261 1958; baseline 0 -12"><span class='ocrx_word' id='word_1_214' title='bbox 65 1915 150 1958; x_wconf 82' lang='lat' dir='ltr'>quid</span> <span class='ocrx_word' id='word_1_215' title='bbox 176 1926 261 1947; x_wconf 85' lang='lat' dir='ltr'>sum.</span> 
     </span>
    </p>

    <p class='ocr_par' dir='ltr' id='par_1_17' title="bbox 60 1973 864 2194">
     <span class='ocr_line' id='line_1_37' title="bbox 112 1973 864 2010; baseline 0.004 -8"><span class='ocrx_word' id='word_1_216' title='bbox 112 1973 187 2002; x_wconf 86' lang='grc'><strong>605.</strong></span> <span class='ocrx_word' id='word_1_217' title='bbox 214 1975 306 2003; x_wconf 83' lang='lat' dir='ltr'>Felix</span> <span class='ocrx_word' id='word_1_218' title='bbox 331 1975 493 2004; x_wconf 85' lang='lat' dir='ltr'>hominum</span> <span class='ocrx_word' id='word_1_219' title='bbox 516 1980 618 2009; x_wconf 85' lang='grc'><strong>30135,</strong></span> <span class='ocrx_word' id='word_1_220' title='bbox 640 1983 703 2010; x_wconf 83' lang='lat' dir='ltr'>qua</span> <span class='ocrx_word' id='word_1_221' title='bbox 730 1981 762 2005; x_wconf 86' lang='lat' dir='ltr'>tu</span> <span class='ocrx_word' id='word_1_222' title='bbox 787 1982 864 2005; x_wconf 88' lang='lat' dir='ltr'>nata</span> 
     </span>
     <span class='ocr_line' id='line_1_38' title="bbox 64 2019 860 2057; baseline 0.004 -9"><span class='ocrx_word' id='word_1_223' title='bbox 64 2029 108 2049; x_wconf 84' lang='lat' dir='ltr'>es.</span> <span class='ocrx_word' id='word_1_224' title='bbox 160 2020 274 2049; x_wconf 81' lang='lat' dir='ltr'>Simile</span> <span class='ocrx_word' id='word_1_225' title='bbox 306 2027 356 2055; x_wconf 89' lang='lat' dir='ltr'>ap.</span> <span class='ocrx_word' id='word_1_226' title='bbox 399 2021 489 2049; x_wconf 86' lang='lat' dir='ltr'>Hom.</span> <span class='ocrx_word' id='word_1_227' title='bbox 526 2022 581 2049; x_wconf 82' lang='grc'><strong>011.</strong></span> <span class='ocrx_word' id='word_1_228' title='bbox 614 2020 644 2057; x_wconf 92' lang='grc'><strong>6,</strong></span> <span class='ocrx_word' id='word_1_229' title='bbox 678 2019 752 2050; x_wconf 68' lang='grc'><strong>154.</strong></span> <span class='ocrx_word' id='word_1_230' title='bbox 802 2025 860 2052; x_wconf 80' lang='lat' dir='ltr'>ov.</span> 
     </span>
     <span class='ocr_line' id='line_1_39' title="bbox 61 2064 858 2104; baseline 0.003 -10"><span class='ocrx_word' id='word_1_231' title='bbox 61 2069 134 2095; x_wconf 84' lang='lat' dir='ltr'>Met.</span> <span class='ocrx_word' id='word_1_232' title='bbox 160 2064 190 2102; x_wconf 80' lang='lat'>4,</span> <span class='ocrx_word' id='word_1_233' title='bbox 209 2064 296 2101; x_wconf 65' lang='lat'>322„</span> <span class='ocrx_word' id='word_1_234' title='bbox 321 2070 351 2095; x_wconf 89' lang='lat' dir='ltr'>et</span> <span class='ocrx_word' id='word_1_235' title='bbox 375 2066 496 2102; x_wconf 72' lang='lat' dir='ltr'>egregii</span> <span class='ocrx_word' id='word_1_236' title='bbox 519 2071 591 2095; x_wconf 87' lang='lat' dir='ltr'>sunt</span> <span class='ocrx_word' id='word_1_237' title='bbox 618 2071 778 2104; x_wconf 86' lang='grc'><strong>1131011105,</strong></span> <span class='ocrx_word' id='word_1_238' title='bbox 804 2069 858 2102; x_wconf 89' lang='lat' dir='ltr'>qui</span> 
     </span>
     <span class='ocr_line' id='line_1_40' title="bbox 60 2109 861 2148; baseline 0.004 -8"><span class='ocrx_word' id='word_1_239' title='bbox 60 2117 91 2141; x_wconf 91' lang='lat' dir='ltr'>te</span> <span class='ocrx_word' id='word_1_240' title='bbox 123 2116 311 2148; x_wconf 73' lang='lat' dir='ltr'>genuerunt.</span> <span class='ocrx_word' id='word_1_241' title='bbox 361 2112 458 2141; x_wconf 85' lang='lat' dir='ltr'>Recte</span> <span class='ocrx_word' id='word_1_242' title='bbox 494 2113 625 2141; x_wconf 86' lang='lat' dir='ltr'>contulit</span> <span class='ocrx_word' id='word_1_243' title='bbox 663 2109 726 2141; x_wconf 77' lang='lat' dir='ltr'>Ld.</span> <span class='ocrx_word' id='word_1_244' title='bbox 757 2115 861 2143; x_wconf 90' lang='lat' dir='ltr'>locum</span> 
     </span>
     <span class='ocr_line' id='line_1_41' title="bbox 63 2157 544 2194; baseline 0 -8"><span class='ocrx_word' id='word_1_245' title='bbox 63 2158 215 2187; x_wconf 86' lang='lat' dir='ltr'>Schilleri</span> <span class='ocrx_word' id='word_1_246' title='bbox 245 2166 286 2186; x_wconf 86' lang='lat' dir='ltr'>ex</span> <span class='ocrx_word' id='word_1_247' title='bbox 312 2157 402 2194; x_wconf 80' lang='lat' dir='ltr'>Virg.</span> <span class='ocrx_word' id='word_1_248' title='bbox 430 2159 544 2186; x_wconf 84' lang='lat' dir='ltr'>Aurel.</span> 
     </span>
    </p>
   </div>
   <div class='ocr_carea' id='block_1_12' title="bbox 59 2214 865 3075">
    <p class='ocr_par' dir='ltr' id='par_1_18' title="bbox 60 2214 864 2433">
     <span class='ocr_line' id='line_1_42' title="bbox 108 2214 862 2250; baseline 0.001 -7"><span class='ocrx_word' id='word_1_249' title='bbox 108 2214 184 2243; x_wconf 86' lang='grc'><strong>606.</strong></span> <span class='ocrx_word' id='word_1_250' title='bbox 210 2215 366 2249; x_wconf 81' lang='lat' dir='ltr'>Equidem</span> <span class='ocrx_word' id='word_1_251' title='bbox 394 2215 451 2243; x_wconf 83' lang='lat' dir='ltr'>tibi</span> <span class='ocrx_word' id='word_1_252' title='bbox 472 2215 625 2250; x_wconf 86' lang='lat' dir='ltr'>perennia</span> <span class='ocrx_word' id='word_1_253' title='bbox 651 2215 793 2245; x_wconf 84' lang='lat' dir='ltr'>beneficii</span> <span class='ocrx_word' id='word_1_254' title='bbox 817 2216 862 2244; x_wconf 90' lang='lat' dir='ltr'>tui</span> 
     </span>
     <span class='ocr_line' id='line_1_43' title="bbox 63 2262 862 2297; baseline 0 -7"><span class='ocrx_word' id='word_1_255' title='bbox 63 2265 267 2290; x_wconf 89' lang='lat' dir='ltr'>monumenta</span> <span class='ocrx_word' id='word_1_256' title='bbox 294 2265 453 2297; x_wconf 83' lang='lat' dir='ltr'>statuam,</span> <span class='ocrx_word' id='word_1_257' title='bbox 491 2268 714 2295; x_wconf 81' lang='lat' dir='ltr'>quamcunque</span> <span class='ocrx_word' id='word_1_258' title='bbox 739 2262 772 2290; x_wconf 91' lang='lat' dir='ltr'>in</span> <span class='ocrx_word' id='word_1_259' title='bbox 800 2265 862 2290; x_wconf 91' lang='lat' dir='ltr'>ter-</span> 
     </span>
     <span class='ocr_line' id='line_1_44' title="bbox 62 2307 862 2342; baseline 0.001 -7"><span class='ocrx_word' id='word_1_260' title='bbox 62 2315 130 2336; x_wconf 87' lang='lat' dir='ltr'>ram</span> <span class='ocrx_word' id='word_1_261' title='bbox 170 2315 356 2342; x_wconf 79' lang='lat' dir='ltr'>pervenero.</span> <span class='ocrx_word' id='word_1_262' title='bbox 406 2307 531 2335; x_wconf 82' lang='lat' dir='ltr'>Similis</span> <span class='ocrx_word' id='word_1_263' title='bbox 564 2307 738 2342; x_wconf 78' lang='lat' dir='ltr'>descriptio</span> <span class='ocrx_word' id='word_1_264' title='bbox 770 2308 862 2336; x_wconf 77' lang='lat' dir='ltr'>vocis</span> 
     </span>
     <span class='ocr_line' id='line_1_45' title="bbox 61 2350 864 2391; baseline 0.001 -10"><span class='ocrx_word' id='word_1_265' title='bbox 61 2360 194 2391; x_wconf 78' lang='lat' dir='ltr'>semper</span> <span class='ocrx_word' id='word_1_266' title='bbox 218 2357 267 2381; x_wconf 84' lang='lat' dir='ltr'>est</span> <span class='ocrx_word' id='word_1_267' title='bbox 291 2354 325 2381; x_wconf 81' lang='lat' dir='ltr'>E.</span> <span class='ocrx_word' id='word_1_268' title='bbox 348 2350 377 2391; x_wconf 89' lang='lat' dir='ltr'>l,</span> <span class='ocrx_word' id='word_1_269' title='bbox 404 2350 456 2381; x_wconf 97' lang='grc'>60.</span> <span class='ocrx_word' id='word_1_270' title='bbox 482 2353 551 2381; x_wconf 83' lang='grc' dir='ltr'><strong>Τ111.</strong></span> <span class='ocrx_word' id='word_1_271' title='bbox 581 2350 609 2389; x_wconf 92' lang='lat' dir='ltr'>l,</span> <span class='ocrx_word' id='word_1_272' title='bbox 636 2350 666 2387; x_wconf 74' lang='lat'>4,</span> <span class='ocrx_word' id='word_1_273' title='bbox 690 2351 741 2381; x_wconf 87' lang='grc'>65.</span> <span class='ocrx_word' id='word_1_274' title='bbox 783 2354 864 2383; x_wconf 85' lang='lat' dir='ltr'>Alia</span> 
     </span>
     <span class='ocr_line' id='line_1_46' title="bbox 60 2396 234 2433; baseline 0 -6"><span class='ocrx_word' id='word_1_275' title='bbox 60 2401 95 2427; x_wconf 84' lang='lat' dir='ltr'>E.</span> <span class='ocrx_word' id='word_1_276' title='bbox 124 2398 155 2433; x_wconf 81' lang='lat'>5,</span> <span class='ocrx_word' id='word_1_277' title='bbox 181 2396 234 2427; x_wconf 82' lang='grc'>76.</span> 
     </span>
    </p>

    <p class='ocr_par' dir='ltr' id='par_1_19' title="bbox 60 2441 865 2977">
     <span class='ocr_line' id='line_1_47' title="bbox 106 2441 864 2474; baseline 0.004 -3"><span class='ocrx_word' id='word_1_278' title='bbox 106 2441 182 2472; x_wconf 84' lang='grc'><strong>607.</strong></span> <span class='ocrx_word' id='word_1_279' title='bbox 214 2441 304 2473; x_wconf 85' lang='lat' dir='ltr'>Dum</span> <span class='ocrx_word' id='word_1_280' title='bbox 342 2441 514 2474; x_wconf 81' lang='lat' dir='ltr'>montibus</span> <span class='ocrx_word' id='word_1_281' title='bbox 557 2442 698 2473; x_wconf 78' lang='lat' dir='ltr'>umbrae</span> <span class='ocrx_word' id='word_1_282' title='bbox 735 2441 864 2474; x_wconf 74' lang='lat' dir='ltr'>lustra-</span> 
     </span>
     <span class='ocr_line' id='line_1_48' title="bbox 62 2487 864 2527; baseline 0.002 -9"><span class='ocrx_word' id='word_1_283' title='bbox 62 2487 145 2519; x_wconf 81' lang='lat' dir='ltr'>bunt</span> <span class='ocrx_word' id='word_1_284' title='bbox 187 2497 361 2518; x_wconf 68' lang='lat' dir='ltr'>convexa.-</span> <span class='ocrx_word' id='word_1_285' title='bbox 405 2490 584 2527; x_wconf 86' lang='lat' dir='ltr'>„Quamdiu</span> <span class='ocrx_word' id='word_1_286' title='bbox 628 2491 785 2519; x_wconf 84' lang='lat' dir='ltr'>inclinata</span> <span class='ocrx_word' id='word_1_287' title='bbox 830 2492 864 2520; x_wconf 91' lang='lat' dir='ltr'>in</span> 
     </span>
     <span class='ocr_line' id='line_1_49' title="bbox 63 2535 864 2571; baseline 0.004 -8"><span class='ocrx_word' id='word_1_288' title='bbox 63 2535 223 2564; x_wconf 85' lang='lat' dir='ltr'>montibus</span> <span class='ocrx_word' id='word_1_289' title='bbox 259 2536 361 2564; x_wconf 88' lang='lat' dir='ltr'>latera</span> <span class='ocrx_word' id='word_1_290' title='bbox 396 2538 529 2565; x_wconf 86' lang='lat' dir='ltr'>umbrae</span> <span class='ocrx_word' id='word_1_291' title='bbox 567 2544 622 2571; x_wconf 92' lang='lat' dir='ltr'>pro</span> <span class='ocrx_word' id='word_1_292' title='bbox 659 2537 745 2565; x_wconf 87' lang='lat' dir='ltr'>Solis</span> <span class='ocrx_word' id='word_1_293' title='bbox 780 2537 864 2566; x_wconf 84' lang='lat' dir='ltr'>flexu</span> 
     </span>
     <span class='ocr_line' id='line_1_50' title="bbox 63 2578 864 2619; baseline 0.002 -9"><span class='ocrx_word' id='word_1_294' title='bbox 63 2578 298 2610; x_wconf 68' lang='lat' dir='ltr'>circuniibunt⁴‘</span> <span class='ocrx_word' id='word_1_295' title='bbox 327 2582 357 2610; x_wconf 90' lang='lat' dir='ltr'>S.</span> <span class='ocrx_word' id='word_1_296' title='bbox 403 2582 441 2611; x_wconf 83' lang='lat' dir='ltr'>cf.</span> <span class='ocrx_word' id='word_1_297' title='bbox 477 2579 553 2610; x_wconf 84' lang='lat'>310.</span> <span class='ocrx_word' id='word_1_298' title='bbox 591 2579 642 2619; x_wconf 88' lang='lat'>11,</span> <span class='ocrx_word' id='word_1_299' title='bbox 666 2580 731 2610; x_wconf 88' lang='grc'>515</span> <span class='ocrx_word' id='word_1_300' title='bbox 756 2587 785 2611; x_wconf 89' lang='grc'>01</span> <span class='ocrx_word' id='word_1_301' title='bbox 809 2585 864 2612; x_wconf 87' lang='lat' dir='ltr'>Iu-</span> 
     </span>
     <span class='ocr_line' id='line_1_51' title="bbox 60 2624 865 2663; baseline 0.004 -8"><span class='ocrx_word' id='word_1_302' title='bbox 60 2628 135 2656; x_wconf 87' lang='lat' dir='ltr'>stin.</span> <span class='ocrx_word' id='word_1_303' title='bbox 168 2625 198 2663; x_wconf 82' lang='lat'>2,</span> <span class='ocrx_word' id='word_1_304' title='bbox 228 2624 268 2654; x_wconf 88' lang='grc'>10</span> <span class='ocrx_word' id='word_1_305' title='bbox 301 2634 454 2656; x_wconf 72' lang='lat' dir='ltr'>convexa</span> <span class='ocrx_word' id='word_1_306' title='bbox 484 2624 644 2656; x_wconf 86' lang='lat' dir='ltr'>vallium.</span> <span class='ocrx_word' id='word_1_307' title='bbox 696 2625 865 2658; x_wconf 75' lang='lat' dir='ltr'>Lustrarc</span> 
     </span>
     <span class='ocr_line' id='line_1_52' title="bbox 62 2670 863 2709; baseline 0.002 -8"><span class='ocrx_word' id='word_1_308' title='bbox 62 2677 111 2702; x_wconf 88' lang='lat' dir='ltr'>est</span> <span class='ocrx_word' id='word_1_309' title='bbox 138 2680 323 2708; x_wconf 88' lang='lat' dir='ltr'>percurrere</span> <span class='ocrx_word' id='word_1_310' title='bbox 347 2672 384 2702; x_wconf 88' lang='lat' dir='ltr'>cf.</span> <span class='ocrx_word' id='word_1_311' title='bbox 411 2671 442 2709; x_wconf 84' lang='lat'>2,</span> <span class='ocrx_word' id='word_1_312' title='bbox 466 2670 542 2701; x_wconf 77' lang='lat'>528.</span> <span class='ocrx_word' id='word_1_313' title='bbox 572 2688 609 2692; x_wconf 91' lang='lat'>—</span> <span class='ocrx_word' id='word_1_314' title='bbox 650 2670 738 2702; x_wconf 86' lang='lat' dir='ltr'>Dum</span> <span class='ocrx_word' id='word_1_315' title='bbox 764 2683 863 2703; x_wconf 86' lang='lat' dir='ltr'>mon-</span> 
     </span>
     <span class='ocr_line' id='line_1_53' title="bbox 61 2715 865 2753; baseline 0.002 -6"><span class='ocrx_word' id='word_1_316' title='bbox 61 2716 152 2748; x_wconf 76' lang='lat' dir='ltr'>tibus</span> <span class='ocrx_word' id='word_1_317' title='bbox 184 2716 326 2746; x_wconf 86' lang='lat' dir='ltr'>umbrae</span> <span class='ocrx_word' id='word_1_318' title='bbox 359 2715 486 2747; x_wconf 77' lang='lat' dir='ltr'>Lustra</span> <span class='ocrx_word' id='word_1_319' title='bbox 523 2715 673 2753; x_wconf 75' lang='lat' dir='ltr'>dabunt,</span> <span class='ocrx_word' id='word_1_320' title='bbox 712 2728 865 2749; x_wconf 77' lang='lat' dir='ltr'>convexa</span> 
     </span>
     <span class='ocr_line' id='line_1_54' title="bbox 60 2761 864 2804; baseline 0.005 -14"><span class='ocrx_word' id='word_1_321' title='bbox 60 2772 97 2804; x_wconf 81' lang='lat' dir='ltr'>p.</span> <span class='ocrx_word' id='word_1_322' title='bbox 116 2761 148 2792; x_wconf 77' lang='lat' dir='ltr'>d.</span> <span class='ocrx_word' id='word_1_323' title='bbox 169 2762 286 2793; x_wconf 79' lang='lat' dir='ltr'>sidera</span> <span class='ocrx_word' id='word_1_324' title='bbox 310 2766 429 2803; x_wconf 80' lang='lat' dir='ltr'>pascet</span> <span class='ocrx_word' id='word_1_325' title='bbox 456 2764 538 2793; x_wconf 88' lang='lat' dir='ltr'>coni.</span> <span class='ocrx_word' id='word_1_326' title='bbox 561 2765 617 2792; x_wconf 88' lang='lat' dir='ltr'>Hs.</span> <span class='ocrx_word' id='word_1_327' title='bbox 644 2766 693 2794; x_wconf 88' lang='lat' dir='ltr'>Ita</span> <span class='ocrx_word' id='word_1_328' title='bbox 713 2774 864 2795; x_wconf 68' lang='lat' dir='ltr'>convexa</span> 
     </span>
     <span class='ocr_line' id='line_1_55' title="bbox 63 2807 863 2848; baseline 0.004 -11"><span class='ocrx_word' id='word_1_329' title='bbox 63 2807 182 2839; x_wconf 78' lang='lat' dir='ltr'>sidera</span> <span class='ocrx_word' id='word_1_330' title='bbox 214 2810 296 2839; x_wconf 86' lang='lat' dir='ltr'>dixit</span> <span class='ocrx_word' id='word_1_331' title='bbox 321 2810 380 2838; x_wconf 56' lang='grc' dir='ltr'><strong>ΟΥ.</strong></span> <span class='ocrx_word' id='word_1_332' title='bbox 413 2811 503 2838; x_wconf 88' lang='lat' dir='ltr'>Pont.</span> <span class='ocrx_word' id='word_1_333' title='bbox 530 2807 560 2845; x_wconf 81' lang='lat'>4,</span> <span class='ocrx_word' id='word_1_334' title='bbox 585 2807 616 2847; x_wconf 87' lang='lat'>9,</span> <span class='ocrx_word' id='word_1_335' title='bbox 642 2807 705 2838; x_wconf 76' lang='lat'>129</span> <span class='ocrx_word' id='word_1_336' title='bbox 733 2815 763 2840; x_wconf 87' lang='lat' dir='ltr'>et</span> <span class='ocrx_word' id='word_1_337' title='bbox 789 2812 863 2848; x_wconf 81' lang='lat' dir='ltr'>Vgl.</span> 
     </span>
     <span class='ocr_line' id='line_1_56' title="bbox 63 2852 863 2892; baseline 0.004 -9"><span class='ocrx_word' id='word_1_338' title='bbox 63 2864 216 2884; x_wconf 73' lang='lat' dir='ltr'>convexa</span> <span class='ocrx_word' id='word_1_339' title='bbox 249 2852 338 2884; x_wconf 81' lang='lat' dir='ltr'>caeli</span> <span class='ocrx_word' id='word_1_340' title='bbox 368 2856 410 2883; x_wconf 83' lang='lat' dir='ltr'>A.</span> <span class='ocrx_word' id='word_1_341' title='bbox 437 2853 475 2892; x_wconf 84' lang='lat'>4,</span> <span class='ocrx_word' id='word_1_342' title='bbox 503 2852 579 2883; x_wconf 78' lang='lat'>451.</span> <span class='ocrx_word' id='word_1_343' title='bbox 630 2853 693 2885; x_wconf 81' lang='lat' dir='ltr'>Rb.</span> <span class='ocrx_word' id='word_1_344' title='bbox 720 2860 749 2885; x_wconf 86' lang='lat' dir='ltr'>et</span> <span class='ocrx_word' id='word_1_345' title='bbox 779 2854 863 2886; x_wconf 75' lang='lat' dir='ltr'>Nclc.</span> 
     </span>
     <span class='ocr_line' id='line_1_57' title="bbox 66 2898 863 2937; baseline 0.004 -9"><span class='ocrx_word' id='word_1_346' title='bbox 66 2898 265 2930; x_wconf 80' lang='lat' dir='ltr'>lustrabunt</span> <span class='ocrx_word' id='word_1_347' title='bbox 287 2905 414 2930; x_wconf 91' lang='lat' dir='ltr'>sumunt</span> <span class='ocrx_word' id='word_1_348' title='bbox 436 2909 508 2929; x_wconf 91' lang='lat' dir='ltr'>esse</span> <span class='ocrx_word' id='word_1_349' title='bbox 529 2901 745 2930; x_wconf 81' lang='lat' dir='ltr'>intransitum.</span> <span class='ocrx_word' id='word_1_350' title='bbox 775 2903 863 2937; x_wconf 85' lang='lat' dir='ltr'>Quod</span> 
     </span>
     <span class='ocr_line' id='line_1_58' title="bbox 65 2947 719 2977; baseline 0.003 -2"><span class='ocrx_word' id='word_1_351' title='bbox 65 2947 131 2976; x_wconf 87' lang='lat' dir='ltr'>iam</span> <span class='ocrx_word' id='word_1_352' title='bbox 155 2951 242 2975; x_wconf 87' lang='lat' dir='ltr'>vetat</span> <span class='ocrx_word' id='word_1_353' title='bbox 270 2950 482 2976; x_wconf 83' lang='lat' dir='ltr'>membrorum</span> <span class='ocrx_word' id='word_1_354' title='bbox 509 2947 719 2977; x_wconf 71' lang='lat' dir='ltr'>concinnitas.</span> 
     </span>
    </p>

    <p class='ocr_par' dir='ltr' id='par_1_20' title="bbox 59 2990 864 3075">
     <span class='ocr_line' id='line_1_59' title="bbox 111 2990 863 3031; baseline 0.004 -11"><span class='ocrx_word' id='word_1_355' title='bbox 111 2990 188 3021; x_wconf 79' lang='lat'>608.</span> <span class='ocrx_word' id='word_1_356' title='bbox 219 2990 326 3022; x_wconf 83' lang='lat' dir='ltr'>Polus</span> <span class='ocrx_word' id='word_1_357' title='bbox 359 2994 432 3022; x_wconf 83' lang='lat' dir='ltr'>sive</span> <span class='ocrx_word' id='word_1_358' title='bbox 462 2994 588 3022; x_wconf 84' lang='lat' dir='ltr'>caelum</span> <span class='ocrx_word' id='word_1_359' title='bbox 616 2994 718 3028; x_wconf 83' lang='lat' dir='ltr'>pascit</span> <span class='ocrx_word' id='word_1_360' title='bbox 745 2994 863 3031; x_wconf 84' lang='lat' dir='ltr'>sidera,</span> 
     </span>
     <span class='ocr_line' id='line_1_60' title="bbox 59 3039 864 3075; baseline 0.004 -9"><span class='ocrx_word' id='word_1_361' title='bbox 59 3045 135 3067; x_wconf 84' lang='lat' dir='ltr'>nam</span> <span class='ocrx_word' id='word_1_362' title='bbox 161 3047 203 3068; x_wconf 85' lang='lat' dir='ltr'>ex</span> <span class='ocrx_word' id='word_1_363' title='bbox 236 3040 326 3068; x_wconf 90' lang='lat' dir='ltr'>caelo</span> <span class='ocrx_word' id='word_1_364' title='bbox 356 3039 401 3068; x_wconf 89' lang='lat' dir='ltr'>ali</span> <span class='ocrx_word' id='word_1_365' title='bbox 427 3039 536 3068; x_wconf 87' lang='lat' dir='ltr'>dicunt</span> <span class='ocrx_word' id='word_1_366' title='bbox 562 3039 670 3068; x_wconf 86' lang='lat' dir='ltr'>sidera</span> <span class='ocrx_word' id='word_1_367' title='bbox 694 3040 864 3075; x_wconf 82' lang='lat' dir='ltr'>Epicuraei</span> 
     </span>
    </p>
   </div>
   <div class='ocr_carea' id='block_1_13' title="bbox 910 1338 1708 1381">
    <p class='ocr_par' dir='ltr' id='par_1_21' title="bbox 910 1338 1708 1381">
     <span class='ocr_line' id='line_1_61' title="bbox 910 1338 1708 1381; baseline -0.006 -6"><span class='ocrx_word' id='word_1_368' title='bbox 910 1347 948 1375; x_wconf 84' lang='lat' dir='ltr'>cf.</span> <span class='ocrx_word' id='word_1_369' title='bbox 986 1348 1076 1375; x_wconf 81' lang='lat' dir='ltr'>Lucr.</span> <span class='ocrx_word' id='word_1_370' title='bbox 1107 1343 1142 1381; x_wconf 90' lang='lat'>1,</span> <span class='ocrx_word' id='word_1_371' title='bbox 1168 1342 1232 1373; x_wconf 81' lang='lat'>232</span> <span class='ocrx_word' id='word_1_372' title='bbox 1270 1338 1388 1372; x_wconf 78' lang='lat' dir='ltr'>aether</span> <span class='ocrx_word' id='word_1_373' title='bbox 1428 1338 1545 1369; x_wconf 74' lang='lat' dir='ltr'>sidera</span> <span class='ocrx_word' id='word_1_374' title='bbox 1584 1339 1708 1380; x_wconf 70' lang='lat' dir='ltr'>past-it.</span> 
     </span>
    </p>
   </div>
   <div class='ocr_carea' id='block_1_14' title="bbox 870 1388 1703 1427">
    <p class='ocr_par' dir='ltr' id='par_1_22' title="bbox 870 1388 1703 1427">
     <span class='ocr_line' id='line_1_62' title="bbox 870 1388 1703 1427; baseline -0.005 -9"><span class='ocrx_word' id='word_1_375' title='bbox 870 1400 872 1403; x_wconf 95' lang='lat'>·</span> <span class='ocrx_word' id='word_1_376' title='bbox 917 1389 989 1421; x_wconf 75' lang='lat' dir='ltr'><em>ch</em></span> <span class='ocrx_word' id='word_1_377' title='bbox 1028 1393 1136 1427; x_wconf 90' lang='lat' dir='ltr'>polum</span> <span class='ocrx_word' id='word_1_378' title='bbox 1163 1389 1261 1419; x_wconf 88' lang='lat' dir='ltr'>sumit</span> <span class='ocrx_word' id='word_1_379' title='bbox 1288 1392 1447 1423; x_wconf 78' lang='lat' dir='ltr'>pastorem</span> <span class='ocrx_word' id='word_1_380' title='bbox 1478 1388 1629 1416; x_wconf 76' lang='lat' dir='ltr'>siderum.</span> <span class='ocrx_word' id='word_1_381' title='bbox 1668 1404 1703 1407; x_wconf 88' lang='lat'><strong>—</strong></span> 
     </span>
    </p>
   </div>
   <div class='ocr_carea' id='block_1_15' title="bbox 910 1434 1706 1561">
    <p class='ocr_par' dir='ltr' id='par_1_23' title="bbox 910 1434 1706 1561">
     <span class='ocr_line' id='line_1_63' title="bbox 912 1434 1706 1473; baseline -0.006 -6"><span class='ocrx_word' id='word_1_382' title='bbox 912 1440 1023 1473; x_wconf 80' lang='lat' dir='ltr'>Itaque</span> <span class='ocrx_word' id='word_1_383' title='bbox 1046 1441 1126 1467; x_wconf 92' lang='grc'><strong>11300</strong></span> <span class='ocrx_word' id='word_1_384' title='bbox 1148 1441 1195 1465; x_wconf 85' lang='grc'>051</span> <span class='ocrx_word' id='word_1_385' title='bbox 1218 1435 1390 1464; x_wconf 82' lang='lat' dir='ltr'>sententia:</span> <span class='ocrx_word' id='word_1_386' title='bbox 1417 1435 1500 1462; x_wconf 87' lang='lat' dir='ltr'>Dum</span> <span class='ocrx_word' id='word_1_387' title='bbox 1527 1434 1706 1462; x_wconf 80' lang='lat' dir='ltr'>fluviorum.</span> 
     </span>
     <span class='ocr_line' id='line_1_64' title="bbox 912 1480 1703 1513; baseline -0.009 0"><span class='ocrx_word' id='word_1_388' title='bbox 912 1485 1065 1513; x_wconf 88' lang='lat' dir='ltr'>montium</span> <span class='ocrx_word' id='word_1_389' title='bbox 1090 1488 1119 1512; x_wconf 87' lang='lat' dir='ltr'>et</span> <span class='ocrx_word' id='word_1_390' title='bbox 1148 1483 1289 1511; x_wconf 87' lang='lat' dir='ltr'>siderum</span> <span class='ocrx_word' id='word_1_391' title='bbox 1323 1485 1439 1509; x_wconf 86' lang='lat' dir='ltr'>natura</span> <span class='ocrx_word' id='word_1_392' title='bbox 1470 1480 1636 1508; x_wconf 77' lang='lat' dir='ltr'>constabit.</span> <span class='ocrx_word' id='word_1_393' title='bbox 1667 1496 1703 1499; x_wconf 86' lang='lat'><strong>—</strong></span> 
     </span>
     <span class='ocr_line' id='line_1_65' title="bbox 910 1523 1705 1561; baseline -0.006 -2"><span class='ocrx_word' id='word_1_394' title='bbox 910 1532 1034 1559; x_wconf 71' lang='lat' dir='ltr'>Versus</span> <span class='ocrx_word' id='word_1_395' title='bbox 1061 1527 1136 1557; x_wconf 81' lang='grc'><strong>607.</strong></span> <span class='ocrx_word' id='word_1_396' title='bbox 1163 1526 1183 1556; x_wconf 84' lang='grc'>8</span> <span class='ocrx_word' id='word_1_397' title='bbox 1216 1532 1251 1557; x_wconf 88' lang='lat' dir='ltr'>ut</span> <span class='ocrx_word' id='word_1_398' title='bbox 1276 1528 1399 1561; x_wconf 71' lang='lat' dir='ltr'>ineptos</span> <span class='ocrx_word' id='word_1_399' title='bbox 1423 1528 1527 1554; x_wconf 85' lang='lat' dir='ltr'>delent</span> <span class='ocrx_word' id='word_1_400' title='bbox 1565 1524 1614 1554; x_wconf 84' lang='grc' dir='ltr'><strong>ΡΙ.</strong></span> <span class='ocrx_word' id='word_1_401' title='bbox 1647 1523 1705 1554; x_wconf 79' lang='lat' dir='ltr'>Gr.</span> 
     </span>
    </p>
   </div>
   <div class='ocr_carea' id='block_1_16' title="bbox 909 1581 1707 1666">
    <p class='ocr_par' dir='ltr' id='par_1_24' title="bbox 909 1581 1707 1666">
     <span class='ocr_line' id='line_1_66' title="bbox 956 1581 1707 1622; baseline -0.007 -7"><span class='ocrx_word' id='word_1_402' title='bbox 956 1585 1032 1615; x_wconf 83' lang='lat'>609.</span> <span class='ocrx_word' id='word_1_403' title='bbox 1059 1588 1145 1616; x_wconf 83' lang='lat' dir='ltr'>Idem</span> <span class='ocrx_word' id='word_1_404' title='bbox 1179 1594 1210 1615; x_wconf 80' lang='lat' dir='ltr'>v.</span> <span class='ocrx_word' id='word_1_405' title='bbox 1243 1587 1277 1613; x_wconf 89' lang='lat' dir='ltr'>E.</span> <span class='ocrx_word' id='word_1_406' title='bbox 1312 1584 1344 1622; x_wconf 87' lang='grc'><strong>5,</strong></span> <span class='ocrx_word' id='word_1_407' title='bbox 1370 1581 1422 1612; x_wconf 77' lang='grc'>78.</span> <span class='ocrx_word' id='word_1_408' title='bbox 1473 1584 1519 1611; x_wconf 83' lang='lat' dir='ltr'>De</span> <span class='ocrx_word' id='word_1_409' title='bbox 1552 1584 1620 1611; x_wconf 86' lang='grc'><strong>1000</strong></span> <span class='ocrx_word' id='word_1_410' title='bbox 1651 1584 1707 1611; x_wconf 85' lang='grc'><strong>311-</strong></span> 
     </span>
     <span class='ocr_line' id='line_1_67' title="bbox 909 1628 1434 1666; baseline -0.008 -5"><span class='ocrx_word' id='word_1_411' title='bbox 909 1634 1019 1663; x_wconf 73' lang='lat' dir='ltr'>&#39;reclivi</span> <span class='ocrx_word' id='word_1_412' title='bbox 1051 1633 1089 1662; x_wconf 76' lang='lat' dir='ltr'>cf.</span> <span class='ocrx_word' id='word_1_413' title='bbox 1116 1635 1167 1662; x_wconf 85' lang='lat' dir='ltr'>Gr.</span> <span class='ocrx_word' id='word_1_414' title='bbox 1193 1632 1215 1666; x_wconf 57' lang='grc' dir='ltr'>ξ</span> <span class='ocrx_word' id='word_1_415' title='bbox 1239 1629 1315 1659; x_wconf 72' lang='grc'><strong>235.</strong></span> <span class='ocrx_word' id='word_1_416' title='bbox 1342 1631 1382 1659; x_wconf 77' lang='lat' dir='ltr'>A.</span> <span class='ocrx_word' id='word_1_417' title='bbox 1404 1628 1434 1657; x_wconf 80' lang='lat'>2.</span> 
     </span>
    </p>
   </div>
   <div class='ocr_carea' id='block_1_17' title="bbox 908 1717 1707 1759">
    <p class='ocr_par' dir='ltr' id='par_1_25' title="bbox 908 1717 1707 1759">
     <span class='ocr_line' id='line_1_68' title="bbox 908 1717 1707 1759; baseline -0.009 -4"><span class='ocrx_word' id='word_1_418' title='bbox 908 1722 1088 1755; x_wconf 67' lang='lat'>613—42.</span> <span class='ocrx_word' id='word_1_419' title='bbox 1137 1720 1291 1753; x_wconf 79' lang='lat' dir='ltr'>Aeneam</span> <span class='ocrx_word' id='word_1_420' title='bbox 1318 1718 1407 1750; x_wconf 88' lang='lat' dir='ltr'>Dido</span> <span class='ocrx_word' id='word_1_421' title='bbox 1440 1717 1544 1749; x_wconf 77' lang='lat' dir='ltr'>domo</span> <span class='ocrx_word' id='word_1_422' title='bbox 1577 1717 1707 1759; x_wconf 81' lang='lat' dir='ltr'>recipit.</span> 
     </span>
    </p>
   </div>
   <div class='ocr_carea' id='block_1_18' title="bbox 907 1789 1707 2006">
    <p class='ocr_par' dir='ltr' id='par_1_26' title="bbox 907 1789 1707 2006">
     <span class='ocr_line' id='line_1_69' title="bbox 955 1789 1707 1832; baseline -0.007 -10"><span class='ocrx_word' id='word_1_423' title='bbox 955 1791 1029 1822; x_wconf 89' lang='grc'><strong>613.</strong></span> <span class='ocrx_word' id='word_1_424' title='bbox 1063 1789 1248 1832; x_wconf 80' lang='lat' dir='ltr'>Obstupuit</span> <span class='ocrx_word' id='word_1_425' title='bbox 1289 1791 1418 1827; x_wconf 69' lang='lat' dir='ltr'>„animo</span> <span class='ocrx_word' id='word_1_426' title='bbox 1462 1791 1611 1824; x_wconf 86' lang='lat' dir='ltr'>perculsa</span> <span class='ocrx_word' id='word_1_427' title='bbox 1649 1794 1707 1818; x_wconf 82' lang='grc'><strong>051.</strong></span> 
     </span>
     <span class='ocr_line' id='line_1_70' title="bbox 907 1836 1702 1875; baseline -0.009 -6"><span class='ocrx_word' id='word_1_428' title='bbox 907 1841 989 1875; x_wconf 78' lang='lat' dir='ltr'>quod</span> <span class='ocrx_word' id='word_1_429' title='bbox 1020 1840 1085 1868; x_wconf 83' lang='lat' dir='ltr'>iam</span> <span class='ocrx_word' id='word_1_430' title='bbox 1118 1838 1218 1868; x_wconf 85' lang='lat' dir='ltr'>futuri</span> <span class='ocrx_word' id='word_1_431' title='bbox 1253 1837 1374 1866; x_wconf 83' lang='lat' dir='ltr'>amoris</span> <span class='ocrx_word' id='word_1_432' title='bbox 1406 1840 1454 1864; x_wconf 80' lang='lat' dir='ltr'>est</span> <span class='ocrx_word' id='word_1_433' title='bbox 1484 1836 1621 1871; x_wconf 75' lang='lat' dir='ltr'>signum.</span> <span class='ocrx_word' id='word_1_434' title='bbox 1666 1851 1702 1854; x_wconf 89' lang='lat'><strong>—</strong></span> 
     </span>
     <span class='ocr_line' id='line_1_71' title="bbox 909 1881 1703 1925; baseline -0.009 -10"><span class='ocrx_word' id='word_1_435' title='bbox 909 1883 1023 1925; x_wconf 85' lang='lat' dir='ltr'>primo</span> <span class='ocrx_word' id='word_1_436' title='bbox 1056 1881 1224 1925; x_wconf 80' lang='lat' dir='ltr'>adspectu</span> <span class='ocrx_word' id='word_1_437' title='bbox 1262 1884 1282 1912; x_wconf 91' lang='lat' dir='ltr'>i.</span> <span class='ocrx_word' id='word_1_438' title='bbox 1314 1892 1339 1911; x_wconf 89' lang='lat' dir='ltr'>e.</span> <span class='ocrx_word' id='word_1_439' title='bbox 1375 1882 1619 1917; x_wconf 80' lang='lat' dir='ltr'>pulchritudine.</span> <span class='ocrx_word' id='word_1_440' title='bbox 1666 1897 1703 1900; x_wconf 87' lang='lat'>—</span> 
     </span>
     <span class='ocr_line' id='line_1_72' title="bbox 910 1927 1706 1960; baseline -0.006 0"><span class='ocrx_word' id='word_1_441' title='bbox 910 1940 993 1960; x_wconf 84' lang='lat' dir='ltr'>casu</span> <span class='ocrx_word' id='word_1_442' title='bbox 1027 1932 1045 1959; x_wconf 93' lang='lat' dir='ltr'>i.</span> <span class='ocrx_word' id='word_1_443' title='bbox 1072 1941 1097 1959; x_wconf 94' lang='lat' dir='ltr'>e.</span> <span class='ocrx_word' id='word_1_444' title='bbox 1132 1928 1359 1960; x_wconf 51' lang='lat' dir='ltr'>miseratione*</span> <span class='ocrx_word' id='word_1_445' title='bbox 1386 1930 1416 1955; x_wconf 88' lang='lat' dir='ltr'>S.</span> <span class='ocrx_word' id='word_1_446' title='bbox 1449 1931 1476 1955; x_wconf 88' lang='lat' dir='ltr'>et</span> <span class='ocrx_word' id='word_1_447' title='bbox 1510 1927 1706 1956; x_wconf 74' lang='lat' dir='ltr'>fortitudinis</span> 
     </span>
     <span class='ocr_line' id='line_1_73' title="bbox 909 1978 1132 2006; baseline -0.004 0"><span class='ocrx_word' id='word_1_448' title='bbox 909 1978 1132 2006; x_wconf 81' lang='lat' dir='ltr'>admiratione.</span> 
     </span>
    </p>
   </div>
   <div class='ocr_carea' id='block_1_19' title="bbox 910 2027 1706 2161">
    <p class='ocr_par' dir='ltr' id='par_1_27' title="bbox 910 2027 1706 2161">
     <span class='ocr_line' id='line_1_74' title="bbox 956 2027 1706 2072; baseline -0.008 -9"><span class='ocrx_word' id='word_1_449' title='bbox 956 2033 1032 2063; x_wconf 81' lang='grc'><strong>614.</strong></span> <span class='ocrx_word' id='word_1_450' title='bbox 1064 2031 1131 2063; x_wconf 89' lang='lat' dir='ltr'>Ore</span> <span class='ocrx_word' id='word_1_451' title='bbox 1162 2029 1259 2072; x_wconf 81' lang='lat' dir='ltr'>loqui</span> <span class='ocrx_word' id='word_1_452' title='bbox 1289 2032 1404 2067; x_wconf 75' lang='lat' dir='ltr'>legitur</span> <span class='ocrx_word' id='word_1_453' title='bbox 1435 2029 1472 2067; x_wconf 84' lang='lat'>6,</span> <span class='ocrx_word' id='word_1_454' title='bbox 1496 2028 1548 2058; x_wconf 86' lang='grc'>76.</span> <span class='ocrx_word' id='word_1_455' title='bbox 1586 2029 1616 2064; x_wconf 71' lang='lat'>9,</span> <span class='ocrx_word' id='word_1_456' title='bbox 1643 2027 1706 2058; x_wconf 73' lang='lat'>319</span> 
     </span>
     <span class='ocr_line' id='line_1_75' title="bbox 911 2076 1705 2119; baseline -0.006 -10"><span class='ocrx_word' id='word_1_457' title='bbox 911 2088 968 2109; x_wconf 87' lang='lat' dir='ltr'>ore</span> <span class='ocrx_word' id='word_1_458' title='bbox 991 2077 1092 2119; x_wconf 83' lang='lat' dir='ltr'>effari</span> <span class='ocrx_word' id='word_1_459' title='bbox 1116 2077 1147 2115; x_wconf 84' lang='lat'>2,</span> <span class='ocrx_word' id='word_1_460' title='bbox 1173 2076 1249 2107; x_wconf 79' lang='lat'>524.</span> <span class='ocrx_word' id='word_1_461' title='bbox 1300 2079 1345 2106; x_wconf 85' lang='lat' dir='ltr'>De</span> <span class='ocrx_word' id='word_1_462' title='bbox 1369 2078 1426 2105; x_wconf 87' lang='lat' dir='ltr'>tali</span> <span class='ocrx_word' id='word_1_463' title='bbox 1449 2077 1647 2105; x_wconf 85' lang='lat' dir='ltr'>abundantia</span> <span class='ocrx_word' id='word_1_464' title='bbox 1667 2077 1705 2105; x_wconf 79' lang='lat' dir='ltr'>cf.</span> 
     </span>
     <span class='ocr_line' id='line_1_76' title="bbox 910 2124 1039 2161; baseline -0.008 -7"><span class='ocrx_word' id='word_1_465' title='bbox 910 2124 940 2161; x_wconf 80' lang='lat'>4,</span> <span class='ocrx_word' id='word_1_466' title='bbox 964 2124 1039 2154; x_wconf 70' lang='lat'>344.</span> 
     </span>
    </p>
   </div>
   <div class='ocr_carea' id='block_1_20' title="bbox 909 2179 1706 2263">
    <p class='ocr_par' dir='ltr' id='par_1_28' title="bbox 909 2179 1706 2263">
     <span class='ocr_line' id='line_1_77' title="bbox 955 2179 1706 2219; baseline -0.001 -11"><span class='ocrx_word' id='word_1_467' title='bbox 955 2180 1031 2209; x_wconf 83' lang='grc'><strong>615.</strong></span> <span class='ocrx_word' id='word_1_468' title='bbox 1063 2179 1148 2219; x_wconf 79' lang='lat' dir='ltr'>Quis</span> <span class='ocrx_word' id='word_1_469' title='bbox 1180 2183 1212 2210; x_wconf 79' lang='lat' dir='ltr'>te</span> <span class='ocrx_word' id='word_1_470' title='bbox 1240 2181 1453 2215; x_wconf 77' lang='lat' dir='ltr'>„admirantis</span> <span class='ocrx_word' id='word_1_471' title='bbox 1483 2185 1528 2208; x_wconf 80' lang='grc'>051</span> <span class='ocrx_word' id='word_1_472' title='bbox 1563 2188 1625 2208; x_wconf 90' lang='grc'><strong>11011</strong></span> <span class='ocrx_word' id='word_1_473' title='bbox 1658 2180 1706 2207; x_wconf 84' lang='grc'><strong>111-</strong></span> 
     </span>
     <span class='ocr_line' id='line_1_78' title="bbox 909 2228 1181 2263; baseline -0.007 -7"><span class='ocrx_word' id='word_1_474' title='bbox 909 2228 1123 2263; x_wconf 78' lang='lat' dir='ltr'>terrogantis“</span> <span class='ocrx_word' id='word_1_475' title='bbox 1150 2228 1181 2254; x_wconf 90' lang='lat' dir='ltr'>S.</span> 
     </span>
    </p>
   </div>
   <div class='ocr_carea' id='block_1_21' title="bbox 909 2280 1706 2546">
    <p class='ocr_par' dir='ltr' id='par_1_29' title="bbox 909 2280 1706 2546">
     <span class='ocr_line' id='line_1_79' title="bbox 955 2280 1706 2316; baseline -0.004 -4"><span class='ocrx_word' id='word_1_476' title='bbox 955 2281 1031 2312; x_wconf 84' lang='grc'><strong>616.</strong></span> <span class='ocrx_word' id='word_1_477' title='bbox 1066 2280 1236 2312; x_wconf 71' lang='lat' dir='ltr'>Immunes</span> <span class='ocrx_word' id='word_1_478' title='bbox 1267 2289 1342 2310; x_wconf 88' lang='lat' dir='ltr'>orae</span> <span class='ocrx_word' id='word_1_479' title='bbox 1373 2286 1463 2313; x_wconf 82' lang='grc'><strong>511111,</strong></span> <span class='ocrx_word' id='word_1_480' title='bbox 1504 2283 1586 2316; x_wconf 84' lang='lat' dir='ltr'>quod</span> <span class='ocrx_word' id='word_1_481' title='bbox 1617 2282 1706 2309; x_wconf 80' lang='lat' dir='ltr'>inco-</span> 
     </span>
     <span class='ocr_line' id='line_1_80' title="bbox 910 2328 1706 2365; baseline -0.004 -7"><span class='ocrx_word' id='word_1_482' title='bbox 910 2332 1019 2358; x_wconf 91' lang='lat' dir='ltr'>luntur</span> <span class='ocrx_word' id='word_1_483' title='bbox 1041 2337 1061 2358; x_wconf 90' lang='lat' dir='ltr'>a</span> <span class='ocrx_word' id='word_1_484' title='bbox 1085 2329 1231 2365; x_wconf 79' lang='lat' dir='ltr'>gentibus</span> <span class='ocrx_word' id='word_1_485' title='bbox 1257 2328 1462 2364; x_wconf 85' lang='lat' dir='ltr'>immanibus,</span> <span class='ocrx_word' id='word_1_486' title='bbox 1486 2329 1600 2362; x_wconf 85' lang='lat' dir='ltr'>quales</span> <span class='ocrx_word' id='word_1_487' title='bbox 1623 2329 1706 2355; x_wconf 87' lang='lat' dir='ltr'>Gae-</span> 
     </span>
     <span class='ocr_line' id='line_1_81' title="bbox 909 2370 1705 2410; baseline -0.004 -6"><span class='ocrx_word' id='word_1_488' title='bbox 909 2376 986 2410; x_wconf 85' lang='lat' dir='ltr'>tuli,</span> <span class='ocrx_word' id='word_1_489' title='bbox 1029 2377 1230 2404; x_wconf 75' lang='lat' dir='ltr'>Nasamones</span> <span class='ocrx_word' id='word_1_490' title='bbox 1270 2373 1309 2402; x_wconf 84' lang='lat' dir='ltr'>cf.</span> <span class='ocrx_word' id='word_1_491' title='bbox 1343 2370 1373 2407; x_wconf 72' lang='grc'>4,</span> <span class='ocrx_word' id='word_1_492' title='bbox 1400 2370 1451 2400; x_wconf 72' lang='lat'>40.</span> <span class='ocrx_word' id='word_1_493' title='bbox 1502 2375 1583 2401; x_wconf 75' lang='lat' dir='ltr'>Nota</span> <span class='ocrx_word' id='word_1_494' title='bbox 1623 2374 1705 2407; x_wconf 81' lang='lat' dir='ltr'>quod</span> 
     </span>
     <span class='ocr_line' id='line_1_82' title="bbox 910 2419 1703 2457; baseline -0.006 -7"><span class='ocrx_word' id='word_1_495' title='bbox 910 2422 984 2457; x_wconf 82' lang='lat' dir='ltr'>ipsa</span> <span class='ocrx_word' id='word_1_496' title='bbox 1002 2422 1081 2450; x_wconf 88' lang='lat' dir='ltr'>Dido</span> <span class='ocrx_word' id='word_1_497' title='bbox 1108 2424 1191 2449; x_wconf 84' lang='lat' dir='ltr'>hanc</span> <span class='ocrx_word' id='word_1_498' title='bbox 1214 2426 1307 2448; x_wconf 87' lang='lat' dir='ltr'>suam</span> <span class='ocrx_word' id='word_1_499' title='bbox 1333 2423 1465 2453; x_wconf 85' lang='lat' dir='ltr'>terram,</span> <span class='ocrx_word' id='word_1_500' title='bbox 1500 2419 1533 2447; x_wconf 87' lang='lat' dir='ltr'>in</span> <span class='ocrx_word' id='word_1_501' title='bbox 1559 2426 1623 2453; x_wconf 81' lang='lat' dir='ltr'>qua</span> <span class='ocrx_word' id='word_1_502' title='bbox 1653 2427 1703 2446; x_wconf 75' lang='lat' dir='ltr'>se-</span> 
     </span>
     <span class='ocr_line' id='line_1_83' title="bbox 911 2464 1704 2503; baseline -0.005 -7"><span class='ocrx_word' id='word_1_503' title='bbox 911 2469 981 2496; x_wconf 88' lang='lat' dir='ltr'>dem</span> <span class='ocrx_word' id='word_1_504' title='bbox 1003 2472 1167 2503; x_wconf 79' lang='lat' dir='ltr'>posuerat,</span> <span class='ocrx_word' id='word_1_505' title='bbox 1196 2466 1369 2495; x_wconf 84' lang='lat' dir='ltr'>immanem</span> <span class='ocrx_word' id='word_1_506' title='bbox 1394 2464 1488 2501; x_wconf 86' lang='lat' dir='ltr'>dicat,</span> <span class='ocrx_word' id='word_1_507' title='bbox 1520 2472 1617 2499; x_wconf 80' lang='lat' dir='ltr'>quam</span> <span class='ocrx_word' id='word_1_508' title='bbox 1646 2465 1704 2493; x_wconf 90' lang='lat' dir='ltr'>im-</span> 
     </span>
     <span class='ocr_line' id='line_1_84' title="bbox 911 2510 1703 2546; baseline -0.005 -4"><span class='ocrx_word' id='word_1_509' title='bbox 911 2514 1099 2543; x_wconf 84' lang='lat' dir='ltr'>manitatem</span> <span class='ocrx_word' id='word_1_510' title='bbox 1121 2520 1183 2542; x_wconf 86' lang='lat' dir='ltr'>sua</span> <span class='ocrx_word' id='word_1_511' title='bbox 1206 2515 1398 2546; x_wconf 79' lang='lat' dir='ltr'>superatura</span> <span class='ocrx_word' id='word_1_512' title='bbox 1425 2514 1472 2538; x_wconf 85' lang='lat' dir='ltr'>est</span> <span class='ocrx_word' id='word_1_513' title='bbox 1497 2510 1703 2539; x_wconf 85' lang='lat' dir='ltr'>humanitate.</span> 
     </span>
    </p>
   </div>
   <div class='ocr_carea' id='block_1_22' title="bbox 957 2564 1558 2599">
    <p class='ocr_par' dir='ltr' id='par_1_30' title="bbox 957 2564 1558 2599">
     <span class='ocr_line' id='line_1_85' title="bbox 957 2564 1558 2599; baseline -0.007 0"><span class='ocrx_word' id='word_1_514' title='bbox 957 2568 1032 2599; x_wconf 90' lang='grc'><strong>617.</strong></span> <span class='ocrx_word' id='word_1_515' title='bbox 1058 2571 1105 2599; x_wconf 90' lang='lat' dir='ltr'>De</span> <span class='ocrx_word' id='word_1_516' title='bbox 1129 2578 1162 2599; x_wconf 87' lang='lat' dir='ltr'>re</span> <span class='ocrx_word' id='word_1_517' title='bbox 1184 2569 1222 2599; x_wconf 83' lang='lat' dir='ltr'>cf.</span> <span class='ocrx_word' id='word_1_518' title='bbox 1249 2570 1340 2597; x_wconf 88' lang='lat' dir='ltr'>Hom.</span> <span class='ocrx_word' id='word_1_519' title='bbox 1365 2570 1402 2596; x_wconf 85' lang='lat'>11.</span> <span class='ocrx_word' id='word_1_520' title='bbox 1430 2566 1459 2598; x_wconf 77' lang='lat'>2.</span> <span class='ocrx_word' id='word_1_521' title='bbox 1483 2564 1558 2595; x_wconf 65' lang='lat'>820.</span> 
     </span>
    </p>
   </div>
   <div class='ocr_carea' id='block_1_23' title="bbox 909 2624 1704 3073">
    <p class='ocr_par' dir='ltr' id='par_1_31' title="bbox 909 2624 1704 3073">
     <span class='ocr_line' id='line_1_86' title="bbox 958 2624 1703 2661; baseline -0.003 -6"><span class='ocrx_word' id='word_1_522' title='bbox 958 2624 1034 2655; x_wconf 73' lang='lat'>619.</span> <span class='ocrx_word' id='word_1_523' title='bbox 1061 2628 1196 2658; x_wconf 73' lang='lat' dir='ltr'>Teucer.</span> <span class='ocrx_word' id='word_1_524' title='bbox 1234 2633 1254 2654; x_wconf 89' lang='grc'><strong>3</strong></span> <span class='ocrx_word' id='word_1_525' title='bbox 1279 2625 1376 2654; x_wconf 86' lang='lat' dir='ltr'>Troia</span> <span class='ocrx_word' id='word_1_526' title='bbox 1402 2626 1520 2661; x_wconf 83' lang='lat' dir='ltr'>redux,</span> <span class='ocrx_word' id='word_1_527' title='bbox 1558 2632 1578 2653; x_wconf 91' lang='lat' dir='ltr'>a</span> <span class='ocrx_word' id='word_1_528' title='bbox 1604 2629 1703 2659; x_wconf 81' lang='lat' dir='ltr'>patre,</span> 
     </span>
     <span class='ocr_line' id='line_1_87' title="bbox 911 2671 1703 2708; baseline -0.005 -6"><span class='ocrx_word' id='word_1_529' title='bbox 911 2675 993 2708; x_wconf 79' lang='lat' dir='ltr'>quod</span> <span class='ocrx_word' id='word_1_530' title='bbox 1018 2673 1127 2702; x_wconf 87' lang='lat' dir='ltr'>fratris</span> <span class='ocrx_word' id='word_1_531' title='bbox 1151 2672 1268 2701; x_wconf 85' lang='lat' dir='ltr'>Aiacis</span> <span class='ocrx_word' id='word_1_532' title='bbox 1299 2675 1430 2700; x_wconf 89' lang='lat' dir='ltr'>mortem</span> <span class='ocrx_word' id='word_1_533' title='bbox 1461 2679 1523 2699; x_wconf 91' lang='lat' dir='ltr'>non</span> <span class='ocrx_word' id='word_1_534' title='bbox 1552 2671 1703 2705; x_wconf 78' lang='lat' dir='ltr'>impedis-</span> 
     </span>
     <span class='ocr_line' id='line_1_88' title="bbox 912 2713 1702 2753; baseline -0.005 -5"><span class='ocrx_word' id='word_1_535' title='bbox 912 2724 977 2753; x_wconf 87' lang='lat' dir='ltr'>set,</span> <span class='ocrx_word' id='word_1_536' title='bbox 1003 2727 1066 2747; x_wconf 91' lang='lat' dir='ltr'>non</span> <span class='ocrx_word' id='word_1_537' title='bbox 1089 2719 1251 2747; x_wconf 84' lang='lat' dir='ltr'>admissus</span> <span class='ocrx_word' id='word_1_538' title='bbox 1277 2716 1335 2751; x_wconf 84' lang='lat' dir='ltr'>[cf.</span> <span class='ocrx_word' id='word_1_539' title='bbox 1362 2718 1436 2745; x_wconf 82' lang='lat' dir='ltr'>Hor.</span> <span class='ocrx_word' id='word_1_540' title='bbox 1463 2717 1497 2745; x_wconf 89' lang='lat' dir='ltr'>C.</span> <span class='ocrx_word' id='word_1_541' title='bbox 1527 2713 1556 2752; x_wconf 84' lang='lat'>1,</span> <span class='ocrx_word' id='word_1_542' title='bbox 1582 2715 1613 2751; x_wconf 82' lang='lat'>7,</span> <span class='ocrx_word' id='word_1_543' title='bbox 1639 2715 1702 2753; x_wconf 70' lang='lat'>21)</span> 
     </span>
     <span class='ocr_line' id='line_1_89' title="bbox 913 2763 1704 2801; baseline -0.004 -7"><span class='ocrx_word' id='word_1_544' title='bbox 913 2766 1057 2801; x_wconf 73' lang='lat' dir='ltr'>Cyprum</span> <span class='ocrx_word' id='word_1_545' title='bbox 1081 2764 1180 2799; x_wconf 83' lang='lat' dir='ltr'>petiit,</span> <span class='ocrx_word' id='word_1_546' title='bbox 1202 2764 1308 2798; x_wconf 84' lang='lat' dir='ltr'>ibique</span> <span class='ocrx_word' id='word_1_547' title='bbox 1334 2763 1493 2792; x_wconf 82' lang='lat' dir='ltr'>coloniam</span> <span class='ocrx_word' id='word_1_548' title='bbox 1518 2763 1704 2792; x_wconf 86' lang='lat' dir='ltr'>conditurus</span> 
     </span>
     <span class='ocr_line' id='line_1_90' title="bbox 912 2808 1703 2845; baseline -0.005 -5"><span class='ocrx_word' id='word_1_549' title='bbox 912 2811 1094 2841; x_wconf 86' lang='lat' dir='ltr'>accessisse</span> <span class='ocrx_word' id='word_1_550' title='bbox 1116 2811 1278 2845; x_wconf 89' lang='lat' dir='ltr'>putandus</span> <span class='ocrx_word' id='word_1_551' title='bbox 1301 2812 1347 2837; x_wconf 89' lang='lat' dir='ltr'>est</span> <span class='ocrx_word' id='word_1_552' title='bbox 1373 2809 1413 2837; x_wconf 86' lang='lat' dir='ltr'>ad</span> <span class='ocrx_word' id='word_1_553' title='bbox 1427 2808 1555 2837; x_wconf 87' lang='lat' dir='ltr'>Sidonis</span> <span class='ocrx_word' id='word_1_554' title='bbox 1581 2813 1609 2837; x_wconf 83' lang='grc'>01</span> <span class='ocrx_word' id='word_1_555' title='bbox 1624 2809 1703 2845; x_wconf 76' lang='lat' dir='ltr'>&#39;l&#39;yri</span> 
     </span>
     <span class='ocr_line' id='line_1_91' title="bbox 912 2852 1703 2893; baseline -0.004 -8"><span class='ocrx_word' id='word_1_556' title='bbox 912 2865 1018 2893; x_wconf 82' lang='lat' dir='ltr'>regem</span> <span class='ocrx_word' id='word_1_557' title='bbox 1052 2855 1185 2890; x_wconf 85' lang='lat' dir='ltr'>(Belum</span> <span class='ocrx_word' id='word_1_558' title='bbox 1216 2855 1255 2884; x_wconf 88' lang='lat' dir='ltr'>cf.</span> <span class='ocrx_word' id='word_1_559' title='bbox 1285 2852 1371 2890; x_wconf 79' lang='lat'>729]</span> <span class='ocrx_word' id='word_1_560' title='bbox 1405 2854 1540 2883; x_wconf 84' lang='lat' dir='ltr'>Didonis</span> <span class='ocrx_word' id='word_1_561' title='bbox 1570 2858 1703 2889; x_wconf 86' lang='lat' dir='ltr'>patrem,</span> 
     </span>
     <span class='ocr_line' id='line_1_92' title="bbox 909 2901 1703 2937; baseline -0.004 -6"><span class='ocrx_word' id='word_1_562' title='bbox 909 2903 1003 2932; x_wconf 88' lang='lat' dir='ltr'>cuius</span> <span class='ocrx_word' id='word_1_563' title='bbox 1034 2903 1117 2937; x_wconf 90' lang='lat' dir='ltr'>apud</span> <span class='ocrx_word' id='word_1_564' title='bbox 1148 2901 1320 2936; x_wconf 82' lang='lat' dir='ltr'>scriptores</span> <span class='ocrx_word' id='word_1_565' title='bbox 1346 2902 1514 2936; x_wconf 83' lang='lat' dir='ltr'>Matgenus</span> <span class='ocrx_word' id='word_1_566' title='bbox 1543 2905 1599 2929; x_wconf 85' lang='lat' dir='ltr'>aut</span> <span class='ocrx_word' id='word_1_567' title='bbox 1623 2902 1703 2929; x_wconf 88' lang='lat' dir='ltr'>Met—</span> 
     </span>
     <span class='ocr_line' id='line_1_93' title="bbox 910 2946 1704 2983; baseline -0.005 -6"><span class='ocrx_word' id='word_1_568' title='bbox 910 2953 961 2977; x_wconf 88' lang='lat' dir='ltr'>tus</span> <span class='ocrx_word' id='word_1_569' title='bbox 998 2956 1110 2976; x_wconf 86' lang='lat' dir='ltr'>uomen</span> <span class='ocrx_word' id='word_1_570' title='bbox 1139 2952 1204 2983; x_wconf 85' lang='lat' dir='ltr'>est,</span> <span class='ocrx_word' id='word_1_571' title='bbox 1245 2950 1277 2974; x_wconf 89' lang='lat' dir='ltr'>ut</span> <span class='ocrx_word' id='word_1_572' title='bbox 1308 2946 1379 2975; x_wconf 88' lang='lat' dir='ltr'>eius</span> <span class='ocrx_word' id='word_1_573' title='bbox 1408 2947 1533 2974; x_wconf 86' lang='lat' dir='ltr'>auxilio</span> <span class='ocrx_word' id='word_1_574' title='bbox 1563 2947 1595 2974; x_wconf 92' lang='lat' dir='ltr'>in</span> <span class='ocrx_word' id='word_1_575' title='bbox 1628 2954 1704 2974; x_wconf 90' lang='lat' dir='ltr'>con—</span> 
     </span>
     <span class='ocr_line' id='line_1_94' title="bbox 910 2992 1704 3023; baseline -0.005 0"><span class='ocrx_word' id='word_1_576' title='bbox 910 2995 1012 3023; x_wconf 85' lang='lat' dir='ltr'>denda</span> <span class='ocrx_word' id='word_1_577' title='bbox 1054 2996 1131 3022; x_wconf 87' lang='grc'><strong>111110</strong></span> <span class='ocrx_word' id='word_1_578' title='bbox 1169 2992 1335 3021; x_wconf 87' lang='lat' dir='ltr'>Salamine</span> <span class='ocrx_word' id='word_1_579' title='bbox 1368 2996 1507 3021; x_wconf 85' lang='lat' dir='ltr'>uteretur</span> <span class='ocrx_word' id='word_1_580' title='bbox 1544 2993 1704 3020; x_wconf 80' lang='lat' dir='ltr'>adversus</span> 
     </span>
     <span class='ocr_line' id='line_1_95' title="bbox 910 3038 1611 3073; baseline -0.003 -5"><span class='ocrx_word' id='word_1_581' title='bbox 910 3041 1047 3070; x_wconf 87' lang='lat' dir='ltr'>incolas.</span> <span class='ocrx_word' id='word_1_582' title='bbox 1073 3046 1152 3073; x_wconf 80' lang='grc'><strong>(11105</strong></span> <span class='ocrx_word' id='word_1_583' title='bbox 1178 3039 1206 3066; x_wconf 83' lang='lat' dir='ltr'>is</span> <span class='ocrx_word' id='word_1_584' title='bbox 1230 3038 1320 3067; x_wconf 81' lang='lat' dir='ltr'>brevi</span> <span class='ocrx_word' id='word_1_585' title='bbox 1343 3041 1417 3066; x_wconf 86' lang='lat' dir='ltr'>ante</span> <span class='ocrx_word' id='word_1_586' title='bbox 1438 3039 1611 3067; x_wconf 83' lang='lat' dir='ltr'>domuerat.</span> 
     </span>
    </p>
   </div>
   <div class='ocr_carea' id='block_1_24' title="bbox 1399 3082 1432 3125">
    <p class='ocr_par' dir='ltr' id='par_1_32' title="bbox 1399 3082 1432 3125">
     <span class='ocr_line' id='line_1_96' title="bbox 1399 3082 1432 3125; baseline 0 0"><span class='ocrx_word' id='word_1_587' title='bbox 1399 3082 1432 3125; x_wconf 77' lang='lat'>4</span> 
     </span>
    </p>
   </div>
  </div>
 </body>
</html>
