2044 3329
225 113 274 151 10

779 112 815 144 P.
842 111 1036 144 VIRGILII
1063 111 1268 145 MARONJS

220 223 343 264 Ilium
367 223 409 264 in
435 222 603 265 Italiam
630 226 808 276 portans
833 223 1052 276 victosque
1076 223 1273 267 Penates:

219 280 364 322 Incute
392 280 474 320 vim
502 280 634 321 ventis
659 280 983 332 submersasque
1011 279 1143 321 obrue
1167 294 1343 337 puppes,

218 339 303 378 Aut
330 351 408 389 age
441 336 628 378 diversos
657 341 698 378 ct
722 337 866 377 disiice
892 349 1073 390 corpora
1096 340 1239 390 ponto.

1780 341 1833 380 70

219 394 327 435 Sunt
356 393 459 435 mihi
488 393 553 435 bis
581 398 741 446 septem
769 394 1006 445 praestanti
1037 407 1216 446 corpore
1240 395 1472 450 Nymphae,

218 452 405 500 Quarum
432 464 540 504 quae
570 450 706 491 forma
734 449 1021 502 pulcherrima
1048 450 1247 504 Deiopea,

218 507 436 549 Connubio
466 508 637 559 iungam
666 506 810 547 stabili
839 507 1139 561 propriamque
1169 507 1333 559 dicabo,

221 565 366 605 Omnis
395 568 443 605 ut
472 568 611 605 tecum
642 563 803 604 meritis
826 577 904 616 pro
935 563 1091 606 talibus
1121 579 1252 607 annos

216 621 373 674 Exigat
403 625 445 661 et
468 620 646 673 pulchra
675 619 806 661 faciat
829 624 872 661 te
897 621 1017 674 prole
1047 625 1278 674 parentem.

327 677 481 718 Aeolus
510 677 614 718 haec
645 681 812 718 contra:
843 677 972 729 Tuus,
998 691 1022 720 0
1046 679 1211 731 regina,
1238 675 1341 732 quid
1367 680 1501 732 optes,

214 734 451 787 Explorare
482 733 622 785 labor,
653 734 756 775 mihi
782 734 898 776 iussa
923 749 1145 789 capessere
1174 735 1239 776 fas
1267 737 1341 776 est.

215 791 275 832 Tu
304 791 426 842 mihi,
451 790 731 844 quodcunque
756 791 836 833 hoc
864 793 1003 846 regni,
1032 796 1080 834 tu
1107 796 1276 846 sceptra
1304 792 1528 844 Iovemque

257 930 312 960 68.
338 932 387 960 Ad
416 939 484 960 rem
513 931 552 961 ef.
582 931 622 969 8,
655 930 708 960 12.
758 932 817 961 Ov.
848 934 936 960 Fast.
968 929 999 968 4,

210 974 274 1005 ‘251
313 974 425 1014 Quum
455 974 593 1007 Troiam
618 975 754 1006 Aeneas
787 974 893 1006 [talos
921 985 1001 1016 por-

212 1020 359 1051 taretin
382 1030 501 1062 agros.
549 1025 590 1051 Μ.
621 1021 661 1060 3,
691 1021 758 1050 538
794 1019 861 1060 Qui
890 1019 1000 1063 longa

209 1074 272 1106 per
297 1074 449 1107 aequora
470 1066 570 1102 vecti,
594 1064 658 1096 hac
683 1065 809 1106 Tyron,
834 1065 897 1096 hac
919 1076 1000 1107 pro-

206 1111 318 1152 fugos
347 1111 512 1149 posuistis
544 1110 624 1142 sede
652 1110 807 1142 Penates.
867 1115 942 1142 Hor.
964 1114 998 1142 C.

210 1156 247 1189 4.
278 1156 316 1193 4,
349 1158 401 1186 53.
432 1174 476 1179 —
510 1160 556 1187 De
590 1159 764 1187 Penatibus
798 1158 838 1186 cf.
875 1158 912 1195 3,
949 1158 998 1187 12.

211 1203 295 1232 Victi
318 1209 392 1232 sunt
421 1204 478 1239 dii,
519 1204 571 1238 qui
597 1204 709 1232 sedem
732 1211 825 1232 suam
849 1212 913 1232 non
939 1212 998 1239 po-

210 1253 338 1276 tuerunt
363 1251 402 1277 ab
425 1250 553 1278 interitu
574 1248 765 1285 defendere;
796 1249 840 1278 ita
862 1249 898 1286 2,
921 1248 998 1278 320.

209 1293 250 1330 8,
281 1293 328 1321 ll.

253 1337 307 1367 69.
338 1336 454 1368 Incute
476 1335 545 1367 vim
569 1336 680 1368 ventis
713 1339 733 1368 i.
763 1347 791 1368 e.
822 1341 904 1368 adde
926 1339 998 1368 vio-

208 1384 339 1412 lentiam
372 1384 496 1420 ventis,
532 1391 695 1419 exaspera
728 1389 898 1413 ventorum
927 1386 999 1413 ani-

208 1436 296 1464 mos,
325 1430 367 1457 ita
390 1430 531 1458 Ennius:
559 1427 661 1458 dictis
684 1427 851 1459 Romanis
876 1428 999 1459 incutit

209 1472 308 1503 iram.
357 1471 430 1503 013.
448 1475 590 1510 explicat
607 1476 667 1503 inc.
685 1475 748 1503 vim
767 1476 873 1504 ventis
893 1475 996 1511 (abl.)

208 1527 256 1547 sc.
280 1520 441 1554 puppibus
468 1520 583 1555 (dan).
601 1536 645 1540 ——
667 1518 861 1550 submersas
878 1520 999 1557 obrue,-

207 1567 381 1600 submerge
405 1570 436 1594 et
463 1568 562 1594 obrue
588 1565 627 1594 cf.
653 1563 691 1603 4,
717 1564 771 1594 22.

253 1610 306 1639 70.
333 1619 402 1651 age
436 1608 606 1646 diversos,
639 1612 780 1646 dissipa3
814 1612 858 1640 ita
881 1613 997 1641 trans-

206 1662 342 1684 versum
382 1664 489 1696 agere
534 1658 674 1691 aliquem
718 1661 768 1685 est
803 1659 998 1697 pervertere

207 1703 285 1729 Sall.
312 1703 380 1736 Ing.
405 1701 435 1729 6.
468 1701 516 1730 1⁴.

251 1745 305 1775 71.
331 1745 381 1775 bis
413 1749 551 1786 septem.
614 1747 715 1775 Simili
748 1748 842 1776 modo
878 1753 994 1782 poetae

207 1792 341 1827 saepius
373 1800 526 1821 numeros
560 1793 701 1820 maiores
728 1793 993 1821 circumscribere

207 1842 364 1871 coguntur
391 1840 429 1865 ob
455 1838 546 1866 metri
571 1838 813 1874 necessitatem,
839 1843 868 1866 et
892 1846 994 1872 quae-

207 1888 278 1911 runt
305 1891 364 1911 eos
391 1891 563 1918 numeros,
599 1883 651 1917 qui
676 1890 828 1911 arcanam
853 1884 993 1917 aliquam

207 1928 271 1955 vim
296 1930 414 1956 liabent
438 1933 470 1956 ut
499 1936 531 1956 v.
555 1927 631 1956 272.
657 1927 734 1956 381.
760 1927 837 1956 393.
861 1928 892 1964 9,
915 1927 991 1957 272.

208 1971 267 2009 11,
296 1973 327 2001 9.
367 1972 423 2009 12,
457 1972 532 2001 899.
565 1988 608 1992 --
639 1974 677 2002 Ut
700 1975 763 2001 1100
793 1975 865 2001 1000
893 1976 994 2007 Nym-

206 2020 314 2055 pham,
342 2018 389 2046 sic
416 2019 596 2047 Gratiarum
617 2025 712 2046 unam
736 2019 816 2046 Iuno
843 2019 995 2053 promittit

207 2066 326 2091 Somno
353 2065 444 2091 Hom.
470 2065 507 2091 Il.
537 2062 593 2098 14,
618 2063 693 2091 268.
742 2066 911 2098 Nymphae
937 2072 994 2092 00-

206 2109 299 2137 mites
329 2113 403 2136 sunt
430 2113 460 2137 et
486 2108 626 2137 famulae
650 2110 794 2137 dearum.
821 2124 865 2128 —
889 2117 993 2148 prae-

206 2151 316 2182 stanti
340 2161 479 2192 corpore
510 2158 541 2181 ut
575 2161 606 2182 v.
644 2152 714 2181 166.
749 2154 821 2182 190.
851 2153 927 2182 313.
960 2153 993 2194 3,

208 2198 259 2227 13.
286 2197 361 2227 427.
387 2197 463 2227 538.
494 2197 571 2226 618.
597 2198 675 2227 688.
711 2198 833 2233 5,372.
869 2199 899 2236 7,
916 2198 992 2227 783.

205 2243 237 2279 9,
262 2243 315 2272 50.
351 2242 400 2278 12,
425 2242 502 2281 218,
529 2244 615 2280 alibi,
641 2247 691 2272 est
717 2245 880 2274 ablativus
908 2246 993 2274 modi

206 2288 247 2318 cf.
281 2291 331 2317 Gr.
359 2290 380 2322 ,ς
404 2288 479 2318 331.

250 2334 304 2362 72.
334 2332 431 2372 Quae
468 2330 701 2374 pulcherrima
744 2342 802 2369 pro
842 2336 991 2364 breviore

203 2376 471 2418 pulcherrimam
496 2388 561 2408 11011
584 2384 703 2408 tantum
729 2384 829 2408 metro
856 2386 992 2413 cogente

205 2426 387 2458 quaesitum
420 2429 488 2460 est,
526 2427 585 2454 secl
618 2429 650 2453 ut
683 2426 787 2457 magis
818 2428 993 2455 extollatur

206 2473 369 2504 nymphae
398 2471 611 2505 pulchritudo.
644 2485 688 2490 —
720 2467 890 2510 Deiopea,
920 2474 992 2500 MR.

206 2518 298 2543 serv.
351 2513 553 2554 Deiopeam,
578 2517 656 2544 Eud.

250 2560 303 2588 73.
328 2562 407 2588 110111
445 2568 476 2588 ν.
513 2559 552 2596 4,
588 2560 661 2589 126.
719 2561 991 2591 Pronuntiandum

205 2613 282 2633 esse
302 2602 471 2642 connabjo
496 2607 589 2634 docet
611 2605 632 2639 S
654 2604 704 2634 13.
749 2604 992 2641 „Connubinm

204 2652 254 2679 est
279 2647 395 2678 uxoris
429 2648 502 2678 iure
526 2648 705 2680 ducendae
721 2649 904 2689 facultas“
936 2654 992 2681 U-

205 2696 278 2730 pian
305 2696 363 2723 Tit.
391 2697 427 2724 V.
458 2694 505 2723 l-l.
533 2705 562 2730 p.
594 2697 631 2725 19
656 2698 705 2724 etl.
734 2698 842 2732 Hug0;
874 2698 988 2725 deinde

203 2741 311 2775 ipsum
337 2745 386 2768 est
412 2741 594 2771 coniugium
616 2743 734 2776 optimo
756 2742 835 2777 11110,
863 2750 905 2770 ex
927 2751 988 2776 quo

204 2785 365 2821 procreati
396 2786 489 2814 liberi
521 2787 640 2820 optima
671 2787 817 2815 fruuntur
850 2788 989 2816 civitate.

203 2832 383 2859 Honestum
413 2831 507 2863 igitur
538 2840 653 2860 nomen
685 2833 853 2869 connubii,
890 2832 930 2861 cf.
957 2832 988 2869 3,

203 2875 280 2904 319.
319 2875 356 2913 4,
382 2876 459 2904 668.
481 2875 557 2904 316.
607 2878 666 2905 ov.
688 2880 728 2905 11.
761 2876 794 2913 1,
818 2876 893 2905 490.
937 2877 988 2913 11,

202 2920 280 2950 226.
318 2937 363 2940 -
391 2918 588 2960 propriam,
627 2927 655 2949 et
685 2923 757 2950 inde
790 2928 990 2960 perpetuam,

203 2966 243 2995 cf.
267 2965 299 3003 3,
324 2966 378 2994 85.
412 2966 443 3003 6,
463 2965 541 2995 872.
588 2969 665 3001 Nep.
687 2970 802 2996 Thras,
822 2967 843 2996 4
874 2966 989 2997 Parva

202 3019 346 3041 munera
370 3009 519 3049 diutina,
545 3009 733 3052 locupletia
756 3021 824 3043 non
843 3011 988 3054 propria

1047 939 1118 960 esse
1150 931 1407 960 consueverunt.
1462 930 1497 959 C.
1531 932 1616 958 Man.
1659 928 1699 958 16
1734 926 1833 967 Quod

1047 979 1084 1006 ut
1122 974 1176 1005 illi
1218 973 1397 1016 proprium
1441 983 1482 1003 ac
1527 976 1729 1014 perpetuum
1777 971 1834 1012 sie,

1047 1024 1167 1062 optare
1192 1019 1330 1051 debetis.
1361 1036 1397 1040 -—
1421 1017 1542 1048 dicabo
1565 1022 1668 1056 „Plus
1690 1024 1739 1050 est
1760 1020 1832 1048 dico

1046 1074 1140 1102 quam
1157 1069 1208 1103 do,
1233 1068 1356 1095 dicatur
1379 1070 1545 1101 perpetuo,
1571 1067 1664 1094 datur
1689 1067 1728 1094 atl
1751 1070 1832 1094 10111-

1046 1111 1149 1149 pus‚“
1176 1115 1258 1141 Don.
1284 1115 1356 1141 Ter.
1384 1113 1510 1140 Ρ1101111.
1540 1110 1573 1148 l,
1601 1111 1638 1148 2,
1671 1111 1720 1140 ll.

1090 1158 1143 1186 75.
1169 1158 1215 1187 Cf.
1243 1158 1323 1187 Ptin.
1349 1159 1386 1185 H.
1415 1159 1450 1185 N.
1482 1156 1517 1192 7,
1548 1155 1607 1185 43:
1643 1147 1683 1185 in’
1709 1153 1833 1196 quibus

1045 1201 1250 1242 quaerendis
1274 1200 1446 1242 sapientes
1472 1203 1621 1231 aetatem
1643 1199 1832 1243 exigerent.

1045 1312 1234 1344 76—123.
1280 1313 1498 1352 Tempestate
1538 1314 1653 1343 coorta
1690 1309 1831 1343 Troiani

1213 1367 1273 1400 per
1303 1366 1396 1389 mare
1425 1356 1656 1388 disiiciuntur.

1090 1428 1172 1457 Nihil
1209 1429 1249 1456 ad
1282 1428 1445 1463 promissa
1473 1428 1601 1456 Aeolus
1641 1428 1829 1464 respondet,

1045 1476 1103 1503 sed
1128 1473 1255 1502 etiamsi
1282 1475 1365 1502 ‹lono
1391 1473 1531 1502 maxime
1551 1478 1709 1509 movetur,
1735 1473 1829 1502 iusso

1044 1524 1150 1548 tamen
1182 1519 1311 1547 obedire
1342 1527 1379 1548 se
1413 1519 1498 1554 tingit
1533 1526 1724 1552 omnemque
1752 1518 1830 1547 facti

1042 1567 1171 1600 culpam
1205 1569 1294 1593 a'se
1327 1570 1489 1600 removet,
1527 1571 1611 1598 qnae
1643 1563 1830 1592 inferiorum

1044 1611 1074 1639 si
1097 1611 1137 1639 ad
1160 1610 1290 1638 facinus
1315 1610 1445 1644 aliquod
1468 1617 1489 1639 a
1513 1609 1745 1645 potentioribus
1769 1616 1829 1638 ex-

1043 1657 1180 1684 citantur
1204 1657 1287 1683 solet
1311 1663 1388 1684 esse
1417 1655 1508 1683 ratio.
1558 1657 1626 1683 Non
1653 1658 1739 1682 recte
1767 1654 1829 1689 igi-

1043 1706 1092 1729 tur
1122 1705 1252 1736 propter
1281 1701 1357 1729 illud
1383 1701 1518 1728 Iunonis
1549 1699 1745 1734 promissum
1776 1707 1829 1728 re·-

1040 1749 1225 1782 prehensus
1264 1750 1314 1774 est
1343 1747 1412 1780 Vgl.
1453 1753 1472 1774 a
1513 1742 1666 1773 Wctnero
1696 1750 1727 1773 et
1765 1741 1827 1773 1,‹{.

1040 1793 1124 1826 quod
1148 1792 1218 1820 sine
1242 1798 1363 1819 caussa
1382 1791 1578 1825 promitteret
1595 1795 1626 1818 et
1645 1797 1685 1818 ne
1701 1791 1827 1819 Aeolus

1040 1837 1166 1871 quidem
1192 1837 1231 1864 ad
1253 1836 1284 1864 id
1310 1838 1505 1872 attenderet,
1535 1844 1582 1865 sc.
1605 1839 1638 1863 ut
1656 1837 1727 1870 vgl.
1749 1835 1829 1864 1111111

1039 1888 1213 1917 spectasse
1237 1881 1400 1909 videretur
1422 1882 1508 1910 aliud
1535 1888 1630 1915 quam
1655 1886 1687 1909 ut
1707 1882 1828 1909 Home-

1039 1935 1109 1955 rum
1132 1927 1319 1955 imitaretur.
1342 1942 1382 1946 -—
1404 1928 1579 1955 Praeterea
1597 1927 1722 1955 Aeolus
1742 1933 1826 1960 quae

1039 1979 1059 2001 a
1076 1974 1155 2000 Iove
1177 1976 1349 2007 acceperat
1367 1979 1397 2000 v.
1416 1971 1469 2000 65.
1490 1971 1545 2007 66,
1569 1971 1684 2000 1111101ιί
1710 1979 1747 2000 se
1771 1973 1828 2000 de-

1041 2020 1116 2046 bere
1134 2017 1310 2045 confessus
1327 2022 1389 2053 est,
1404 2021 1436 2046 ut
1455 2025 1578 2045 memor
1590 2017 1754 2045 videretur
1770 2019 1827 2046 be-

1038 2063 1156 2101 neficii,
1170 2071 1234 2091 non
1245 2063 1394 2097 cupidus.
1425 2063 1476 2091 Ad
1487 2070 1551 2090 rem
1563 2062 1603 2091 cs.
1613 2063 1646 2091 C.
1657 2064 1722 2092 ΝΒ.
1732 2062 1763 2098 2,
1771 2062 1825 2091 26.

1084 2108 1137 2136 76.
1164 2116 1181 2136 o
1206 2105 1342 2148 regina.
1386 2108 1574 2143 „Inferioris
1593 2115 1754 2142 personae
1774 2117 1827 2137 re-

1039 2154 1185 2181 verentia
1218 2158 1268 2182 est
1299 2153 1453 2182 maiorem
1492 2153 1614 2182 meritis
1647 2155 1825 2192 appellare,

1039 2207 1104 2227 non
1134 2199 1273 2227 nomine.
1322 2200 1441 2228 Contra
1473 2199 1604 2227 maioris
1636 2203 1688 2227 est
1721 2200 1827 2228 mino-

1038 2252 1107 2272 rem
1129 2244 1258 2272 nomine
1283 2248 1404 2273 tantum
1428 2244 1572 2273 vocare“
1592 2247 1624 2273 S.
1644 2244 1685 2273 ef.
1706 2244 1760 2273 65.
1781 2260 1826 2265 —-

1042 2287 1238 2328 Erplorare
1259 2287 1342 2328 quid
1367 2292 1473 2328 optes,
1494 2290 1515 2318 i.
1532 2298 1560 2318 e.
1577 2294 1665 2318 recte
1683 2298 1825 2319 secusne

1038 2335 1069 2363 id
1093 2335 1164 2371 fiat,
1190 2336 1273 2368 quoti
1299 2335 1349 2364 vis
1376 2335 1462 2372 fieri,
1491 2340 1579 2363 tuum
1604 2339 1665 2364 est.

1083 2380 1135 2408 77.
1161 2380 1208 2409 Cf.
1236 2381 1340 2408 plaut.
1366 2380 1451 2408 Trin.
1476 2379 1515 2417 2,
1545 2379 1584 2416 2,
1610 2379 1646 2408 9:
1687 2377 1717 2409 si
1747 2389 1826 2411 mea

1038 2422 1183 2464 imperia
1209 2432 1386 2464 capesses3
1415 2429 1465 2453 est
1487 2425 1593 2454 studio
1617 2427 1766 2460 exsequi.

1083 2470 1135 2498 78.
1161 2471 1294 2509 sceptra
1332 2467 1511 2508 Iouemque
1542 2468 1717 2499 concilias.
1775 2473 1824 2500 De

1036 2517 1098 2544 1100
1134 2523 1197 2544 usu
1232 2516 1418 2550 praesentis
1457 2516 1530 2544 vide
1562 2513 1600 2552 4,
1639 2515 1717 2545 228.
1773 2519 1823 2546 Τ11

1037 2561 1217 2589 conciliasti
1249 2561 1323 2589 mihi
1355 2568 1374 2589 a
1406 2562 1486 2589 Iove
1517 2565 1697 2599 sceptrum,
1734 2562 1755 2591 i.
1793 2570 1822 2591 0.

1037 2607 1212 2642 potentiam
1254 2613 1357 2634 ineam
1405 2606 1466 2641 [cf.
1505 2605 1602 2641 253.)
1650 2607 1822 2642 ipsumque

1036 2653 1112 2680 1111111
1130 2652 1236 2680 reddis
1256 2652 1435 2686 propitium.
1479 2649 1672 2681 conciliare
1687 2650 1822 2691 aliquid.

1037 2695 1144 2726 alicui
1166 2701 1196 2726 et
1221 2693 1328 2725 alicui
1349 2694 1499 2736 aliquem
1525 2702 1611 2725 10010
1634 2697 1756 2732 dicitur,
1780 2697 1821 2726 cf.

1036 2743 1106 2771 Liv.
1141 2741 1201 2777 36,
1242 2741 1275 2769 11
1316 2744 1454 2782 gentem
1488 2740 1567 2783 regi
1603 2740 1820 2772 conciliabat.

1036 2789 1143 2816 verba
1167 2792 1272 2816 autem
1299 2794 1529 2822 nonnunquam
1555 2792 1725 2816 assumunt
1757 2789 1819 2817 duo

1036 2834 1176 2868 obieeta,
1208 2833 1339 2861 diversa
1363 2834 1486 2861 ratione
1512 2833 1706 2867 explicanda
1732 2838 1764 2862 ut
1787 2832 1820 2871 2,

1034 2877 1101 2905 258
1140 2875 1281 2906 Danaos
1312 2880 1343 2906 et
1376 2876 1530 2907 claustra
1565 2875 1663 2907 taxat
1697 2875 1820 2915 Sinon,

1035 2923 1076 2951 cf.
1092 2922 1168 2951 255.
1184 2921 1258 2951 426.
1290 2922 1322 2959 2,
1341 2922 1417 2951 654.
1451 2923 1482 2960 4,
1499 2922 1576 2950 695.
1613 2922 1644 2958 6,
1666 2923 1719 2951 70.
1742 2921 1818 2953 464.

1041 2968 1090 3003 to,
1113 2968 1167 2996 71.
1203 2968 1271 2996 Tib.
1296 2968 1328 3003 3,
1355 2967 1387 3003 3,
1410 2968 1450 2996 21
1483 2965 1560 2997 Non
1587 2965 1706 3006 opibus
1726 2977 1820 2998 men-

1035 3015 1084 3043 tes
1104 3010 1278 3042 hominum
1299 3021 1468 3054 curaeque
1488 3010 1658 3042 levantur.
