2023 3350
671 69 906 103 AENEIDOS
937 72 1020 104 LIB.
1049 73 1124 105 vll.

1637 76 1719 115 369

66 182 253 237 Insignis
290 186 457 225 reserat
496 182 726 225 stridentia
761 183 910 226 limina
952 185 1131 238 Consul,

66 241 166 294 Ipse
203 243 329 282 vocat
366 254 556 295 pugnas3
598 241 792 295 sequitur
826 246 917 283 tum
954 247 1097 285 cetera
1131 243 1278 297 pubes,

66 300 290 352 Aereaque
326 299 512 340 adsensu
553 299 802 353 conspirant
837 314 998 341 cornua
1037 314 1183 342 rauco.

1635 306 1717 345 615

66 355 161 397 Hoc
195 360 238 397 et:
274 359 365 397 tum
400 356 614 397 Aeneadis
651 357 840 398 indicere
877 357 992 399 bella
1031 358 1210 400 Latinus

66 413 187 454 More
223 413 478 465 iubebatur,
519 414 752 468 tristesque
790 415 1011 457 recludere
1050 420 1210 469 portas.

65 470 290 512 Abstinuit:
325 474 446 512 tactu
480 475 628 524 pater,
672 486 934 526 aversusque
969 472 1132 527 refugit

65 528 211 569 Foeda
246 528 506 579 ministeria,
550 532 591 570 et
626 530 765 571 caecis
802 544 846 571 se
879 530 1072 572 condidit
1109 529 1285 572 umbris.

9 583 15 586 ’
67 586 173 626 Tum
206 585 356 639 regina
390 585 517 627 deum
556 587 674 628 caelo
716 587 894 641 delapsa
929 591 1147 629 morantes

1634 589 1718 628 620

63 643 244 696 impulit
280 643 375 696 ipsa
414 658 544 684 manu
583 648 748 697 portas,
791 649 833 686 et
870 645 1044 687 cardine
1085 659 1207 687 verso

63 700 175 742 Belli
213 700 397 742 ferratos
438 701 602 755 rumpit
639 702 845 744 Saturnia
880 706 1038 756 postes.

64 758 202 799 Ardet
234 759 423 800 inexcita
458 759 652 801 Ausonia
687 764 820 813 atque
853 760 1086 802 immobilis
1121 762 1231 809 ante,

64 816 171 858 Pars
206 816 338 869 pedes
377 816 440 858 ire
478 820 607 870 parat
641 818 824 872 campis,

483 960 619 988 Trabeis
645 963 751 988 autem
769 959 865 988 etiam

60 1012 155 1040 reges
183 1004 234 1032 usi
262 1009 334 1034 sunt
360 1007 408 1033 Pl.
437 1007 504 1033 NH.
529 1003 566 1041 8,
599 1004 657 1041 48,
692 1003 752 1042 74,
790 1014 865 1040 pur—

60 1057 162 1084 purea
194 1051 354 1079 Romulus
388 1049 423 1086 9,
460 1049 520 1089 39,
555 1050 606 1079 63.
658 1053 693 1078 Et
721 1058 772 1085 ap.
806 1053 864 1079 Ov.

59 1098 102 1123 Μ.
136 1093 190 1131 14,
223 1094 300 1124 828.
351 1098 429 1125 Fast
459 1094 495 1133 1,
525 1095 566 1124 37
599 1094 768 1134 Quirinus
793 1098 865 1124 tra-

60 1138 183 1170 beatus
213 1142 330 1170 dicitur
362 1147 391 1170 et
427 1142 465 1179 6,
501 1140 566 1169 375
606 1140 693 1170 lituo
721 1138 865 1180 pulcher

59 1184 252 1226 trabeaque
281 1185 464 1225 Quirinus.
510 1190 549 1216 Et
566 1187 704 1216 Latinus
728 1195 786 1215 rex
814 1184 865 1224 11,

63 1230 127 1260 334
170 1235 313 1261 traheam
353 1234 483 1269 insigne
518 1233 609 1269 regni
637 1233 739 1261 nostri
777 1233 864 1261 dicit.

60 1279 142 1307 Dion
168 1276 198 1315 2,
224 1277 266 1306 70
285 1283 410 1308 vestem
435 1272 473 1307 ἐν
502 1277 579 1313 τοῖς
607 1271 705 1307 πάνυ
736 1273 867 1316 τιμίοις

60 1325 214 1353 usitatam
242 1324 363 1361 fuisse,
401 1326 518 1353 Florus
546 1321 581 1361 1,
620 1324 657 1361 5,
698 1323 717 1351 5
748 1330 820 1352 eain
845 1330 866 1351 a

59 1371 177 1399 'ruscis
185 1371 351 1399 Romanos
364 1371 439 1400 dicit
450 1370 617 1404 accepisse
629 1385 666 1389 --
677 1367 861 1408 cinctuque

67 1414 215 1445 Gabino.
265 1417 435 1453 „Gabinus
465 1417 590 1445 cinctus
621 1420 668 1444 est
696 1419 771 1451 toga
811 1414 861 1444 sic

59 1462 93 1490 in
126 1466 251 1498 tergum
286 1463 406 1491 reiecta
442 1465 475 1490 ut
510 1469 578 1491 una
618 1461 747 1496 (imae)
790 1461 862 1489 eius

59 1508 184 1536 lacinia
207 1515 228 1536 a
252 1512 375 1544 tergore
400 1512 519 1537 vocata
539 1507 702 1536 hominem
729 1506 860 1541 (hume-

58 1554 171 1589 rum'?)
218 1554 335 1590 cingat.
408 1555 476 1583 Hoc
523 1557 632 1582 autem
676 1552 863 1582 vestimenti

57 1608 174 1636 genere
208 1602 358 1628 utebatur
391 1601 505 1629 consul
545 1601 632 1628 bella
670 1599 862 1635 indicturus,

58 1645 129 1674 ideo
159 1646 237 1680 quia
267 1654 366 1680 quum
396 1646 491 1674 Gabii
515 1645 716 1680 Campaniae
735 1644 788 1680 (ἓ)
816 1645 861 1673 ci-

57 1692 148 1720 vitas
169 1692 276 1721 sacris
296 1696 492 1726 operaretur,
515 1693 637 1720 bellum
656 1691 763 1719 subito
783 1699 861 1719 eve-

58 1737 114 1765 nit.
164 1738 254 1766 Tunc
279 1738 371 1766 cives
396 1737 492 1767 cincti
516 1738 600 1773 togis
628 1737 700 1766 suis
727 1739 766 1765 ab
793 1737 861 1765 aris

58 1784 100 1811 ad
125 1784 212 1811 bella
236 1783 368 1817 profecti
388 1788 465 1812 sunt
489 1787 518 1811 et
543 1783 650 1818 adepti
677 1783 858 1812 victoriani.

60 1828 149 1856 Unde
175 1829 229 1857 liic
258 1832 347 1857 ortus
373 1832 420 1857 est
452 1827 556 1858 mos.“
588 1831 619 1857 S.
668 1830 782 1863 Itaque
815 1829 862 1856 ita

59 1874 225 1909 colligitur
264 1874 384 1911 vestis,
427 1878 459 1902 ut
499 1878 563 1903 tota
599 1878 692 1903 veste
725 1875 863 1902 sinistra

60 1927 157 1948 manu
203 1920 350 1956 sublata,
394 1920 508 1948 dextra
549 1920 590 1948 ad
630 1920 863 1949 defendendum

60 1969 207 2000 prompta
233 1965 285 1993 sit.

107 2009 184 2039 613.
211 2006 420 2039 stridentia:
444 2018 461 2038 e
481 2013 597 2038 natura
623 2011 762 2046 ductum,
789 2017 865 2038 nani

61 954 156 986 milis
187 955 214 994 1,
241 955 283 986 28
308 959 433 988 dicitur.

60 2064 199 2093 magnae
236 2060 310 2085 sunt
355 2060 465 2090 portae
503 2059 533 2084 et
569 2062 643 2084 raro
681 2060 862 2084 moventur.

57 2103 110 2132 Ad
141 2099 206 2131 kas
231 2098 376 2140 (portas
402 2110 434 2130 v.
467 2098 566 2136 611.)
598 2098 785 2130 stridentia
819 2098 865 2129 li-

58 2146 155 2177 mina
181 2152 229 2177 est
250 2147 446 2182 appositum.

109 2192 184 2222 615.
211 2201 343 2222 cornua
369 2189 593 2232 conspirant:
632 2198 730 2225 „nam
756 2195 784 2219 et
817 2194 866 2219 tu—

58 2243 119 2269 bae
144 2239 244 2268 simul
267 2238 496 2267 inflabaiitur.“
525 2240 556 2266 S.
591 2239 756 2273 „Cornua,
781 2238 863 2271 quod

59 2293 99 2315 ea
125 2292 207 2320 quae
235 2292 319 2313 nunc
351 2288 427 2313 sunt.
451 2292 492 2312 ex
518 2291 611 2320 aere,
649 2288 723 2312 tunc
747 2283 863 2311 fiebant

59 2332 179 2360 bubulo
206 2339 223 2359 e
248 2328 381 2359 cornu.“
430 2330 525 2358 Varr.
549 2330 614 2358 LL.
648 2329 686 2365 5,
720 2326 792 2356 117.
821 2343 858 2347 -

60 2377 167 2407 Certis
208 2376 357 2404 formulis
394 2376 516 2404 Consul
556 2377 692 2403 Martem
733 2374 862 2403 videtur

59 2430 236 2459 evocasse,
263 2429 320 2450 eas
347 2421 505 2456 repetisse
529 2421 652 2450 milites
680 2421 777 2449 simul
805 2427 861 2449 ac-

59 2470 225 2503 cedentes,
274 2471 303 2495 et
346 2467 500 2495 cornibus
539 2471 569 2496 et
604 2466 690 2495 tubis
732 2466 862 2502 signum

60 2516 168 2543 datum
193 2521 266 2542 esse
291 2513 378 2541 belli.

107 2568 182 2599 618.
210 2566 360 2610 refugit,
390 2573 528 2606 recusat,
560 2573 594 2597 ut
620 2566 650 2606 2,
683 2566 720 2596 12
747 2574 777 2597 et
799 2567 862 2606 su-

58 2614 114 2658 git
140 2614 179 2654 9,
209 2614 286 2643 200.

105 2671 181 2702 619.
211 2669 330 2702 Foeda
362 2671 545 2700 ministeria
580 2678 621 2699 ex
646 2670 757 2698 Latini
791 2670 861 2705 opi-

59 2720 173 2755 nione,
202 2719 285 2754 quod
310 2719 432 2746 bellum
458 2717 616 2745 iniustum
641 2720 799 2745 movetur.

106 2774 183 2804 620.
215 2772 359 2815 Regina
378 2790 423 2793 -
446 2769 622 2802 Saturnia
645 2772 685 2802 cf.
714 2769 748 2810 1,
777 2769 830 2801 44.

105 2829 181 2861 622.
213 2829 368 2871 Rumpit,
385 2830 480 2866 quasi
498 2830 587 2864 ipsos
601 2829 750 2859 cardines
769 2831 860 2858 evel-

59 2879 116 2906 lat.
146 2893 183 2897 —-
211 2874 342 2916 rumpit
368 2879 420 2906 Mc
444 2880 472 2905 et
505 2876 540 2904 in
563 2877 604 2914 ’γὴ
631 2875 673 2903 iis
707 2883 859 2910 compen-

60 2923 124 2952 diis
147 2923 276 2952 librarii
301 2926 446 2960 utuntur,
481 2926 515 2950 ut
543 2921 629 2950 idem
653 2921 857 2951 intellexisse

60 2968 241 2998 videantur.
272 2984 310 2989 —-
339 2966 434 3009 rupit
458 2969 521 2996 FP.
546 2967 586 2997 cf.
616 2965 651 3005 2,
679 2964 754 2995 ⁴66.

865 832 967 873 pars
1001 818 1161 860 arduus
1199 815 1300 858 altis

960 957 1037 988 623.
1064 956 1164 988 ardet
1198 960 1258 987 etc.
1292 957 1369 986 belli
1399 957 1573 992 cupiditate
1602 958 1713 994 flagrat

914 1011 983 1040 post
1012 1007 1143 1041 longam
1169 1011 1292 1039 pacem.

959 1049 1035 1078 624.
1060 1058 1146 1089 pars
1173 1046 1308 1077 arduus
1337 1044 1422 1076 altis
1446 1044 1716 1087 pulverulentus

912 1094 1009 1135 equis
1036 1093 1152 1133 furit:
1206 1090 1348 1121 Arduus
1377 1101 1448 1121 cuin
1489 1090 1574 1121 altis
1605 1092 1713 1132 equis,

909 1139 1178 1180 pulverulentus
1211 1147 1284 1167 cuin
1316 1140 1414 1167 verbo
1442 1136 1540 1174 furit
1576 1138 1713 1174 iungen-

911 1188 986 1215 dum
1014 1190 1073 1214 est.
1123 1185 1170 1215 Cf.
1201 1183 1238 1221 3,
1264 1182 1318 1212 70.
1367 1185 1423 1212 Est
1455 1187 1562 1212 tamen
1593 1186 1652 1213 lioc
1679 1186 1714 1213 in

911 1235 981 1261 loco
1005 1232 1133 1267 aliquid
1158 1232 1339 1268 soloecuni3
1372 1237 1446 1258 nam
1481 1226 1511 1257 si
1538 1237 1625 1268 pars
1647 1238 1714 1269 pe-

913 1276 983 1306 des
1017 1276 1067 1306 ire
1096 1278 1203 1316 parat
1233 1276 1385 1313 ferimus,
1427 1282 1512 1314 pars
1549 1272 1714 1305 arduus

905 1321 1002 1362 furit
1034 1324 1106 1351 sine
1133 1323 1282 1357 exemplo
1307 1325 1356 1350 est
1387 1324 1414 1349 et
1443 1320 1502 1348 vix
1527 1319 1712 1357 ferenduni;

908 1378 1011 1404 neque
1053 1369 1139 1397 enim
1188 1365 1324 1396 arduus
1367 1370 1415 1395 est
1456 1367 1711 1396 substantivum.

909 1417 1019 1450 Neque
1058 1419 1166 1443 tamen
1206 1420 1292 1453 pars
1328 1410 1444 1441 ardua
1489 1413 1712 1449 laudaremus,

908 1462 1016 1497 potius
1039 1468 1126 1500 pars
1153 1455 1270 1488 ardui.
1302 1473 1340 1478 —-
1371 1457 1463 1486 Libri
1489 1458 1612 1492 aliquot
1636 1460 1714 1487 dant

914 1505 1012 1536 Mars
1038 1503 1173 1534 arduus
1195 1508 1224 1533 et
1242 1501 1295 1533 Ml
1321 1501 1456 1533 arduus
1481 1502 1580 1532 artis.
1623 1505 1713 1533 Nihil

909 1557 957 1582 est
985 1556 1153 1587 praeterea
1170 1554 1326 1579 notatum.
1365 1549 1540 1578 Facillinia
1558 1553 1606 1578 est
1629 1551 1712 1579 ratio

910 1596 1008 1638 cquis
1040 1602 1165 1627 inutare
1190 1597 1224 1624 in
1257 1603 1381 1635 eques‚·
1414 1596 1471 1624 sed
1494 1599 1594 1624 restat
1617 1593 1712 1633 altis,

909 1645 992 1679 quod
1017 1652 1096 1673 voce
1119 1639 1253 1681 campis
1273 1642 1419 1670 iunctum
1440 1649 1502 1669 non
1522 1643 1619 1670 habet
1637 1650 1712 1670 sen-

909 1698 983 1719 sum
1015 1690 1097 1718 satis
1131 1690 1291 1717 idoneum.
1347 1684 1402 1716 Gt.
1434 1686 1517 1715 coni.
1553 1684 1589 1716 P.
1620 1695 1654 1726 p.
1688 1684 1710 1716 i.

906 1737 1033 1775 param·
1070 1732 1205 1773 campis
1222 1741 1310 1773 pars
1334 1729 1451 1761 ardua
1475 1729 1561 1760 latis
1587 1729 1712 1762 Pulve-

908 1779 1069 1810 rulenms
1101 1787 1204 1819 eques
1232 1775 1338 1816 Juri't.
1395 1774 1445 1806 Pl.
1478 1778 1561 1806 coni.
1589 1782 1617 1806 et
1645 1775 1712 1807 Hic

906 1825 1013 1866 pedes
1039 1825 1088 1855 ire
1111 1826 1241 1864 purat‚·
1266 1819 1400 1863 campis
1425 1819 1486 1851 ille
1504 1820 1638 1852 arduus
1659 1821 1713 1851 al-

909 1870 954 1902 tis
976 1895 1004 1901 ..
1031 1876 1061 1901 et
1094 1868 1181 1900 Pars
1205 1867 1312 1909 perles
1343 1867 1393 1897 ire
1415 1870 1546 1907 parat3
1577 1866 1712 1908 campis

907 1926 993 1958 pars
1025 1915 1121 1946 altus
1148 1912 1282 1955 apertis
1311 1911 1584 1943 pulverulentus
1610 1922 1714 1954 eques

905 1961 1010 2002 furit.
1060 1964 1179 1992 Probat
1201 1962 1298 1990 etiarn
1321 1957 1405 1988 altis
1430 1957 1564 2000 campis
1587 1960 1616 1989 si
1638 1960 1711 1995 quis

910 2010 991 2038 velit
1009 2009 1151 2044 iungere.
1189 2008 1292 2041 Quum
1313 2005 1493 2041 praeferam
1511 2003 1597 2035 altis
1614 2003 1712 2045 equis

911 2055 1059 2091 iungere,
1087 2054 1233 2082 desidero
1256 2052 1387 2086 aliquod
1411 2059 1542 2087 nonien,
1569 2059 1630 2086 quo
1653 2059 1712 2080 ar-

912 2097 1005 2127 duus
1030 2099 1133 2133 possit
1160 2098 1262 2133 iuiigi,
1287 2101 1317 2126 et
1339 2094 1473 2135 campis
1496 2097 1553 2125 uni
1572 2097 1712 2126 alterive

912 2144 1074 2173 adiectum
1098 2152 1161 2171 non
1190 2145 1292 2171 habeo
1320 2142 1552 2170 necessarium.
1602 2144 1712 2176 Neque

912 2194 1019 2218 tamen
1054 2191 1113 2217 hoc
1145 2190 1215 2216 loco
1248 2187 1454 2215 librariorum
1487 2187 1630 2221 aliquem
1657 2194 1711 2215 ar-

911 2236 1010 2264 bitror
1044 2237 1142 2263 latere
1166 2240 1323 2269 errorem,
1360 2232 1416 2260 sed
1441 2232 1548 2266 ipsum
1573 2236 1710 2268 poetam,

911 2289 1008 2316 qutun
1036 2284 1104 2315 post
1123 2288 1154 2307 v.
1172 2277 1279 2318 perles
1302 2277 1455 2314 cogitaret
1473 2278 1589 2306 addere
1608 2285 1711 2316 eques

908 2328 990 2361 quod
1019 2330 1132 2361 postea
1162 2324 1336 2353 consilium
1374 2323 1533 2356 mutavit,
1575 2323 1711 2352 arduus

908 2372 1085 2407 scripsisse
1103 2369 1297 2406 putaverim.
1341 2370 1412 2397 Non
1428 2368 1607 2396 defenditur
1623 2376 1711 2407 pars

909 2415 1046 2446 arduus
1084 2417 1209 2446 ratione
1243 2415 1341 2451 XVgri
1376 2414 1449 2449 qui:
1502 2410 1590 2450 „624
1625 2422 1711 2453 pars

909 2461 1056 2498 arduno,
1082 2462 1113 2497 5,
1143 2459 1204 2489 108
1228 2468 1314 2499 pars
1339 2461 1370 2489 et
1396 2461 1529 2489 certare
1553 2456 1710 2498 parctti.“

909 2511 1002 2538 Meae
1025 2508 1144 2538 rationi
1169 2506 1347 2536 assentitur
1375 2502 1439 2533 Ld.
1489 2506 1576 2533 Ideni
1603 2508 1710 2533 tamen

909 2556 1055 2589 sequitur
1081 2553 1274 2585 RlJeckiuni,
1309 2551 1364 2586 qui
1389 2558 1507 2579 versus
1534 2548 1599 2578 62⁴
1615 2548 1709 2578 —27

911 2606 981 2635 post
1008 2609 1038 2629 v.
1069 2598 1132 2627 623
1160 2600 1306 2627 sublatos
1339 2596 1502 2625 transtulit
1533 2599 1606 2630 post.
1632 2593 1709 2633 637,

908 2651 937 2675 et
975 2647 1019 2674 ’1111
1055 2646 1180 2680 positos
1213 2643 1310 2671 eiicit.
1376 2638 1426 2669 Pl.
1459 2641 1557 2670 etiam
1589 2649 1710 2670 versus

909 2692 1042 2727 disiicit,
1071 2696 1104 2720 ut
1125 2688 1197 2721 leb„
1221 2690 1276 2717 sed
1293 2688 1400 2722 aliter,
1427 2694 1501 2716 naui
1517 2694 1577 2716 suo
1598 2688 1711 2717 ordine

908 2739 1023 2767 retinet
1051 2745 1082 2765 v.
1110 2734 1256 2763 623-5
1288 2738 1316 2762 et
1352 2733 1426 2761 inde
1459 2733 1548 2768 ponit
1573 2730 1626 2762 28.
1656 2731 1708 2761 26.

908 2782 961 2812 27.
991 2781 1042 2811 32.
1068 2780 1120 2810 33.
1150 2778 1201 2809 34.
1229 2778 1282 2808 35.
1309 2777 1362 2806 36.
1389 2775 1443 2806 29.
1468 2776 1520 2806 30.
1548 2776 1601 2807 37.
1648 2779 1710 2807 His

906 2829 1076 2859 conatibus
1102 2834 1184 2862 opus
1202 2834 1265 2854 non
1289 2828 1355 2859 est3
1379 2825 1465 2858 apud
1482 2824 1616 2861 Vglium
1634 2825 1710 2853 ordo

905 2879 952 2904 est
976 2875 1045 2904 hic:
1092 2872 1248 2908 Aperitur
1270 2871 1433 2906 templum,
1463 2871 1624 2899 excitatur
1639 2870 1710 2898 Au-

905 2921 1002 2950 sonia
1032 2917 1116 2955 6233
1156 2918 1264 2952 itaque
1299 2920 1329 2944 et
1363 2915 1487 2950 pedites
1522 2919 1552 2944 et
1584 2915 1710 2950 equites

905 2966 1065 3002 arripiunt
1091 2971 1200 3001 arina,
1230 2965 1370 3000 tergent,
1403 2964 1539 2999 acuunt3
1571 2960 1710 2990 afferun—

1370 3006 1436 3049 24
