2023 3350
732 81 968 116 AENEIDOS
994 85 1080 117 LIB.
1107 86 1168 119 ix.

1698 95 1781 134 449

122 194 386 237 Dissimilem
420 193 630 249 arguerit3
668 197 857 248 tantum,
895 195 1071 239 fortuna
1109 199 1301 242 secunda

123 253 210 294 Aut
255 252 436 295 adversa
473 252 613 293 cadat.

675 252 760 294 Sed
797 257 841 295 te
880 268 1011 309 super
1049 257 1195 298 omnia
1229 257 1344 301 dona

122 310 265 351 Unum
304 324 398 352 oro:
438 310 635 363 genetrix
673 310 836 352 Priami
869 311 922 354 de
961 317 1088 367 gente
1129 317 1301 357 vetusta

122 367 202 408 Est
236 367 361 419 mihi,
402 381 531 421 quam
564 367 768 410 miseram
807 370 947 412 tenuit
984 384 1070 412 non
1111 371 1194 414 Ilia
1229 372 1359 414 tellus

74 426 86 440 ²
121 424 290 466 Mecum
327 424 618 477 excedentem,
656 439 743 468 non
775 428 945 470 moenia
975 428 1090 482 regis
1127 429 1325 472 Acestae.

120 481 243 524 Hanc
275 495 353 536 ego
380 495 492 523 nunc
530 483 730 537 ignaram
767 483 894 526 huius
930 485 1217 540 quodcunque
1252 487 1406 541 pericli
1441 490 1506 530 est

118 540 254 593 Inque
290 539 526 581 salutatam
561 541 731 595 linquo,
770 541 887 594 Nox,
924 546 967 584 et
1002 546 1079 584 tua
1116 544 1242 586 testis

118 597 324 649 Dextera,
365 597 482 651 quod
517 611 732 652 nequeam
766 599 969 642 lacrimas
1006 600 1200 654 perferre
1235 602 1443 655 parentis.

116 655 175 695 At
206 657 271 707 tu,
310 668 408 707 oro,
449 655 593 698 solare
625 656 816 711 inopem,
848 661 891 699 et
923 671 1127 700 succurre
1166 658 1357 701 relictae.

1693 662 1777 700 ‘290

117 711 241 753 Hanc
275 712 367 754 sine
403 727 471 755 me
507 727 627 767 spem
666 714 782 756 ferre
813 714 898 756 tui:
937 715 1166 757 audentior
1205 715 1277 759 ibo

115 769 166 810 In
201 783 326 811 casus
371 783 530 812 omnes.

589 771 800 814 Percussa
838 776 982 814 mente
1015 772 1173 815 dedere

115 826 396 870 Dardanidae
433 828 654 881 lacrimas3
693 833 796 871 ante
834 843 981 872 omnes
1018 830 1200 884 pulcher
1233 829 1364 881 Iulus,

114 885 257 937 Atque
293 886 484 927 animum
524 887 695 941 patriae
734 887 911 929 strinxit
951 887 1130 943 pietatis
1161 888 1319 942 imagO.

115 942 223 983 Tum
251 942 312 984 sic
342 942 517 985 effatur:

1692 949 1773 986 295

115 999 290 1053 Sponde
328 1000 460 1055 digna
499 1000 587 1042 tuis
624 1000 874 1055 ingentibus
914 1000 1060 1043 onmia
1097 1001 1273 1055 coeptis.

114 1057 313 1111 Namque
355 1058 438 1100 erit
474 1059 560 1100 ista
597 1058 703 1100 mihi
742 1058 961 1112 genetriX,
995 1072 1237 1112 nomenque
1274 1057 1460 1100 Creusae

116 1115 266 1156 Solum
306 1115 512 1168 defuerit,
550 1130 629 1157 nec
667 1120 844 1170 partum
885 1116 1028 1169 gratia
1063 1116 1195 1157 talem

112 1172 253 1216 Parva
289 1177 445 1216 manet.

111 1285 242 1321 dignum
270 1293 320 1314 me
339 1293 460 1322 geram.
481 1300 518 1304 —
542 1280 705 1325 arguerit
732 1284 766 1312 in
786 1286 918 1313 senten-

111 1331 157 1359 tia
181 1335 269 1360 certa
292 1339 349 1366 pro
371 1331 478 1360 futuro
493 1330 532 1360 cf.
560 1328 590 1367 6,
615 1328 670 1359 89.
700 1345 737 1349 -
759 1327 918 1368 sortibus

111 1375 210 1405 ausis
234 1377 273 1407 cf.
303 1374 362 1413 12,
391 1374 468 1405 351.

157 1420 232 1451 282.
260 1424 415 1451 tantum.-
456 1422 595 1450 'rantum
628 1421 666 1449 de
703 1428 753 1450 me
782 1427 916 1455 possum

110 1468 312 1505 promittere,
350 1468 482 1496 fortuna
515 1467 658 1495 secunda
685 1470 741 1495 aut
772 1468 917 1495 adversa

109 1515 222 1551 cadat,
262 1521 389 1548 semper
418 1521 469 1542 me
502 1512 568 1541 fore
603 1512 724 1541 fortem.
759 1527 796 1531 —
827 1508 916 1542 haut

109 1560 217 1595 MPR;
252 1566 335 1594 quae
366 1559 469 1588 forma
498 1558 630 1587 dubium
662 1562 710 1586 est
743 1558 828 1586 sitne
853 1559 916 1586 aut

109 1611 151 1634 an
168 1602 283 1642 haud,
315 1606 397 1640 quod
424 1605 573 1634 nonnulli
604 1604 769 1639 acciplunt
800 1607 831 1632 et
857 1612 916 1633 ex-

108 1651 249 1686 plicant:
286 1652 414 1680 Fortem
438 1659 489 1680 me
515 1650 725 1687 praestitero,
758 1651 850 1678 modo
874 1658 914 1678 ne

109 1697 253 1735 fortuna,
287 1704 370 1732 quae
397 1705 483 1726 nunc
508 1697 655 1725 secunda
679 1700 747 1733 est,
780 1696 832 1724 fiat
856 1696 914 1724 ad-

108 1750 218 1772 versa.
266 1743 423 1778 Equidem
464 1742 575 1771 nescio
623 1749 720 1777 quam
752 1741 913 1770 fortunam

107 1789 286 1818 secundam
310 1789 514 1826 intelligant,
541 1795 624 1823 quae
648 1796 687 1816 ne
700 1789 843 1817 adversa
861 1787 914 1816 fiat

107 1838 229 1863 metuat
275 1836 454 1870 Euryalus.
528 1834 643 1862 Potius
693 1834 912 1868 explicarem:

108 1881 201 1909 Modo
219 1880 349 1909 fortuna
368 1881 523 1917 secunda,
551 1888 616 1908 non
637 1880 782 1908 adversa
807 1880 911 1908 cadat.

108 1926 246 1955 Servius
272 1927 338 1955 iam
367 1930 397 1956 et
430 1923 528 1954 haud
558 1929 587 1954 et
622 1926 684 1954 aut
713 1925 912 1960 explicatum

107 1973 245 2009 invenit,
270 1975 330 2002 hoc
347 1972 496 2007 probavit
520 1975 550 2000 et
569 1971 769 2006 explicavit:
803 1972 914 2007 „Tan-

107 2019 269 2047 tummodo
304 2021 365 2048 hoc
392 2025 526 2053 possum
558 2018 596 2046 de
636 2025 686 2046 me
716 2017 912 2054 promittere,

106 2068 141 2092 ut
174 2063 265 2099 (sic)
299 2072 426 2100 semper
463 2063 565 2092 velim
607 2062 731 2091 fortiter
770 2060 911 2092 facere.“

105 2107 203 2138 haud
226 2107 265 2149 yt
296 2112 359 2139 aut
385 2108 478 2149 y2bc.
506 2106 555 2137 ΡΙ.
581 2109 663 2138 coni.
692 2105 749 2137 Me
772 2117 806 2136 n.
826 2105 859 2137 d.
887 2110 911 2138 t.

100 2153 134 2193 f.
151 2163 183 2184 a.
204 2152 246 2184 D.
267 2152 431 2196 arguerit
459 2155 512 2190 (at
528 2159 662 2183 metrum
676 2154 710 2189 ?)
741 2161 910 2194 unquam,

103 2199 134 2237 f.
160 2209 186 2228 s.
221 2199 260 2230 A.
286 2209 319 2230 a.
344 2209 370 2230 c.
388 2217 432 2220 —
463 2198 533 2229 Μυ.
560 2200 642 2229 coni.
661 2197 774 2229 cadet.

153 2243 230 2274 283.
256 2254 360 2286 super
386 2243 505 2276 omnia
529 2243 623 2274 (lona
655 2247 764 2283 „ultra
790 2245 910 2282 omnia,

106 2291 214 2328 magis
245 2299 342 2327 quam
371 2293 498 2327 omnia;
532 2292 660 2327 proprie
692 2292 779 2320 enim
811 2299 909 2326 super

106 2338 138 2366 id
163 2335 347 2374 εἰξςιιίίὶοειῑιι
371 2340 402 2367 S.
431 2338 470 2367 cf.
497 2335 528 2375 7,
556 2335 632 2366 ⁴62.

153 2381 229 2411 284.
262 2380 394 2412 Priami
440 2380 482 2412 de
525 2384 653 2424 gente.-
701 2383 910 2413 Commendat

106 2433 242 2458 matrem
269 2437 311 2457 ex
331 2429 531 2465 cognatione.

153 2472 228 2502 285.
255 2471 430 2512 miseram,
455 2475 507 2504 cui
528 2474 610 2503 talia
626 2474 817 2509 perferenda
838 2474 910 2503 fue-

106 2524 180 2550 runt
201 2524 231 2548 et
254 2519 394 2549 fortasse
423 2524 515 2549 erunt
540 2520 578 2549 cf.
607 2529 640 2548 v.
668 2517 744 2548 216.
773 2535 811 2540 —-
839 2528 909 2548 non

111 2564 179 2595 Ilia
211 2562 335 2594 tellus.-
377 2567 491 2600 Itaque
530 2570 755 2594 remanserunt
796 2567 908 2601 plures

105 2612 239 2641 Troiani
264 2612 298 2639 in
319 2611 437 2639 Troiae
461 2611 622 2646 reliquiiS.

151 2655 228 2686 286.
254 2664 386 2685 mecum
427 2653 644 2685 excedentem
681 2656 703 2684 i.
742 2664 768 2684 e.
810 2664 908 2690 quum

104 2705 206 2734 vellet
231 2703 387 2731 excedere
412 2709 554 2738 mecum,
580 2701 619 2730 cf.
646 2697 680 2737 l,
706 2699 782 2730 305.

151 2746 228 2778 289.
255 2749 367 2782 Itaque
387 2754 464 2783 prae
489 2754 597 2776 amore
621 2747 737 2775 matris
763 2754 826 2775 non
853 2755 908 2781 po-

104 2798 166 2825 test
188 2795 272 2824 ferre
293 2794 460 2823 lacrimas.
490 2809 527 2812 —
550 2792 677 2826 Linquo
694 2791 908 2822 insalutatam

105 2845 241 2870 matrem
267 2846 389 2877 meam,
422 2840 504 2874 quod
531 2837 644 2867 matris
665 2838 821 2866 lacrimas
850 2846 908 2866 ne-

105 2893 220 2922 queam
247 2885 398 2922 perferre,
425 2885 520 2915 cuius
544 2884 591 2912 rei
623 2891 687 2911 nox
714 2886 743 2911 et
768 2886 801 2911 tu
835 2883 906 2917 ipse

105 2932 198 2961 testis
220 2932 304 2966 eris;
336 2939 400 2959 non
425 2934 473 2960 est
498 2926 590 2970 quod
612 2929 810 2965 iungendum
834 2936 908 2958 cum

106 2974 222 3016 testis,
246 2977 329 3012 quod
349 2976 424 3006 fecit
457 2973 543 3016 Wg.

509 1174 644 1217 Casus
681 1173 846 1215 factum
886 1174 1133 1228 quicunque
1168 1175 1414 1227 sequentur,

1010 1280 1088 1312 292.
1118 1280 1287 1313 lacrimas
1314 1279 1442 1312 dedere
1466 1282 1505 1312 cf.
1532 1280 1568 1316 2,
1596 1280 1673 1311 698.

1009 1327 1087 1358 293.
1112 1327 1279 1369 pulcher:
1323 1330 1562 1365 „Incongruum
1609 1329 1771 1363 epitheton

962 1375 1216 1409 pulchritudinis
1234 1374 1354 1412 posuit,
1378 1382 1477 1408 quum
1504 1382 1556 1403 res
1583 1374 1626 1402 sit
1651 1375 1683 1402 in
1710 1376 1771 1402 hoc

961 1422 1033 1450 loco
1059 1419 1265 1457 religionis.“
1291 1422 1322 1448 S.
1373 1419 1421 1449 Cf.
1454 1416 1516 1457 11,
1544 1417 1621 1448 213.

1008 1464 1084 1495 294.
1112 1463 1256 1496 strinxit
1281 1469 1357 1495 etc.:
1405 1466 1512 1494 Movit
1542 1473 1615 1494 eum
1639 1465 1672 1493 in
1703 1465 1770 1494 aiio

960 1512 1068 1549 imago
1094 1513 1167 1541 eius
1190 1512 1339 1547 pietatis,
1370 1517 1436 1546 qua
1460 1511 1531 1546 ipse
1555 1511 1719 1540 ferebatur
1737 1512 1770 1539 in

961 1562 1095 1593 patrem.
1146 1558 1201 1588 Sic
1226 1556 1265 1594 2,
1300 1555 1366 1585 560
1392 1557 1499 1593 imago
1533 1558 1703 1586 Anchisae
1735 1557 1767 1585 in

961 1604 1093 1633 Priamo
1119 1605 1205 1633 subit
1235 1605 1393 1633 Aeneam.
1443 1604 1530 1632 Idem
1556 1603 1623 1632 fere
1650 1611 1770 1632 versus

959 1650 1079 1686 legitur
1108 1648 1161 1687 to,
1187 1648 1266 1679 82⁴.
1316 1651 1410 1678 Hunc
1433 1656 1569 1678 versum
1595 1650 1679 1678 delet
1705 1645 1770 1683 Pl„

961 1697 1037 1725 dum
1082 1697 1237 1725 adhaeret
1275 1695 1552 1730 explicationibus
1590 1694 1769 1729 perversis,

960 1749 1042 1776 quas
1063 1750 1162 1777 quum
1186 1745 1272 1771 recte
1289 1741 1518 1778 improbasset,
1543 1740 1667 1777 statim,
1690 1744 1766 1768 ante

960 1794 1058 1822 quam
1090 1790 1258 1822 quaereret
1295 1786 1478 1821 meliorem,
1517 1786 1628 1814 omnia
1661 1777 1766 1814 eiecit.

959 1835 1007 1861 Ea
1031 1838 1137 1862 tamen
1154 1835 1185 1861 h.
1212 1834 1233 1861 l.
1251 1831 1427 1866 adscripsit
1444 1832 1482 1860 de
1504 1835 1599 1865 poeta
1614 1830 1768 1867 Virgilio,

959 1886 1043 1913 quae
1061 1879 1197 1914 saepius
1213 1878 1387 1913 repetenda
1404 1877 1569 1913 existimo,
1594 1881 1659 1905 tam
1685 1883 1769 1905 vera

959 1927 1040 1954 haec
1070 1928 1162 1953 sunt:
1212 1923 1398 1961 „Virgilius
1423 1926 1525 1952 artem
1556 1930 1621 1950 non
1656 1922 1768 1950 omnia

959 1971 1086 2000 dicendi
1108 1972 1206 2005 probe
1238 1969 1452 2005 intelligebat.
1498 1969 1605 1997 Multa
1630 1968 1768 2004 legenti—

958 2019 1019 2045 bus
1047 2017 1230 2051 supplenda
1260 2015 1431 2049 relinquit,
1468 2014 1525 2049 qui
1559 2013 1589 2042 si
1615 2015 1768 2049 supplere

961 2063 1078 2099 sciant,
1101 2066 1189 2091 tanto
1205 2061 1269 2090 sibi
1292 2060 1455 2089 feliciores
1476 2063 1506 2088 et
1529 2059 1689 2088 doctiores
1715 2059 1767 2088 vi-

959 2109 1082 2137 dentur.
1132 2107 1251 2143 Optimi
1268 2110 1398 2135 veteres
1424 2105 1584 2134 rationem
1598 2105 1766 2134 hominum

956 2154 1209 2183 inescandorum
1240 2155 1409 2188 tenebant,
1444 2151 1656 2184 sciebamque
1686 2151 1767 2179 illud

957 2196 1113 2239 sapienti
1137 2200 1193 2228 sat
1219 2206 1283 2227 non
1308 2198 1400 2226 modo
1421 2196 1455 2224 in
1481 2196 1551 2230 ipso
1578 2196 1667 2225 vitae
1694 2204 1766 2232 usu,

957 2246 1013 2275 sed
1039 2246 1137 2274 etiam
1154 2245 1187 2273 iu
1212 2244 1303 2279 poesi
1330 2243 1445 2280 ingens
1464 2249 1537 2271 esse
1564 2242 1765 2270 delenimen-

956 2288 1057 2320 tumf‘

1004 2334 1080 2364 296.
1108 2332 1239 2375 sponde
1259 2334 1279 2362 i.
1303 2342 1329 2363 e.
1352 2332 1501 2369 promitte
1525 2332 1593 2370 tihi,
1614 2336 1760 2367 expecta.

957 2382 1024 2412 Cic.
1051 2383 1141 2410 Fam.
1172 2379 1231 2418 15,
1266 2377 1305 2407 21
1339 2377 1439 2418 Quod
1468 2386 1534 2420 ego
1563 2386 1633 2407 non
1664 2376 1765 2406 modo

956 2425 998 2457 de
1025 2435 1077 2456 me
1116 2423 1180 2456 tibi
1222 2422 1394 2464 spondere
1434 2432 1596 2464 possum,
1632 2421 1692 2451 sed
1723 2421 1766 2452 de

958 2475 991 2502 te
1028 2470 1135 2502 etiam
1171 2468 1269 2500 mihi.
1322 2471 1385 2499 Sed
1416 2469 1472 2504 qui
1505 2469 1636 2498 affertur
1673 2470 1765 2498 locus

956 2519 1039 2547 nihil
1070 2520 1176 2553 docet,
1214 2524 1313 2551 quum
1344 2513 1387 2544 de
1417 2522 1470 2544 ‘me
1499 2512 1564 2543 tibi
1594 2513 1765 2554 spondere

956 2563 1175 2599 praecesserit
1198 2562 1311 2598 alteri,
1343 2564 1377 2589 ut
1403 2561 1496 2589 modo
1526 2561 1602 2589 leve
1625 2567 1765 2596 zeugma

953 2618 1028 2639 esse
1049 2609 1161 2644 possit.
1212 2609 1273 2636 Sed
1292 2607 1398 2636 firmat
1411 2606 1486 2634 Liv.
1513 2603 1567 2643 28,
1593 2603 1636 2633 38
1660 2613 1764 2645 spon-

954 2653 1084 2684 debant
1112 2650 1260 2690 animis,
1294 2649 1440 2686 bellum,
1476 2649 1570 2690 quod
1601 2648 1764 2688 instaret,

957 2697 994 2729 P.
1026 2696 1224 2730 Corneliam
1246 2695 1450 2736 finiturum.
1499 2697 1578 2725 Iust.
1607 2694 1637 2734 3,
1664 2693 1695 2725 4.
1722 2711 1759 2716 ——

955 2742 1109 2785 spondeo
1131 2745 1209 2773 olim
1230 2744 1322 2779 vulg.
1351 2743 1384 2770 in
1401 2742 1479 2770 Edd.
1502 2746 1550 2770 est
1569 2746 1681 2771 contra
1695 2749 1763 2771 me-

955 2796 1049 2828 trum,
1070 2798 1176 2824 neque
1200 2790 1336 2824 quadrat
1358 2794 1498 2822 sequens
1530 2795 1624 2815 nam.

1001 2834 1078 2864 298.
1104 2836 1247 2874 partum
1280 2831 1406 2874 gratia
1436 2835 1517 2862 etc.:
1558 2833 1681 2868 „Debet
1720 2835 1761 2861 ab

955 2882 1104 2911 omnihus
1131 2880 1215 2917 coli,
1240 2887 1323 2914 quae
1349 2879 1446 2907 talem
1472 2876 1630 2907 creaviff‘
1657 2880 1690 2906 S.

1001 2925 1078 2955 299.
1105 2927 1223 2954 manet
1247 2925 1286 2953 cf.
1320 2922 1358 2961 2,
1393 2921 1468 2951 194.
1498 2938 1535 2943 —
1571 2924 1762 2964 sequentur

954 2973 1057 3002 MPR.
1108 2972 1255 3000 Postulat
1298 2974 1477 3004 temporum
1510 2968 1611 3005 ratio,
1661 2977 1760 3004 quum

1418 3012 1486 3057 29
