2023 3350
315 92 398 131 (110

872 89 909 119 Ι).
940 88 1134 121 VIRGILH
1165 89 1376 123 MARONIS

317 204 356 244 It
392 213 506 242 marc
541 211 617 252 per
649 196 854 248 medium3
892 199 1078 249 miseris,
1110 199 1213 251 heu,
1254 201 1447 254 praescia
1482 201 1607 254 longe

318 259 578 300 Horrescunt
613 255 746 296 corda
783 255 1006 308 agricolis3
1044 255 1165 297 dabit
1196 257 1268 298 ille
1303 259 1448 299 ruinas

318 313 570 361 Arboribus,
610 316 881 365 stragemque
914 312 1039 363 satis,
1078 316 1173 353 ruet
1206 315 1347 356 omnia
1384 316 1496 366 late3

319 373 427 412 Ante
459 369 605 410 volant
641 369 911 422 sonitumque
948 369 1091 410 ferunt
1130 368 1185 409 ad
1221 369 1352 411 litora
1391 373 1528 413 venti:

1850 372 1932 413 455

318 427 432 467 Talis
469 426 512 467 in
551 425 750 467 adversos
788 426 942 467 ductor
980 426 1205 467 Rhoeteius
1239 426 1383 468 hostes

320 486 481 536 Agmen
518 483 628 536 agit;
667 483 785 524 densi
824 483 966 524 cuneis
1001 497 1044 524 se
1077 483 1256 536 quisque
1293 485 1451 526 coactis

320 540 637 593 Adglomerant.

695 541 812 581 Ferit
846 554 943 582 ense
978 554 1148 593 gravem
1175 539 1470 594 (shymbraeus
1502 542 1667 592 Osirim,

321 598 567 639 Archetium
604 597 869 649 Mnestheus,
907 597 1143 651 Epulonem
1178 597 1408 638 obtruncat
1446 598 1642 650 Achates,

321 654 602 707 Ufentemque
641 654 775 709 Gyas:
817 654 933 696 cadit
968 656 1059 709 ipse
1098 655 1346 696 Tolumnius
1380 668 1527 708 augur,

1856 656 1939 695 460

321 713 485 754 Primus
524 713 568 754 in
601 711 800 754 adversos
830 712 962 754 telum
995 713 1067 766 qui
1106 716 1294 753 torserat
1331 711 1485 753 hostes.

322 770 503 811 Tollitur
535 769 580 810 in
616 770 780 811 caelum
816 770 996 821 clamor,
1034 769 1230 823 versique
1266 769 1449 810 vicissim

322 826 626 868 Pulverulenta
659 826 762 880 fuga
801 827 949 868 Rutuli
984 827 1087 868 dant
1118 830 1242 879 terga
1277 840 1354 880 per
1393 840 1531 879 agros.

322 884 419 938 Ipse
454 898 589 937 neque
626 898 798 925 aversos
839 884 1041 937 dignatur
1079 887 1268 926 sternere
1299 884 1448 935 morti,

323 942 410 983 Nec
444 942 551 994 pede
584 955 832 995 congressos
866 955 1021 995 aequo,
1054 955 1131 982 nec
1170 940 1257 982 tela
1295 941 1478 982 ferentes

1861 941 1943 980 465

326 999 585 1052 Insequitur3
629 1000 765 1040 solum
802 999 932 1041 densa
969 1000 1012 1040 in
1050 999 1231 1052 caligine
1274 998 1460 1040 Turnum

327 1057 520 1110 Vestigat
560 1057 765 1107 lustrans,
805 1057 942 1098 solum
979 1057 1023 1097 in
1059 1056 1291 1097 certamina
1324 1056 1472 1109 poscit.

325 1114 417 1156 Hoc
456 1128 662 1155 concussa
698 1117 814 1156 metu
845 1118 1030 1156 mentem
1067 1114 1247 1155 Iuturna
1284 1114 1430 1167 virago

326 1171 526 1225 Aurigam
567 1171 699 1212 Turni
736 1171 877 1213 media
912 1172 1025 1213 inter
1067 1171 1163 1212 lora
1195 1171 1418 1212 Metiscum

327 1229 501 1270 Excutit
539 1232 581 1270 et
608 1229 734 1282 longe
768 1229 937 1282 lapsum
972 1233 1139 1270 temone
1177 1228 1399 1282 relinquit3

1863 1226 1946 1266 470

326 1287 427 1340 Ipsa
465 1286 580 1328 subit
611 1286 890 1340 manibusque
921 1286 1131 1327 undantes
1170 1285 1305 1327 flectit
1343 1284 1544 1335 habenas,

329 1343 492 1386 Cuncta
529 1357 698 1396 gerens,
734 1358 963 1397 vocemque
1003 1348 1044 1385 et
1078 1357 1230 1396 corpus
1270 1346 1312 1384 et
1348 1356 1469 1384 arma
1501 1340 1678 1383 Metisci.

328 1402 462 1454 Nigra
497 1401 612 1442 velut
650 1415 826 1453 magnas
862 1401 1020 1442 domini
1058 1415 1188 1454 quum
1224 1400 1366 1441 divitis
1401 1399 1526 1441 aedes

328 1458 528 1500 Pervolat
567 1462 609 1499 et
644 1459 794 1511 pennis
833 1459 922 1499 alta
959 1458 1070 1499 atria
1105 1459 1262 1499 lustrat
1298 1457 1494 1508 hirundo,

331 1622 364 1649 in
390 1623 511 1649 hostem
544 1621 696 1656 impetum
721 1621 851 1650 faciunt.
900 1622 989 1650 Nihil
1013 1626 1061 1650 est
1085 1622 1119 1650 in

331 1669 391 1695 hac
416 1667 671 1703 comparatione,
714 1668 795 1701 quod
827 1672 958 1696 ornatus
994 1672 1118 1696 tantum

330 1719 450 1741 caussa
480 1712 638 1740 adiectum
668 1712 827 1740 videatur.
881 1727 919 1731 —
971 1711 1118 1751 abrupto

331 1755 456 1786 sidere.
507 1755 615 1785 Sidus
632 1758 758 1785 omnino
782 1765 835 1791 pro
860 1761 1046 1791 tempestate
1071 1759 1119 1786 di-

331 1807 415 1831 ctum
454 1802 494 1831 cf.
537 1799 566 1837 4,
608 1800 685 1831 578.
733 1804 964 1837 Tempestatem
1009 1808 1115 1831 autem

331 1852 364 1876 ut
388 1855 445 1875 nos
470 1850 585 1876 nubem
611 1848 768 1883 dixerunt,
811 1855 893 1882 quae
923 1848 1011 1877 affert
1040 1853 1118 1877 tem-

331 1897 502 1928 pestatem;
540 1897 569 1921 et
593 1890 763 1932 abruptae
787 1896 888 1922 nubes
912 1895 1045 1927 saepius
1070 1895 1119 1922 di-

331 1943 446 1968 cuntur
485 1938 524 1967 cf.
554 1936 584 1971 2.
611 1936 685 1967 ⁴16.
735 1954 778 1958 —
824 1941 923 1968 Recte
956 1942 985 1967 11.
1012 1941 1033 1968 l.
1065 1937 1115 1968 Pl.

332 1984 489 2019 „Propria
523 1988 629 2012 autem
659 1984 851 2020 significatio
883 1985 929 2013 ita
959 1990 1117 2021 servatur,

331 2035 365 2059 ut
387 2038 450 2058 non
474 2030 582 2058 omnia
605 2031 642 2058 de
667 2028 779 2058 sidere
803 2031 905 2067 dicas,
947 2039 1029 2065 quae
1055 2031 1118 2060 dici

332 2079 465 2110 possunt
490 2076 527 2103 de
553 2079 748 2110 tempestate.
796 2077 893 2105 Recte
923 2077 1119 2113 navigamus

332 2122 463 2149 hiberno
484 2121 599 2155 sidere,
631 2121 764 2150 ferimus
790 2126 819 2150 et
853 2122 1002 2150 timemus
1028 2123 1118 2151 triste

333 2167 435 2200 sidus,
465 2167 557 2195 sidus
581 2166 692 2196 fluctus
717 2172 854 2203 asperat,
879 2168 1012 2197 similia.
1057 2169 1118 2196 Sed

332 2212 462 2244 nemini,
486 2214 602 2241 nedum
620 2213 770 2248 Virgilio,
794 2213 827 2241 in
852 2218 987 2242 mentem
1006 2214 1119 2242 venire

333 2258 449 2294 potuit,
498 2262 531 2286 ut
565 2258 717 2287 scriberet
755 2256 852 2286 sidus
887 2256 1118 2298 abrumpitur,

331 2308 366 2332 ut
389 2300 507 2339 nubes,
531 2300 664 2332 caelum
689 2301 942 2342 abrumpitur.‘⁵
983 2305 1121 2334 Coniicit

334 2346 503 2387 abruptus
538 2346 580 2377 ab
623 2346 772 2384 aethere,
806 2351 887 2383 quod
924 2358 1019 2385 posse
1056 2351 1120 2380 dici

333 2395 491 2428 exemplis
530 2394 640 2427 firmat,
680 2395 797 2429 quibus
837 2403 918 2430 opus
956 2405 1020 2424 non
1059 2400 1120 2425 est.

333 2440 371 2469 cf.
397 2437 447 2475 11,
472 2438 548 2468 549.
588 2441 649 2468 Sed
673 2441 745 2474 quis
769 2440 856 2469 alius
880 2441 961 2470 dixit
979 2439 1120 2482 accingi

329 2482 491 2523 facibus?
516 2484 546 2521 9,
576 2482 629 2513 74.

379 2527 453 2558 453.
484 2527 589 2559 Dabit
610 2545 647 2550 —
668 2527 765 2559 satis.
789 2532 865 2567 „An
877 2532 1118 2569 grammaticus,

333 2576 402 2604 alia
426 2577 624 2613 expleturus,
651 2580 680 2604 et
704 2579 762 2606 hoc
787 2579 971 2615 corruperit,
996 2579 1117 2607 nescio.

333 2621 406 2657 Vgl.
430 2623 544 2650 saltem
565 2622 745 2658 elegantius
770 2623 974 2657 scripsisset:
1023 2620 1065 2652 H.
1091 2633 1117 2652 c.

333 2674 378 2703 a.,
403 2664 525 2706 quibus
557 2664 617 2695 ille
649 2665 787 2695 ruinam
813 2667 854 2696 A.
886 2670 927 2698 st.
952 2666 1038 2698 satis
1065 2667 1121 2706 fe-

333 2710 426 2741 rat.“
458 2709 508 2740 Pl.
556 2713 677 2741 Deinde
714 2715 822 2742 haeret
859 2714 894 2742 in
930 2711 1054 2742 ruinas
1088 2717 1120 2744 et

332 2759 408 2786 ruet
436 2760 466 2785 et
496 2759 578 2787 delet
606 2759 684 2787 ruet
711 2773 744 2778 —-
770 2756 873 2788 venti.
924 2756 1018 2788 Dare
1048 2757 1122 2788 rui-

332 2810 398 2830 nas
426 2806 458 2831 ut
483 2800 534 2837 tl,
567 2801 631 2831 613
669 2807 717 2832 est
749 2812 847 2832 ruere
890 2805 1116 2841 transitivum

332 2848 411 2876 alibi
433 2847 472 2877 cf.
498 2846 528 2885 2,
552 2846 617 2876 698
641 2853 688 2877 est
713 2857 812 2878 ruere
833 2850 1086 2879 intransitivum.

1163 1621 1236 1649 dum
1260 1619 1460 1656 compositi.“
1486 1623 1518 1649 S.
1565 1619 1683 1648 Tribus
1711 1618 1813 1647 modis
1836 1618 1949 1653 signa-

1161 1667 1209 1694 vit
1232 1667 1436 1695 densitatem:
1472 1663 1582 1699 densi,
1606 1661 1724 1693 cuneis
1750 1661 1891 1699 coactis,
1916 1670 1950 1691 se

1161 1709 1420 1750 adglomerant.
1453 1727 1490 1731 -—
1520 1719 1555 1739 se
1579 1707 1682 1750 aggl.
1706 1709 1746 1739 cs.
1772 1707 1802 1743 2,
1828 1706 1904 1737 341.

1207 1765 1281 1796 458.
1304 1769 1356 1796 Ad
1381 1775 1527 1808 gravem
1564 1768 1691 1795 additur
1720 1774 1948 1802 nonnunquam

1162 1820 1258 1845 aevo,
1290 1811 1405 1850 annis,
1437 1811 1569 1852 pietate
1595 1817 1672 1847 ete.;
1701 1813 1783 1847 quod
1807 1812 1837 1841 si
1867 1813 1950 1841 1111111

1161 1859 1303 1894 additur,
1343 1860 1376 1887 in
1407 1866 1533 1895 pugnae
1561 1858 1774 1893 descriptione
1803 1859 1842 1887 de
1863 1860 1948 1887 mole

1161 1905 1303 1939 corporis
1328 1910 1377 1933 est
1395 1905 1627 1939 accipiendum.

1208 1959 1285 1990 462.
1311 1963 1444 1995 ..Occiso
1462 1970 1498 1990 eo
1521 1962 1576 1996 qui
1601 1965 1712 1990 auctor
1733 1962 1952 1997 disrumpendi

1161 2006 1297 2035 foederis
1315 2007 1429 2044 fuerat,
1449 2012 1581 2036 exortus
1596 2012 1645 2036 est
1662 2009 1783 2036 clamor
1795 2011 1826 2036 et
1841 2008 1950 2036 statim

1161 2058 1271 2081 secuta
1298 2053 1376 2090 fuga
1407 2052 1630 2089 Rutulorum,“
1659 2054 1691 2081 S.
1723 2061 1765 2082 ex
1805 2059 1845 2081 ea
1878 2053 1951 2088 ipsa

1160 2106 1194 2126 re
1214 2106 1349 2127 aversos
1369 2101 1443 2128 deos
1462 2099 1709 2134 suspicantium.
1734 2114 1771 2118 -—
1799 2096 1952 2127 vicissim

1161 2151 1235 2172 nam
1255 2149 1328 2173 ante
1353 2145 1502 2181 fugerant
1525 2144 1658 2173 Troiani
1683 2152 1715 2172 v.
1740 2141 1818 2172 368.
1848 2142 1926 2172 406.

1207 2199 1283 2229 465.
1310 2202 1407 2230 Alios
1427 2210 1492 2230 non
1518 2206 1627 2238 curat,
1667 2209 1726 2231 nec
1745 2201 1799 2236 qui
1823 2201 1952 2238 fugiunt

1161 2255 1219 2276 nec
1241 2247 1295 2281 qui
1320 2248 1475 2276 obsistere
1507 2249 1638 2284 audent,
1678 2249 1783 2276 solum
1807 2247 1951 2277 Turnum
1997 2252 2000 2254 '

1161 2293 1195 2320 in
1226 2297 1386 2321 certamen
1420 2294 1543 2329 poscit;
1583 2294 1690 2328 itaque
1733 2293 1830 2321 etiam
1865 2301 1951 2322 1111110

1162 2338 1296 2367 foederis
1319 2340 1406 2375 leges
1428 2346 1565 2368 servans
1596 2343 1625 2367 et
1656 2338 1703 2367 rei
1729 2345 1875 2367 summae
1899 2339 1950 2368 in—

1162 2388 1268 2412 tentus
1292 2385 1376 2413 alios
1394 2385 1536 2414 occidere
1559 2384 1692 2420 spernit.
1740 2385 1870 2413 Nullius
1888 2384 1951 2421 igi-

1163 2434 1212 2458 tur
1247 2430 1397 2459 momenti
1433 2435 1482 2458 est
1517 2430 1715 2467 distinguere
1750 2430 1886 2465 peditem
1920 2434 1952 2459 et

1163 2475 1308 2511 equitem,
1340 2477 1421 2510 quod
1442 2476 1517 2504 fecit
1548 2476 1603 2511 qui
1627 2475 1759 2510 scripsit
1781 2483 1841 2504 nec
1863 2473 1952 2515 pede

1163 2529 1188 2549 c.
1220 2529 1280 2549 nec
1314 2529 1410 2560 equo,
1449 2522 1533 2556 quod
1563 2528 1615 2556 ap.
1648 2521 1797 2550 Servium
1823 2521 1951 2557 legitur,

1163 2567 1219 2595 sed
1244 2568 1333 2595 modo
1360 2567 1538 2603 fugientem
1562 2571 1592 2596 et
1617 2569 1804 2596 obstantem.

1212 2620 1286 2651 466.
1319 2621 1445 2664 Caligo
1481 2625 1582 2653 oritur
1621 2625 1773 2660 pulvere,
1821 2623 1950 2659 iaculis,

1166 2669 1393 2704 pugnantibus.
1448 2663 1664 2699 καλύπτεται
1708 2669 1760 2697 his
1804 2668 1951 2698 omnibus

1165 2715 1302 2742 Turnus.

1211 2757 1284 2788 469.
1311 2757 1426 2789 media
1459 2757 1548 2790 inter
1583 2757 1675 2797 lora,
1724 2760 1806 2789 inter
1846 2759 1951 2794 ipsam

1164 2805 1407 2841 aurigationem.

1207 2847 1282 2879 470.
1308 2848 1475 2890 relinquit
1499 2847 1584 2880 VMI
1609 2859 1672 2881 rec.
1693 2846 1776 2890 Wg.
1806 2845 1871 2878 Ld.
1890 2847 1950 2879 Fb.

376 2891 451 2921 456.
477 2890 598 2922 ductor
624 2894 799 2923 Rhoeteius
833 2896 852 2923 i.
888 2904 914 2924 e.
954 2897 1114 2925 Troianus
1160 2892 1301 2933 reliquit
1326 2894 1500 2935 ΜὲΡΙὶγὴο
1518 2905 1580 2927 100.
1609 2894 1670 2925 Ro.

332 2944 352 2964 a
374 2939 512 2967 Rhoeteo
531 2939 666 2968 Troadis
689 2942 912 2974 promontorio.

378 2981 452 3011 ⁴57.
479 2982 577 3013 densi
600 2986 660 3014 etc.
685 2993 729 3015 sc.
755 2986 811 3023 „in
841 2995 1013 3016 cuneorum
1044 2995 1111 3016 mo·
1157 2988 1248 3016 modo
1272 2985 1469 3017 flectuntur.“
1495 2990 1527 3016 s.

1204 2939 1279 2970 471.
1303 2939 1477 2971 undantes
1501 2942 1600 2979 „quia
1622 2941 1657 2969 in
1683 2942 1774 3013 mnia
1791 2941 1950 2970 undarum

1575 2986 1628 3016 Sic
1651 2986 1681 3016 5.
1780 3007 1787 3013 .
