2023 3350
769 106 1001 140 AENEIDOS
1025 107 1112 139 L1B.
1139 108 1191 140 11:
1739 107 1791 145 79

152 221 338 264 Numina
374 221 656 264 conclamant.

151 279 394 322 Dividimus
426 293 589 331 muros,

637 282 680 321 et
714 278 885 320 moenia
921 277 1149 332 pandimus
1180 276 1318 330 urbis3

151 338 396 392 Accingunt
433 351 578 379 omnes
611 337 748 392 operi⁷
795 336 1063 390 pedibusque
1101 339 1296 377 rotarum
1711 337 1792 375 235

153 395 394 438 Subiiciunt
431 395 578 449 lapsus
589 429 598 445 ‚

150 453 396 496 Intendunt.

150 511 258 554 Feta
292 511 446 553 armis:

640 399 683 437 et
717 399 900 449 stuppea
931 394 1101 435 vincula
1138 393 1249 435 collo

457 453 636 495 Scandit
670 453 816 495 fatalis
851 452 1052 494 machina
1091 466 1252 503 muros,

489 512 615 565 pueri
651 511 811 552 circum
847 511 1140 565 innuptaeque
1174 509 1344 564 puellae

152 569 286 612 Sacra
318 572 494 620 canunt⁷
532 569 763 623 funemque
794 583 924 610 manu
962 569 1210 622 contingere
1248 567 1458 622 gaudent:

150 627 234 669 Illa
268 627 404 679 subit,
447 627 699 682 mediaeque
734 627 903 668 minans
936 626 1145 668 inlabitur
1178 626 1287 668 urbi.
1713 628 1794 666 240

152 685 187 727 O
219 686 383 739 patria,

429 699 452 726 o
489 685 631 727 divom
670 685 823 727 domus
862 685 1005 750 Ilium,
1045 688 1087 726 et
1121 683 1285 726 incluta
1319 682 1434 724 bello

150 742 325 785 Moenia
358 742 680 785 Dardanidum!
728 746 882 797 quater
915 743 1009 797 ipso
1048 743 1093 784 in
1132 742 1277 784 limine
1313 744 1466 796 poitae

152 801 378 853 Substitit,
422 805 554 855 atque
585 805 709 843 utero
745 801 934 843 sonitum
970 804 1124 865 quatei
1160 814 1281 841 arma
1318 798 1494 850 deder3e

151 859 367 901 Instamus
404 862 549 901 tamen
586 860 858 901 immemores
895 859 1097 912 caecique
1132 857 1288 910 filiole,

150 917 208 958 Et
239 921 478 959 monstrum
509 916 658 959 infelix
688 920 861 959 saciata
897 917 1087 958 sistimus
1123 929 1233 957 alce.

1713 915 1766 954 ,ιὲ

1771 914 1794 952 Q(

150 974 268 1017 Tunc
301 975 432 1017 etiam
465 974 567 1016 fatis
607 975 749 1029 aperit
789 974 1032 1017 Cassandra
1067 974 1224 1015 futuris

151 1032 258 1085 Ora,
302 1032 370 1074 dei
409 1033 529 1074 iussu
559 1047 644 1075 non
681 1047 871 1097 unquam
905 1031 1070 1073 ciedita
1105 1030 1290 1072 Teuciis.

150 1091 239 1132 Nos
278 1090 458 1133 delubia
497 1090 623 1132 deum
655 1091 817 1137 11116611,

863 1089 1018 1144 quibus
1047 1089 1224 1131 ultimus
1262 1090 1375 1129 esset

149 1149 229 1190 Ille
263 1148 371 1199 dies,
413 1148 525 1190 festa
555 1149 745 1190 velamus
786 1138 939 1189 fionde
973 1161 1051 1201 pei
1082 1147 1244 1189 nibem.

150 1299 331 1331 233—49.
386 1299 526 1340 Equum
570 1298 709 1331 Troiani
748 1299 782 1330 111
825 1297 947 1330 urbem

474 1345 626 1377 trahunt.

195 1391 273 1423 234.
298 1391 450 1431 „Muros
480 1395 700 1429 superpositos
726 1395 848 1422 Scaeae
876 1401 948 1427 por-

149 1444 217 1477 tae,
246 1447 321 1469 nam
346 1441 507 1475 sequitur:
541 1445 654 1476 quater
679 1440 749 1474 ipso
777 1441 809 1468 ’111
837 1439 948 1468 limine

148 1492 269 1522 portae.
335 1483 476 1515 Moenia
514 1484 707 1526 pandimus
750 1483 844 1514 urbis
885 1494 947 1513 non

149 1537 199 1562 est
220 1532 364 1567 iteratio:
390 1540 465 1561 nam
488 1533 563 1562 dicit
587 1532 749 1567 patefacta
775 1536 866 1567 porta
894 1533 946 1560 vel

150 1579 257 1608 diruta
278 1578 432 1607 interiora
456 1579 600 1607 civitatis
625 1587 699 1607 esse
728 1579 880 1607 mndata.··
913 1580 944 1606 S.

148 1626 198 1654 Pl.
224 1625 341 1654 Bacch.
369 1622 400 1661 4,
426 1622 457 1658 9,
484 1622 524 1652 29
561 1625 621 1653 llio
655 1625 718 1653 tria
749 1624 854 1653 fuisse
887 1631 945 1652 au-

148 1671 216 1700 divi
240 1671 325 1707 fala,
347 1678 430 1706 quae
456 1671 505 1699 illi
529 1671 629 1700 forent
654 1671 773 1699 exilio:
810 1671 945 1705 signnm

147 1725 190 1746 ex
221 1724 296 1746 arce
326 1717 355 1745 si
385 1717 538 1752 perisse1;
590 1719 727 1746 alterum
760 1718 859 1746 etiam
899 1720 947 1745 est

148 1763 250 1792 Troili
274 1771 377 1794 mors,
409 1764 536 1792 tertium
559 1772 657 1798 quum
687 1768 794 1798 portae
826 1766 948 1792 Scaeae

149 1806 282 1838 limen
307 1816 508 1848 superum
538 1810 768 1839 scinderetur-s·
807 1806 947 1838 Moenia

149 1859 225 1884 sunt-
247 1855 345 1884 etiam
366 1855 470 1890 ipsius
497 1856 585 1884 urhis
611 1856 773 1885 aedificia.
805 1860 837 1884 ut
864 1853 945 1889 252;

148 1901 258 1936 itaque
290 1909 379 1930 muro
411 1902 646 1930 circumdantur
687 1902 815 1930 moenia
845 1902 883 1931 cf.
917 1900 946 1935 6,

149 1944 215 1975 549
251 1944 388 1975 moenia
427 1944 558 1986 triplici
590 1945 808 1977 circumdata
838 1955 948 1976 muro.

149 1993 231 2022 Vilr.
256 1990 294 2029 8,
315 1990 334 2019 4
371 1989 483 2021 Zama
513 1990 612 2021 cuius
636 1991 773 2022 moenia
798 2002 858 2022 rex
884 1990 947 2021 du-

147 2035 234 2079 plici
253 2045 353 2066 muro
375 2035 516 2077 saepsit.
549 2040 631 2067 Flor.
660 2040 687 2073 1,
706 2037 736 2075 4,
761 2037 779 2066 2
807 2036 948 2068 Moenia

149 2092 248 2114 muro
273 2081 454 2123 amplexus
479 2086 539 2115 est.
588 2086 639 2113 Ita
664 2092 783 2113 murus
805 2088 835 2113 et
858 2092 948 2113 moc-

148 2128 211 2160 nia
235 2130 378 2166 iungitur
403 2127 434 2165 9,
464 2128 536 2159 196.
567 2131 642 2159 Liv.
673 2128 724 2167 10,
750 2128 800 2159 10.

196 2174 271 2204 235.
298 2173 491 2216 accingunt
516 2177 554 2205 cf.
584 2175 612 2212 l,
644 2173 715 2206 104.
743 2192 781 2196 -
808 2177 948 2205 Pedibus

148 2223 222 2258 equi
252 2222 427 2251 subiiciunt
458 2224 605 2252 scutulas
641 2222 775 2257 (lapsus
806 2227 948 2252 rotarum

148 2269 187 2299 cf.
209 2266 314 2304 225),
343 2276 405 2302 quo
432 2268 565 2298 facilius
591 2273 775 2305 moveatur3
809 2273 838 2297 et
860 2269 947 2297 funi—

149 2318 209 2345 bus
246 2315 392 2350 alligatis
430 2318 561 2344 trahunt
597 2315 631 2343 in
670 2318 790 2344 urbem.
851 2312 948 2344 Collo

149 2361 361 2394 trahentium.
393 2360 432 2390 cf.
465 2362 533 2390 Tib.
569 2359 599 2394 3,
627 2358 657 2395 6,
680 2359 721 2389 45
755 2358 948 2400 pendentia

149 2403 293 2436 brachia
315 2403 415 2444 collo,
434 2416 496 2436 non
522 2409 603 2437 collo
625 2408 708 2442 equi.
741 2409 778 2436 Id
796 2407 947 2444 intelligit

158 2449 242 2481 lde.

197 2495 274 2526 237.
300 2494 488 2527 intendunt
518 2507 543 2528 c.
576 2500 704 2536 dativo,
739 2504 774 2528 ut
806 2499 947 2534 simplex

149 2540 292 2574 tendere
316 2545 352 2573 G.
373 2541 404 2578 4,
422 2542 506 2573 399:
536 2542 678 2574 vincula
705 2547 807 2586 capto
833 2543 948 2574 tende.

153 2605 193 2610 —
238 2586 388 2619 scandit
419 2594 453 2618 ut
477 2588 542 2618 234
573 2588 748 2630 pandere,
788 2592 950 2627 pathetica

150 2639 234 2666 sunt.
308 2635 355 2664 Cf.
404 2636 485 2665 illud
528 2637 671 2665 Horatii:
735 2634 949 2676 Capitolium

149 2677 290 2711 scandit
331 2689 405 2710 cum
444 2679 555 2711 tacita
595 2680 734 2723 virgine
777 2680 949 2721 Pontifex.

152 2728 234 2757 Cum
258 2728 449 2757 accusativo
476 2725 553 2756 401.

196 2771 273 2802 238.
296 2772 374 2811 feta
406 2771 514 2802 armis
545 2774 584 2803 cf.
613 2772 665 2802 20.
714 2775 762 2803 Β6
793 2783 826 2804 v.
850 2773 950 2813 fetus

150 2819 190 2850 cf.
214 2817 243 2856 1,
270 2817 324 2849 51.

197 2863 274 2895 239.
306 2863 419 2895 Sacra
446 2867 596 2901 canunt,
622 2868 781 2902 „hymnos
807 2864 948 2896 01611111.ιι

151 2912 289 2948 saepius
320 2912 355 2941 in
381 2912 486 2942 sacris
517 2912 684 2948 virginum
715 2916 746 2941 et
776 2921 948 2947 puerorum

149 2959 279 2987 auditur
312 2961 428 2988 cantus
457 2958 496 2987 cf.
526 2959 601 2987 Hor.
634 2958 668 2987 C.
700 2955 738 2994 4,
766 2956 801 2995 1,
825 2957 878 2988 26.
917 2964 947 2988 et

151 3004 289 3034 Carmen
319 3006 505 3040 saeculare;
547 3012 656 3040 „more
684 3005 848 3041 Romano,
887 3013 945 3041 pa-

151 3050 238 3079 trimi
270 3054 301 3079 et
333 3047 507 3080 matrinii.“
543 3052 574 3078 S.
624 3051 673 3079 Ita
702 3052 787 3085 apud
812 3051 945 3081 Livium

997 1298 1056 1335 37,
1083 1299 1101 1329 3
1151 1302 1289 1334 ..Decem
1317 1299 1467 1334 ingenui,
1497 1301 1606 1328 decem
1638 1299 1795 1335 virgines.

996 1347 1123 1382 patrimi
1158 1355 1269 1375 omnes
1301 1346 1522 1381 matrimique.
1557 1347 1597 1374 ad
1631 1346 1661 1374 id
1692 1348 1795 1376 sacri-

995 1394 1099 1422 ficium
1131 1393 1300 1421 adhibiti*
1356 1393 1530 1421 Puerorum
1556 1397 1587 1421 et
1614 1395 1794 1427 puellarum

995 1440 1083 1469 chori
1118 1440 1214 1468 eliam
1254 1440 1338 1474 apud
1374 1440 1523 1468 Graecos.
1575 1435 1795 1479 Funemque:

996 1487 1118 1514 Funem
1146 1487 1229 1520 quod
1255 1486 1443 1519 contingunt
1475 1486 1628 1520 gaiideut,
1667 1490 1698 1514 ut
1731 1486 1795 1521 ipsi

995 1533 1092 1561 eliani
1123 1540 1239 1567 equum
1272 1532 1304 1560 in
1330 1535 1439 1560 urbem
1466 1532 1636 1560 induxisse
1660 1532 1795 1561 videan-

995 1583 1053 1607 tur.
1088 1579 1139 1607 Ad
1165 1578 1274 1607 funem
1301 1585 1366 1618 que
1391 1579 1525 1613 pertinet
1552 1586 1615 1607 non
1639 1580 1679 1606 ad
1700 1587 1795 1617 gau-

994 1622 1087 1654 dent.

1041 1667 1115 1698 241.
1149 1666 1177 1699 0
1208 1668 1330 1710 patria
1362 1678 1503 1704 ..versus
1529 1669 1720 1700 Ennianus“
1761 1673 1793 1699 S.

997 1733 1034 1736 —
1071 1713 1193 1745 Divom
1219 1714 1340 1745 domus
1369 1718 1466 1746 Ilium
1497 1722 1563 1751 est,
1594 1719 1675 1752 quod
1705 1718 1794 1747 inco-

993 1765 1064 1792 lunt
1087 1766 1197 1791 urbem
1223 1765 1332 1797 plures
1357 1764 1411 1791 dii.
1457 1763 1503 1792 Cf.
1534 1761 1561 1798 l,
1590 1762 1640 1792 16.

1041 1806 1117 1838 242.
1144 1810 1231 1844 Quod
1258 1810 1290 1837 in
1315 1810 1427 1838 liuline
1457 1810 1663 1845 substiterat,
1702 1818 1794 1839 omen

994 1861 1079 1888 erat,
1118 1860 1151 1884 ut
1183 1857 1312 1884 omnino
1342 1857 1439 1885 limen
1467 1861 1598 1890 langere
1625 1860 1655 1885 et
1687 1856 1794 1891 ingre-

994 1902 1091 1930 dienti
1129 1907 1158 1930 et
1194 1903 1368 1936 egredienti
1409 1902 1587 1931 infaustum
1622 1906 1794 1937 putabatur

994 1957 1076 1977 esse.
1116 1948 1162 1977 Cf.
1182 1949 1250 1976 Til).
1276 1947 1303 1979 1.
1328 1948 1357 1983 3,
1379 1946 1420 1976 20
1453 1945 1481 1977 0
1503 1946 1637 1988 quoties
1657 1946 1795 1989 ingres—

995 2003 1052 2022 sus
1076 1991 1141 2023 iter
1171 1991 1255 2024 mihi
1286 1992 1403 2024 tristia
1437 1992 1511 2023 dixi
1548 1992 1724 2034 Offensum
1758 1992 1796 2024 in

992 2041 1096 2079 porta
1122 2037 1228 2079 signa
1255 2037 1391 2069 dedisse
1409 2038 1542 2079 pedem.
1572 2042 1654 2071 Hinc
1674 2050 1796 2076 sponsa

995 2094 1091 2120 super
1118 2087 1216 2115 limen
1240 2087 1347 2115 mariti
1375 2089 1564 2123 tollebatur,
1589 2096 1629 2117 ne
1655 2088 1793 2117 offende-

994 2136 1038 2160 rel
1068 2132 1190 2166 pedem.

1041 2175 1116 2205 243.
1143 2174 1292 2206 sonitum
1339 2186 1440 2207 arma
1484 2176 1617 2208 dedere.
1682 2181 1795 2215 Itaque

994 2231 1057 2251 11011
1081 2224 1212 2252 deerant
1236 2224 1333 2259 signa
1356 2225 1486 2253 deorum
1506 2226 1724 2261 benignorum.

1041 2266 1116 2297 244.
1144 2266 1358 2297 immemores
1382 2270 1448 2298 dati
1469 2271 1586 2299 ominis
1606 2271 1644 2300 cf.
1667 2270 1698 2307 3,
1715 2269 1792 2301 617.

997 2312 1174 2344 Inslamus
1198 2316 1281 2343 nude
1307 2315 1446 2349 positum
1469 2320 1503 2344 ut
1519 2314 1595 2345 491.
1616 2332 1660 2335 —
1682 2316 1793 2346 caeci-

994 2368 1059 2400 que
1088 2359 1230 2398 furore.-
1276 2361 1448 2397 Negliguut
1485 2362 1571 2391 enim
1609 2363 1794 2393 certissima

993 2414 1111 2436 omina.

1041 2451 1116 2481 246.
1144 2455 1225 2482 tunc
1259 2450 1366 2482 etiam

995 2498 1090 2534 pius.
1136 2502 1167 2528 S.
1217 2501 1263 2528 De
1298 2501 1486 2529 Cassandra
1520 2499 1559 2529 cf.
1592 2501 1792 2536 Tryphiodo-

995 2554 1066 2574 rum
1097 2547 1129 2574 iu
1153 2538 1258 2574 Ἰλίου
1289 2538 1420 2594 ,ἁλώσει
1452 2555 1484 2575 v.
1519 2543 1599 2574 346:
1609 2540 1698 2597 τὴν
1722 2556 1792 2598 γαρ

992 2584 1166 2621 Ἀπόλλων
1194 2584 1404 2630 ἀμφότερον
1432 2587 1563 2630 μάντιν
1589 2584 1619 2620 τ’
1642 2586 1793 2633 ἀγαθὸν

996 2633 1058 2666 καὶ
1084 2629 1236 2666 ἄπιστον
1261 2631 1392 2676 ἔθηκεν
1420 2642 1451 2666 et
1474 2645 1604 2667 carmen
1629 2640 1791 2670 Schilleri.

1045 2681 1119 2712 247.
1147 2680 1280 2712 credita
1316 2681 1455 2712 'leucris
1493 2684 1532 2713 cf.
1571 2686 1622 2713 Gr.
1658 2686 1679 2722 g
1715 2684 1791 2715 286.

995 2732 1046 2759 Ita
1072 2727 1192 2759 credor
1216 2733 1327 2764 poetae
1347 2730 1457 2759 dicunt
1481 2738 1552 2765 pro:
1584 2732 1664 2761 mihi
1688 2733 1792 2762 eredi—

996 2782 1057 2806 tur.
1095 2777 1149 2805 Sic
1173 2777 1230 2804 Ov.
1258 2777 1291 2804 F.
1317 2773 1348 2811 4.
1377 2774 1440 2804 307
1467 2778 1578 2806 eadem
1603 2778 1792 2808 Cassandra

995 2823 1109 2852 dicitur
1134 2824 1233 2850 casta
1258 2819 1395 2861 quidem
1419 2820 1479 2851 sed
1502 2831 1571 2852 non
1593 2826 1626 2854 et
1647 2823 1791 2854 credita.

993 2873 1025 2898 et
1048 2871 1090 2897 M.
1121 2867 1170 2903 15,
1195 2864 1237 2895 74
1273 2864 1344 2896 Ora
1374 2865 1478 2897 docta
1507 2866 1647 2909 quidem
1675 2868 1792 2907 solvit,

993 2912 1054 2944 sed
1079 2923 1147 2943 nou
1172 2916 1222 2942 est
1241 2910 1386 2942 credita.
1435 2916 1469 2944 F.
1491 2913 1523 2952 3,
1541 2914 1602 2945 351
1634 2916 1679 2946 At
1703 2920 1792 2946 ceree

993 2958 1182 2991 credemur.
1209 2956 1272 2994 ait,
1299 2956 1329 2988 si
1351 2957 1456 2989 verba
1479 2964 1641 3001 sequetur
1666 2960 1790 2992 exitur.

999 3003 1139 3036 Teucris
1164 3006 1294 3034 dativus
1316 3006 1354 3035 cf.
1384 3005 1413 3043 1,
1436 3004 1512 3036 440.

1038 3050 1113 3081 249.
1135 3050 1233 3089 festa
1258 3049 1413 3081 velamus
1432 3051 1586 3092 fronde:

1406 2454 1513 2489 „sicut
1549 2456 1686 2484 antehac
1719 2463 1793 2485 sae-

1628 3055 1662 3083 Id
1696 3055 1790 3084 laeti-
