2023 3350
677 87 915 121 AENEIDOS
946 88 1033 121 LIB.
1065 89 1143 121 VH.

1653 87 1735 128 345

84 202 198 245 Hinc
230 201 353 244 illum
386 200 565 256 Corythi
596 201 819 257 Tyrrhena
846 201 901 244 ab
927 201 1027 243 sede
1058 202 1302 255 profectum

83 262 229 303 Aurea
269 273 382 302 nunc
419 260 526 302 solio
565 260 780 302 stellantis
820 260 942 314 regia
977 260 1085 301 caeli

1654 260 1736 298 210

85 318 255 372 Accipit
287 321 329 359 et
364 331 590 359 numerum
628 317 824 359 divorum
861 317 1074 359 altaribus
1112 321 1257 372 auget.

199 375 392 417 Dixerat.

452 375 509 416 Et
547 374 666 418 dicta
702 375 894 418 Ilioneus
925 376 986 418 sic
1025 389 1128 417 voce
1166 379 1357 418 secutus:

83 434 190 486 Rex,
229 447 361 487 genus
400 433 620 487 egregium
656 433 815 485 Fauni,
856 447 933 475 nec
963 433 1167 475 fiuctibus
1204 437 1324 476 actos

84 492 194 533 Atra
228 489 400 544 subegit
437 491 604 544 hiemps
644 492 797 533 vestris
839 490 1068 533 succedere
1104 491 1246 544 terris,

84 549 174 591 Nec
209 547 327 590 sidus
365 548 542 602 regione
577 549 671 591 viae
709 549 866 591 litusve
904 548 1078 590 fefellit:

90 606 276 649 Consilio
318 605 429 647 hanc
470 620 617 648 omnes
653 607 895 660 animisque
927 604 1169 648 volentibus
1211 605 1364 647 urbem

87 663 356 715 Adferimur,
391 663 504 717 pulsi
542 665 704 718 regnis,
743 678 855 718 quae
895 664 1084 705 maxima
1125 663 1344 717 quondam

84 721 291 764 Extremo
323 722 496 763 veniens
537 721 610 764 Sol
651 721 919 777 adspiciebat
957 722 1150 776 Olympo.

84 779 151 821 Ab
189 779 289 821 Iove
327 779 588 834 principium
629 781 819 834 generis,
856 780 955 821 Iove
995 778 1204 821 Dardana
1242 778 1377 832 pubes

86 836 257 879 Gaudet
290 851 394 889 avo,
431 851 507 879 rex
538 838 650 892 ipse,
691 838 806 880 Iovis
841 836 894 879 de
931 840 1056 891 gente
1094 850 1307 891 suprema,

1655 841 1678 879 ΚΦ

1685 841 1707 879 [0

1712 842 1738 879 0

85 895 239 937 Troius
275 895 442 937 Aeneas
477 899 555 937 tua
587 909 665 937 nos
699 895 755 938 ad
791 895 941 936 limina
976 894 1105 936 misit.

86 954 259 1004 Quanta
297 967 376 1007 per
413 952 568 995 Idaeos
600 954 739 995 saevis
769 952 905 994 effusa
928 952 1119 1006 Mycenis

85 1011 338 1064 Tempestas
372 1011 473 1052 ierit
505 1025 700 1065 campos,
742 1010 897 1064 quibus
934 1014 1057 1051 actus
1096 1012 1280 1062 uterque

86 1069 289 1122 Europae
323 1072 456 1122 atque
487 1069 617 1111 Asiae
647 1068 748 1110 fatis
788 1067 1056 1109 concurrerit
1087 1066 1215 1117 orbis,

85 1125 238 1168 Audiit
275 1129 317 1168 et
353 1127 388 1168 si
426 1140 552 1180 quem
595 1126 725 1168 tellus
757 1129 952 1168 extrema
980 1123 1124 1166 refuso

131 1254 208 1285 209.
235 1252 435 1285 bincinam.
467 1253 890 1297 Hinc—'I'yrrhenasede

85 1302 124 1332 cf.
153 1302 190 1340 5,
226 1300 302 1331 609.
352 1303 443 1331 Unus
466 1303 548 1331 liber
578 1304 631 1332 dat
660 1300 750 1332 hunc
775 1301 889 1340 illum,

86 1349 171 1377 unde
194 1348 313 1377 firmari
339 1349 493 1383 cuiquam
521 1348 625 1377 videri
657 1353 776 1386 potest,
807 1350 889 1384 quod

85 1395 223 1424 coniecit.
253 1390 302 1422 Pl.
329 1395 465 1432 „Malim
492 1391 583 1423 hunc
609 1392 726 1424 olim.“

134 1438 212 1468 21⁰.
238 1441 273 1469 Is
299 1440 333 1468 in
360 1442 436 1470 deos
463 1442 587 1469 relatus
612 1445 669 1470 est.
720 1441 808 1475 Quod
838 1441 889 1469 in—

86 1490 134 1515 ter
161 1488 237 1515 deos
267 1485 363 1515 refert
393 1488 596 1523 Dardanum,
629 1495 723 1522 quem
753 1485 789 1521 6,
825 1485 890 1515 650

86 1539 138 1567 ap.
163 1531 284 1560 inferos
318 1533 400 1561 vidit
426 1533 576 1569 Aeneas,
611 1542 651 1562 ne
682 1537 713 1561 te
743 1533 891 1570 offendat,

86 1580 169 1608 haec
199 1580 294 1606 habet
325 1580 364 1607 S:
407 1578 579 1616 „Reddidit
613 1580 757 1608 animam
789 1581 891 1616 caelo,

86 1632 204 1659 corpus
230 1628 350 1661 terrae,
380 1627 527 1653 umbram
552 1623 701 1654 inferis.“
737 1641 775 1645 —
806 1622 891 1654 stel-

87 1667 208 1699 lantis.
260 1666 417 1699 stellans
445 1679 512 1699 vox
530 1672 674 1707 poetica,
697 1671 804 1700 stellis
830 1671 893 1700 mi-

86 1723 183 1751 cans,
207 1715 364 1745 sidereus.
413 1718 464 1745 Ita
486 1717 580 1746 Luer.
608 1714 638 1753 4,
666 1714 732 1745 218
757 1713 891 1745 caelum

87 1759 234 1791 stellans
259 1765 287 1790 et
310 1762 376 1791 Cic.
401 1763 439 1790 de
461 1763 526 1790 div.
549 1759 577 1798 1,
607 1760 657 1797 11,
686 1759 725 1790 18
747 1760 895 1791 stellans

88 1815 180 1840 πυτς
205 1807 278 1835 inde
304 1805 469 1836 stellatus
492 1808 529 1836 cf.
557 1805 593 1843 4,
621 1805 696 1836 261.

135 1849 212 1881 2l!.
241 1854 361 1891 auget.
412 1854 472 1881 Sed
495 1850 644 1889 ..addim
671 1857 765 1887 auget
787 1854 894 1882 adiec—

90 1898 175 1926 tione
205 1898 330 1927 scilicet
360 1898 500 1926 nominis
533 1897 619 1927 511ὶέι
647 1901 678 1927 S.
729 1900 788 1933 Qui
814 1902 894 1928 Mss.

91 1940 206 1980 addit,
230 1944 284 1978 qui
308 1945 417 1983 auget
444 1946 584 1973 habeant
602 1945 784 1979 discrepant
807 1942 892 1983 1171.

89 1993 119 2018 et
148 1986 223 2026 Hb„
249 1989 304 2024 qui
330 1990 441 2029 auget
468 1990 575 2018 inesse
597 1991 690 2019 refert
710 1991 742 2019 in
765 1992 893 2026 FMPR,

91 2043 227 2069 quorum
251 2036 367 2064 cedens
392 2036 576 2065 auctoritati
595 2037 716 2071 recipio
742 2038 852 2077 auget
871 2037 892 2065 i.

92 2090 120 2110 e.
165 2082 296 2110 deorum
344 2089 512 2110 muncrum
552 2086 647 2118 auget
681 2082 778 2110 novis
827 2083 894 2110 aris

90 2128 233 2156 structis.
283 2128 391 2161 Neque
413 2128 522 2155 minus
546 2135 688 2156 numero
706 2128 832 2156 illatum
848 2132 895 2156 est

90 2174 132 2202 ad
153 2174 261 2202 locum
288 2174 541 2205 emendandum,
579 2181 654 2202 nam
689 2181 831 2203 numero
862 2170 894 2202 d.

91 2226 123 2247 a.
151 2215 255 2247 addit
277 2222 342 2247 est:
376 2220 563 2248 Dardanum
589 2220 739 2248 divorum
764 2228 895 2248 numero

93 2264 181 2292 addit
203 2265 364 2293 altaribus
394 2265 459 2300 ipsi
485 2266 611 2300 positis‘.
661 2266 707 2294 De
732 2265 896 2300 praesenti

92 2306 222 2349 accipit
255 2324 298 2329 —
327 2312 438 2349 auget
477 2320 532 2346 pro
575 2312 747 2346 praeterito
783 2312 822 2341 cf.
866 2308 896 2348 4,

92 2353 170 2384 228.
225 2352 274 2384 Pl.
301 2356 387 2385 eiicit
413 2358 444 2386 ct
470 2365 652 2386 numerum
677 2373 721 2377 —
745 2354 858 2386 addit.

94 2431 219 2464 212—
235 2431 312 2464 248.
363 2432 503 2464 Troiani
527 2437 654 2475 petunt.
684 2433 837 2475 aliquam
861 2433 897 2465 in

366 2478 465 2510 Latio
491 2478 622 2511 sedem.

141 2534 218 2565 212.
249 2534 403 2566 Ilioneus
433 2539 499 2568 iam
535 2540 576 2567 ad
606 2539 764 2568 Didonem
795 2541 898 2568 verba

94 2584 214 2613 fecerat
239 2580 275 2619 1,
304 2580 380 2612 521.

141 2626 217 2657 213.
248 2625 322 2658 Res·
350 2629 558 2666 „conciliatio
588 2632 628 2659 ab
658 2632 795 2667 honore,
824 2630 897 2659 inde

94 2683 115 2704 a
139 2671 289 2712 geno·re.“
317 2676 349 2703 S.

140 2718 217 2749 215.
246 2717 389 2760 regione
411 2716 491 2749 viae
515 2720 554 2749 cf.
582 2718 618 2757 2,
652 2718 729 2749 737.
762 2737 800 2741 -
835 2723 898 2750 Ne-

94 2775 156 2802 que
181 2770 358 2801 tempestas
388 2774 448 2795 nos
480 2767 622 2804 appulit,
661 2775 764 2802 neque
792 2775 899 2796 errore

93 2813 217 2842 inducti
243 2820 358 2841 sumus
378 2821 418 2841 ex
440 2812 582 2841 siderum
608 2814 648 2841 ad
673 2820 755 2847 quae
767 2821 898 2842 cursum

95 2859 316 2895 dirigebamus
351 2859 638 2895 contemplatione,
680 2867 782 2893 neque
819 2859 899 2888 litus

97 2907 158 2934 hoc
175 2905 277 2941 aliud,
304 2911 402 2940 quam
423 2908 482 2939 est,
512 2912 585 2933 esse
609 2905 816 2940 putavimus:
843 2905 900 2933 sed

97 2950 234 2979 consilio
259 2953 289 2979 et
316 2958 426 2979 omnes
458 2950 616 2980 adsumus
650 2950 682 2978 in
710 2953 796 2979 terra
823 2950 900 2979 fatis

101 2996 217 3025 debita.

1660 1129 1740 1169 225

984 1254 1060 1284 217.
1091 1252 1280 1295 Afferimur
1305 1259 1388 1284 recte
1414 1256 1513 1290 dixit,
1545 1265 1620 1286 nam
1646 1258 1743 1287 navi-

936 1305 996 1332 bus
1022 1304 1187 1332 accedunt.
1218 1317 1256 1322 —
1292 1299 1414 1331 Urbem
1441 1304 1654 1332 accusativus
1678 1305 1742 1334 loci

938 1349 976 1378 cs.
1002 1346 1038 1384 4,
1068 1346 1142 1377 116.
1171 1364 1209 1368 —-
1238 1345 1361 1385 regnis
1386 1349 1424 1378 cf.
1458 1347 1494 1382 3,
1527 1347 1598 1378 121.

984 1392 1059 1422 218.
1088 1396 1240 1424 extremo
1262 1391 1404 1423 veniens
1429 1392 1586 1434 Olympo.
1637 1397 1692 1424 Sol
1713 1397 1744 1426 si

938 1443 991 1470 vel
1015 1444 1054 1470 ab
1079 1445 1222 1470 extremo
1247 1442 1337 1469 caelo
1361 1441 1529 1478 veniebat,
1560 1450 1624 1470 non
1650 1443 1742 1471 vide-

938 1489 989 1516 bat
1016 1487 1123 1516 maius
1154 1494 1304 1521 regnum,
1338 1486 1446 1521 itaque
1470 1488 1649 1517 maximum
1674 1492 1744 1517 erat

938 1533 972 1561 in
997 1534 1084 1562 omni
1116 1536 1274 1562 terrarum
1304 1535 1388 1561 orbe.
1423 1548 1461 1552 —
1504 1530 1672 1573 Olympus
1703 1536 1742 1563 de

939 1581 1030 1608 caelo
1054 1579 1092 1608 cf.
1119 1580 1159 1607 ad
1192 1576 1228 1617 1,
1254 1575 1330 1606 374.

986 1622 1062 1654 219.
1096 1621 1205 1653 Pubes
1229 1624 1271 1654 cf.
1298 1621 1334 1660 2,
1360 1621 1436 1653 798.

986 1669 1062 1700 22⁰.
1095 1668 1186 1700 lovis
1215 1667 1257 1699 de
1281 1672 1388 1710 gente
1413 1678 1592 1711 suprema,
1626 1675 1660 1700 ιιῑ
1693 1668 1746 1709 10,

941 1715 1006 1745 350
1032 1717 1087 1751 qui
1120 1718 1157 1745 de
1183 1718 1262 1745 Iove
1292 1717 1449 1751 originem
1480 1717 1576 1746 ducit.
1613 1733 1650 1737 —
1684 1725 1745 1747 rex

944 1761 1081 1790 Aeneas
1117 1762 1156 1791 cf.
1198 1759 1232 1797 1,
1278 1760 1331 1790 38.
1367 1777 1405 1782 —
1442 1764 1503 1791 Ter
1541 1763 1632 1791 Iovis
1668 1763 1746 1792 facit

942 1808 1149 1843 mentionem,
1173 1811 1268 1841 atque
1291 1810 1331 1836 ab
1355 1810 1435 1837 Iove
1459 1813 1487 1837 et
1513 1817 1618 1844 regem
1646 1813 1676 1837 et
1697 1813 1744 1838 to-

943 1858 1006 1882 tam
1046 1858 1170 1888 gentem
1207 1853 1319 1882 deduci
1350 1854 1502 1883 declarat.
1552 1855 1673 1883 Tamen
1708 1859 1744 1883 ut.

942 1908 1029 1928 nunc
1056 1900 1234 1933 iunguntur
1258 1902 1376 1937 verba,
1420 1908 1484 1928 non
1514 1901 1601 1928 omni
1636 1904 1746 1929 carent

942 1946 1138 1974 difficultate.
1199 1945 1344 1974 Primum
1403 1954 1492 1974 avus
1547 1948 1745 1975 vocabulum

941 1996 1133 2026 usurpatum
1157 1994 1222 2027 est,
1256 1994 1289 2019 ut
1320 1991 1475 2027 significet
1504 1992 1635 2020 omnino
1661 2000 1747 2029 eum,

942 2045 962 2066 a
990 2045 1051 2071 quo
1077 2037 1200 2071 aliquis
1228 2037 1313 2066 ducit
1340 2038 1506 2074 originem.
1556 2038 1600 2066 At
1633 2045 1747 2072 quam-

942 2090 1038 2117 quam
1069 2079 1219 2111 maiores
1246 2083 1395 2112 dicuntur
1421 2080 1496 2117 aui,
1529 2092 1592 2111 non
1618 2084 1747 2112 videtur

943 2129 1025 2157 idem
1047 2136 1144 2162 posse
1170 2129 1383 2157 demonstrari
1405 2129 1438 2156 in
1454 2129 1625 2163 singulari.
1674 2131 1744 2158 Iam

943 2174 1060 2203 mirum
1091 2177 1140 2202 est
1173 2177 1297 2209 gentem
1335 2182 1434 2202 avum
1470 2177 1588 2203 habere
1622 2177 1744 2211 Iovem,

944 2221 1090 2249 Aeneam
1122 2223 1245 2253 autem,
1285 2219 1339 2253 qui
1371 2228 1447 2247 vere
1472 2228 1571 2254 nepos
1601 2224 1686 2252 erat.
1725 2228 1746 2249 a

944 2269 1037 2300 gente
1067 2272 1219 2300 suprema
1244 2265 1334 2293 Iovis
1364 2269 1467 2293 ortum
1490 2273 1573 2293 esse.
1622 2266 1745 2294 Deinde

945 2312 1089 2347 offendit,
1116 2311 1198 2345 quod
1224 2310 1387 2345 Ilioneus,
1417 2310 1471 2344 qui
1497 2314 1594 2339 totam
1620 2315 1745 2345 gennem

945 2365 965 2386 a
989 2359 1067 2386 Iove
1093 2361 1193 2385 ortam
1217 2356 1304 2391 dicit,
1331 2358 1368 2384 de
1394 2364 1466 2390 rege
1489 2356 1571 2385 idem
1594 2356 1745 2394 affirmat,

945 2403 1039 2438 quasi
1070 2403 1142 2436 quis
1170 2402 1234 2431 iam
1266 2409 1304 2430 ea
1330 2403 1367 2430 dc
1397 2410 1431 2430 re
1464 2402 1564 2436 possit
1590 2403 1746 2431 dubitare.

950 2446 1004 2478 Pl.
1045 2449 1197 2484 „Scribe2
1241 2444 1292 2476 Ab
1329 2445 1408 2476 love
1446 2456 1479 2486 p.
1513 2445 1654 2486 generi,
1705 2446 1748 2476 ab

951 2492 1030 2524 Iove
1060 2491 1103 2522 J).
1135 2491 1252 2533 pubes.
1307 2490 1447 2521 Gaudet
1483 2501 1549 2521 ano
1584 2501 1643 2522 rex
1677 2490 1751 2533 Ipse

949 2538 1038 2570 Iove.
1065 2555 1109 2560 —-
1137 2541 1172 2567 Et
1201 2539 1274 2573 quid
1305 2539 1335 2567 fit
1359 2540 1466 2579 gente
1492 2535 1682 2578 suprema?

993 2584 1069 2614 222.
1096 2587 1223 2614 Bellum
1241 2589 1348 2613 autem
1370 2592 1443 2614 cum
1457 2587 1643 2619 tempestate
1660 2594 1745 2615 eom-

944 2635 1088 2667 paratur.
1137 2631 1185 2660 Cf.
1218 2628 1278 2666 12,
1306 2627 1382 2658 654.

992 2675 1068 2706 223.
1099 2674 1153 2706 Ire
1186 2677 1321 2711 saepius
1358 2677 1396 2704 de
1421 2676 1563 2705 violento
1602 2685 1660 2711 per
1694 2679 1750 2705 oh-

946 2725 1075 2753 stacula
1099 2723 1231 2751 incessu
1256 2725 1288 2750 ut
1310 2723 1385 2750 Hor.
1408 2721 1443 2750 C.
1466 2720 1501 2758 3,
1529 2718 1588 2759 16,
1615 2720 1645 2751 9.
1695 2720 1750 2760 20,

947 2768 977 2798 6.
1015 2784 1053 2789 ——
1084 2770 1201 2804 actns,
1242 2767 1359 2802 (litibus
1389 2766 1466 2796 fatis
1493 2771 1586 2796 actus
1617 2772 1750 2803 uterque

947 2818 1159 2845 concurreret.
1208 2813 1334 2848 Ubique
1366 2813 1445 2841 fatis
1469 2815 1591 2842 bellum
1615 2814 1751 2848 eiusque

947 2864 1098 2890 eventum
1137 2859 1312 2889 attribuunt
1356 2859 1507 2897 Troiani,
1557 2867 1620 2887 non
1670 2867 1751 2889 suae

947 2906 1053 2936 fraudi
1079 2909 1133 2935 aut
1161 2904 1337 2934 fortitudini
1362 2906 1567 2934 Graecorum.

994 2950 1070 2980 225.
1097 2952 1176 2980 Tam
1209 2953 1299 2979 clara
1335 2954 1440 2979 autem
1478 2954 1552 2979 sunt
1582 2953 1680 2987 haec,
1718 2955 1752 2980 ut

948 2999 1004 3027 vel
1031 2997 1280 3027 remotissimam
1314 2996 1346 3025 in
1376 3000 1493 3026 terram
1525 3004 1635 3026 eorum
1664 2996 1754 3027 fama
