2023 3350
190 51 274 92 436

192 164 330 212 Quum
370 156 515 199 fremit
557 154 614 195 acl
654 153 824 205 caulas,
861 156 1010 194 ventos
1043 166 1271 207 perpessus
1307 156 1350 194 et
1387 150 1560 202 imbres,

768 42 807 74 P.
835 41 1033 74 VlRGiLH
1058 40 1270 75 MARONIS

1792 148 1847 187 60

192 220 328 260 Nocte
367 227 496 267 super
529 211 691 264 media,
733 211 818 252 tuti
849 210 929 251 sub
963 211 1176 252 matribus
1207 211 1309 264 agni

192 274 394 316 Balatum
429 271 649 312 exercent:
690 268 763 309 ille
797 280 926 321 asper
960 270 1003 308 et
1034 267 1255 321 improbus
1291 268 1359 310 ira

194 330 342 373 Saevit
375 328 419 369 in
451 326 673 377 absentes3
714 324 898 366 collecta
935 323 1092 377 fatigat
1133 324 1285 366 edendi

194 389 260 429 Ex
300 386 428 438 longo
467 382 631 433 rabies,
678 385 720 424 et
758 383 900 423 siccae
941 381 1149 434 sanguine
1184 381 1349 423 fauces:

194 443 325 485 Haud
360 442 489 483 aliter
525 438 705 491 Rutulo,
745 453 893 480 muros
933 442 976 480 et
1011 441 1156 479 castra
1193 439 1344 491 tuenti,

1795 435 1847 473 65

195 502 429 555 Ignescunt
464 499 579 548 irae,
618 496 739 538 duris
781 496 906 537 dolor
945 495 1114 536 ossibus
1152 494 1288 545 ardet,

196 560 290 609 Qua
329 559 470 598 tentet
509 555 678 596 ratione
717 553 884 604 aditus,
919 556 961 594 et
1002 566 1113 606 quae
1153 552 1223 593 via
1257 552 1425 592 clausos

196 615 403 657 Excutiat
440 613 628 654 Teucros
668 611 781 653 vallo
824 614 956 664 atque
996 609 1190 651 effundat
1228 609 1273 650 in
1310 622 1507 662 aequum.

199 673 409 722 Classem,
441 683 552 723 quae
586 669 716 710 lateri
753 671 994 710 castrorum
1025 666 1230 708 adiuncta
1266 665 1444 717 latebat,

198 728 442 783 Aggeribus
477 729 675 779 saeptam
717 726 877 767 circum
919 729 962 766 et
998 723 1244 765 fluvialibus
1280 723 1418 764 undis

1797 723 1851 761 70

199 786 392 837 Invadit,
431 784 661 837 sociosque
700 783 898 824 incendia
938 782 1082 835 poscit
1113 784 1301 831 ovantes,

200 846 344 897 Atque
383 855 557 883 manum
598 841 702 894 pinu
743 840 947 894 flagranti
984 838 1174 880 fervidus
1216 837 1379 891 implet.

199 902 308 943 Tum
343 912 443 941 vero
475 898 733 940 incumbunt
762 923 818 928 —
848 900 1007 951 urguet
1036 896 1285 950 praesentia
1313 894 1444 935 Turni
1470 918 1525 923 —

201 961 345 1012 Atque
382 956 518 998 omnis
557 955 726 997 facibus
762 954 897 1009 pubes
932 954 1173 1007 accingitur
1211 953 1332 994 atris.

202 1017 432 1069 Diripuere
467 1013 607 1064 focos3
646 1012 818 1066 piceum
857 1011 941 1053 fert
977 1010 1142 1053 fumida
1176 1011 1321 1052 lumen

1800 1007 1853 1044 75

205 1073 353 1115 Taeda
392 1075 435 1113 et
474 1071 754 1112 commixtam
787 1069 1004 1111 Volcanus
1040 1069 1096 1110 ad
1136 1072 1256 1109 astra
1294 1065 1499 1108 favillam.
1563 1119 1570 1125 Ι

320 1130 424 1180 Quis
461 1128 584 1179 deus,
617 1142 640 1168 0
682 1128 856 1179 Musae,
891 1130 980 1168 tam
1023 1140 1151 1168 saeva
1187 1124 1385 1166 incendia
1420 1123 1595 1163 Teucr1s

203 1187 397 1229 Avertit?
433 1189 581 1227 tantos
619 1184 788 1227 ratibus
829 1184 926 1238 quis
969 1183 1138 1238 depulit
1171 1182 1323 1236 ignes?

207 1338 354 1374 perfecta
378 1341 471 1373 sunt.v
498 1345 562 1366 non
587 1337 777 1372 praesentia
801 1336 842 1365 cf.
868 1335 905 1373 5,
935 1334 1010 1364 113.

207 1385 268 1412 1)111
289 1384 411 1412 frustra
429 1383 605 1411 insidiatus
631 1386 662 1411 et
687 1383 808 1410 imbres
824 1390 1011 1417 perpessus

207 1430 312 1458 fremit
342 1432 372 1456 et
400 1428 503 1456 fertur
529 1428 631 1462 rabie,
656 1434 721 1461 qua
740 1429 803 1456 iam
830 1430 930 1456 11111110
951 1427 1011 1455 1111-

208 1483 283 1511 nus,
311 1481 408 1508 quam
425 1473 567 1509 insidiis,
591 1473 767 1507 quidquam
793 1473 936 1508 perficiet
956 1481 1013 1500 ne-

208 1528 271 1555 que
298 1512 381 1548 oves
408 1519 574 1548 territahit.
596 1534 633 1538 —
651 1526 692 1547 ac
713 1516 824 1547 veluti
845 1526 947 1558 quum
968 1518 1010 1547 cs.

208 1566 246 1602 4,
271 1564 350 1593 402.

254 1610 309 1638 61.
336 1611 436 1638 nocte
461 1616 566 1648 super
589 1606 706 1636 media
734 1607 774 1636 cf.
803 1607 840 1642 6,
863 1606 942 1636 203.

254 1654 308 1683 62.
336 1652 531 1695 improbam,
567 1654 704 1689 nimius,
741 1655 940 1689 vehemens,
972 1652 1014 1681 cf.

208 1700 248 1737 2,
272 1699 349 1728 356.

255 1744 309 1773 63.
335 1741 448 1773 saevit
470 1741 525 1772 ira
542 1744 639 1778 iunge
665 1750 707 1771 ex
732 1747 910 1778 praecepto
938 1745 1016 1770 Ser-

208 1791 265 1819 vii.
293 1805 336 1809 -<
362 1787 398 1818 in
423 1787 603 1818 absentes:
634 1789 875 1824 „phantasiam
902 1788 1017 1816 saevi-

209 1837 276 1865 tiae
298 1835 487 1871 expressit,
513 1834 590 1869 quia
618 1833 685 1868 lupi
707 1834 757 1862 sic
782 1834 873 1862 circa
896 1836 1014 1862 caulas

210 1882 362 1914 fremunt,
388 1884 422 1909 ut
443 1881 475 1909 in
492 1880 576 1915 ipsis
593 1879 790 1908 animalibus
813 1878 956 1908 solent.“
981 1881 1013 1908 S.

211 1927 260 1957 Cf.
287 1928 359 1956 Val.
384 1927 432 1954 1⁴¹1.
458 1925 490 1961 3,
515 1925 582 1954 589
603 1922 755 1965 frangit
781 1927 813 1954 ct
838 1922 1016 1954 absentem

209 1969 333 2002 vacuis
354 1968 416 2000 snb
438 1967 601 1999 dentibus
624 1967 766 1998 hostem.

258 2015 311 2046 64.
338 2013 454 2045 rabies
481 2012 620 2050 edendi,
649 2015 752 2044 fames
779 2015 950 2053 acerrima,
976 2013 1016 2042 rs.

213 2062 252 2098 (35
280 2059 364 2095 421,
403 2070 444 2091 ex
477 2063 571 2097 longo
598 2064 741 2095 tempore
771 2062 918 2090 collecta.
967 2061 1017 2088 Ita

212 2105 382 2148 colligere
407 2104 537 2135 rabiem
567 2108 627 2135 ΟΥ.
652 2109 695 2134 Μ.
725 2105 753 2142 1,
780 2104 856 2135 233.
886 2121 924 2126 -—-
953 2103 1018 2134 sic—

213 2161 275 2182 cae
302 2149 481 2192 sangnine
503 2150 630 2189 fauces
655 2152 695 2181 cf.
726 2151 755 2186 3,
784 2149 838 2180 69.
879 2149 910 2186 8,
938 2147 1015 2179 261.

259 2196 313 2227 67.
340 2206 412 2237 qna
445 2195 584 2226 ratione
614 2198 716 2232 possit
755 2197 788 2226 in
827 2201 937 2226 castra
972 2197 1016 2225 ir-

213 2251 377 2279 rumpere,
404 2244 436 2271 et
460 2242 538 2278 (pro
566 2251 629 2277 quo
656 2245 718 2272 aut
745 2242 1015 2278 exspectaveris)

214 2297 279 2325 qua
315 2289 440 2317 ratione
475 2297 492 2317 e
531 2289 651 2317 castris
691 2288 810 2317 elicere
844 2288 1015 2317 Troianos.

215 2337 315 2364 Recte
332 2338 440 2363 autem
465 2334 564 2362 etiam
592 2337 622 2362 et
648 2334 779 2367 dictum,
806 2335 888 2368 quod
908 2337 1015 2362 utrum

215 2382 268 2409 fiat
292 2379 394 2408 Turni
426 2379 510 2407 nihil
537 2380 670 2407 interest
702 2380 741 2408 cf.
769 2377 805 2414 2,
832 2378 886 2408 37.
936 2380 1017 2408 Vult

214 2427 308 2455 modo
324 2425 388 2453 sibi
401 2425 566 2461 pugnandi
581 2424 648 2453 fieri
662 2428 862 2459 potestatem.
894 2426 1017 2454 Tamen

221 2468 274 2500 Pl.
317 2470 421 2505 poscit
465 2471 527 2499 aut
566 2478 622 2504 pro
666 2472 708 2499 et.
758 2485 795 2489 ——
845 2478 915 2509 qua
958 2468 1016 2498 via

216 2517 348 2555 FMybc,
388 2522 430 2544 ex
463 2523 525 2550 quo
553 2515 627 2550 quis
661 2516 708 2543 rei
743 2516 897 2544 metricae
919 2522 1017 2550 quam

216 2561 449 2597 grammaticae
483 2560 616 2595 peritior
653 2561 787 2595 scripsit
820 2569 910 2600 quae
944 2559 1016 2597 via,

216 2608 301 2641 quod
322 2610 371 2635 est
396 2607 428 2634 in
447 2606 477 2634 R
500 2610 529 2634 et
552 2607 597 2641 P;
622 2607 678 2634 sed
697 2606 731 2634 in
745 2608 805 2635 hoc
820 2610 1017 2641 expunctum

216 2656 264 2680 est
290 2660 318 2680 e.
366 2652 544 2686 Utrumque
572 2652 720 2688 agnoscit
751 2652 899 2680 Servius.
954 2649 1015 2680 Rb.

217 2697 301 2726 coni.
327 2705 396 2737 qua
422 2694 469 2725 υἱ.

264 2740 317 2770 68.
343 2738 506 2781 effundat
538 2738 574 2770 in
602 2749 754 2780 aequum
788 2740 939 2771 FMP2R.
975 2757 1013 2762 —-

218 2795 350 2828 aequor
370 2783 415 2815 Pl
433 2795 495 2815 rec.
525 2783 586 2815 Hb.
635 2788 684 2816 Re
709 2795 773 2816 non
798 2787 915 2823 differt,
940 2795 1016 2817 nam

218 2830 252 2861 in
280 2840 427 2872 aequum
455 2836 519 2866 est,
556 2832 611 2860 uhi
646 2840 751 2867 aequa
784 2838 869 2861 esset
897 2841 1015 2869 pugna,

218 2882 247 2905 et
273 2885 404 2916 aequor
426 2881 474 2906 est
498 2884 686 2912 camporum
717 2877 758 2907 cf.
781 2879 854 2907 Liv.
883 2876 946 2916 22,
974 2877 1015 2907 12

221 2919 254 2950 in
274 2930 423 2961 aequum
450 2919 650 2963 degressus.

1105 1333 1159 1364 69.
1185 1336 1288 1370 Quum
1311 1335 1353 1362 atl
1377 1335 1487 1361 castra
1511 1331 1636 1359 aditum
1658 1331 1786 1359 nullum
1806 1337 1858 1358 re-

1058 1382 1211 1417 perisset,
1237 1380 1361 1409 invasit
1383 1380 1539 1414 classem,
1566 1383 1650 1411 (uiae
1672 1376 1706 1404 in
1727 1375 1858 1404 flumine

1056 1428 1182 1456 munita
1207 1426 1336 1461 quim’m
1371 1432 1504 1460 aggere,
1539 1423 1597 1451 sed
1630 1426 1725 1450 extra
1748 1424 1859 1450 castra

1057 1476 1175 1507 stabat,
1198 1479 1335 1506 eamque
1357 1469 1528 1499 incendere
1544 1471 1648 1503 parat,
1673 1470 1707 1495 ut
1724 1465 1859 1496 Troiani

1057 1518 1160 1548 classi
1191 1517 1367 1547 subvenire
1400 1519 1431 1544 et
1459 1514 1618 1549 proelium
1647 1513 1732 1541 inire
1763 1519 1857 1548 coge-

1057 1568 1178 1593 rentur.

1107 1607 1161 1637 72.
1181 1604 1348 1645 fervidus
1373 1601 1509 1644 implet,
1535 1607 1568 1632 ut
1594 1601 1670 1632 350.
1711 1601 1768 1640 1⁰,
1792 1599 1859 1631 ’788

1057 1651 1223 1692 fervidus
1253 1650 1384 1684 insunt,-
1417 1649 1580 1679 adiectivo
1611 1650 1652 1678 ad
1681 1648 1861 1678 subiectum

1061 1703 1171 1728 tracto.
1221 1698 1271 1727 Cf.
1298 1697 1336 1732 5,
1363 1693 1438 1724 137.
1495 1692 1554 1724 Rb.
1578 1698 1651 1729 post
1675 1703 1709 1723 v.
1739 1691 1782 1722 72
1809 1694 1860 1722 in-

1061 1745 1121 1774 fert
1144 1752 1175 1772 v.
1204 1740 1279 1771 146.
1307 1739 1382 1770 147.
1430 1742 1518 1769 Idem
1542 1739 1619 1769 facit
1650 1736 1714 1768 Ld.

1108 1787 1162 1818 73.
1189 1789 1319 1828 urguet
1341 1784 1544 1826 praesentia
1571 1782 1699 1814 'I'urniz
1738 1784 1862 1814 Milites

1062 1836 1116 1864 ubi
1143 1842 1164 1864 a
1185 1836 1265 1863 duce
1289 1840 1324 1861 se
1350 1832 1495 1866 conspici
1520 1831 1718 1867 intelligunt,
1738 1830 1862 1860 maiore

1061 1881 1167 1909 studio
1193 1881 1227 1908 in
1252 1878 1411 1914 proelium
1434 1877 1589 1906 feruntur.

1109 1924 1163 1954 74.
1190 1921 1394 1965 accingitur
1415 1920 1562 1960 facibus
1595 1925 1778 1959 ..ai-matur,
1811 1921 1862 1950 in-

1062 1969 1232 2001 struitttr.“
1251 1972 1282 1998 S.
1326 1971 1416 1997 Nove
1435 1971 1496 1997 hoc
1516 1968 1636 1997 dictum
1653 1967 1692 1997 cf.
1715 1965 1766 2003 12,
1783 1963 1861 1996 451.

1066 2033 1104 2038 —-
1131 2014 1231 2049 atris,
1256 2014 1400 2050 fumidis,
1425 2013 1510 2042 tristi
1529 2013 1645 2044 omine.
1671 2012 1711 2041 cf.
1730 2021 1763 2042 v.
1785 2010 1862 2042 719.

1109 2061 1165 2091 75.
1191 2060 1385 2099 „Quaeritur
1420 2059 1497 2094 quid
1531 2059 1594 2087 sibi
1632 2058 1756 2087 faciant
1786 2058 1862 2088 foci.

1064 2110 1123 2137 Sed
1156 2109 1190 2136 in
1220 2106 1418 2137 carminibus
1445 2105 1605 2140 quaedam
1629 2111 1688 2133 nec
1713 2105 1754 2132 ad
1783 2106 1863 2133 suh-

1062 2155 1214 2183 tilitatem
1235 2161 1294 2182 nec
1315 2152 1356 2180 ad
1374 2150 1546 2180 veritatem
1570 2149 1732 2186 exigenda
1752 2146 1863 2178 sunt.“

1063 2202 1095 2229 S.
1134 2200 1242 2229 Aliter
1262 2195 1334 2227 Pt..·
1372 2197 1584 2233 ..Quicunque
1604 2195 1637 2224 in
1653 2195 1743 2224 casis
1760 2195 1864 2224 rusti-

1063 2253 1173 2275 corum
1197 2244 1433 2273 invenirentur.
1483 2242 1567 2270 Hinc
1584 2241 1754 2276 rapiebant
1771 2241 1864 2278 ligna

1062 2294 1122 2320 sub
1135 2292 1244 2320 cinere
1259 2286 1399 2325 positast
1432 2288 1542 2322 Neque
1559 2291 1666 2316 tamen
1684 2291 1749 2316 tam
1765 2294 1864 2322 prope

1062 2337 1231 2365 habitasse
1262 2335 1414 2364 videntur
1447 2340 1467 2361 a
1500 2332 1618 2361 castris
1649 2333 1864 2362 Troianorum

1061 2382 1182 2411 Latini.
1244 2381 1381 2410 Videtur
1419 2382 1527 2407 autem
1565 2382 1657 2413 poeta
1700 2378 1864 2415 cogitasse

1062 2428 1168 2460 focos,
1204 2427 1260 2461 qui
1285 2428 1377 2454 erant
1401 2425 1435 2452 in
1459 2423 1580 2453 castris
1604 2424 1795 2453 Latinorum
1821 2423 1863 2453 cf.

1062 2482 1094 2502 v.
1136 2471 1208 2501 160.
1263 2470 1373 2499 Noluit
1403 2473 1512 2499 autem
1544 2470 1655 2498 verbis
1691 2470 1864 2499 extendere

1062 2524 1204 2553 tempuS,
1231 2525 1287 2552 per
1312 2517 1397 2551 quod
1420 2516 1551 2545 Turnus
1579 2515 1656 2549 quid
1684 2514 1785 2544 faciat
1807 2516 1863 2544 de-

1063 2565 1191 2600 liberat,
1216 2566 1247 2591 et
1269 2562 1352 2597 quod
1371 2560 1568 2597 intercessit,
1591 2561 1668 2590 dum
1691 2561 1780 2590 faces
1803 2566 1863 2595 ap-

1064 2612 1280 2645 portarentur.
1329 2607 1445 2636 Simile
1471 2606 1509 2644 5,
1535 2603 1613 2635 660.

1066 2685 1107 2716 77
1124 2702 1167 2706 —-
1188 2683 1261 2715 122.
1311 2682 1543 2714 Troianorum
1573 2689 1678 2714 naves
1702 2679 1739 2712 in
1764 2689 1861 2723 nym-

1324 2727 1412 2770 phas
1438 2731 1601 2760 mutatae.

1109 2784 1164 2815 77.
1190 2788 1278 2816 Idem
1304 2790 1415 2816 narrat
1432 2788 1492 2816 ov.
1513 2787 1555 2814 Μ.
1579 2782 1630 2820 14,
1653 2781 1861 2813 525—565.

1066 2848 1103 2852 —
1141 2841 1160 2861 ο
1195 2830 1339 2862 Musae.-
1375 2832 1475 2868 „quia
1506 2838 1558 2859 res
1590 2831 1721 2858 deorum
1753 2833 1802 2859 est
1831 2834 1862 2859 et

1061 2879 1176 2911 ardua,
1202 2877 1272 2906 ideo
1292 2886 1348 2912 per
1368 2885 1405 2906 se
1421 2883 1492 2905 eam
1513 2883 1577 2904 non
1596 2879 1699 2911 potest
1719 2873 1861 2905 dicere.“

1062 2926 1094 2951 S.
1144 2923 1193 2953 Cf.
1219 2921 1258 2960 7,
1285 2920 1362 2951 641.
