2023 3350
710 100 945 134 AENEIDOS
972 102 1057 135 LIB.
1087 102 1127 134 X.

1667 103 1748 142 499

105 217 273 269 Anceps
307 218 549 256 sustentata
587 213 674 265 diu,
718 214 963 268 fluctusque
995 214 1171 270 fatigat,

107 274 319 324 Solvitur,
356 277 488 326 atque
525 273 639 313 viros
677 272 833 314 mediis
871 274 1047 328 exponit
1077 274 1122 315 in
1158 272 1308 325 undis;

1665 274 1748 314 305

106 331 340 385 Fragmina
371 343 589 371 remorum
621 344 726 384 quos
768 335 809 372 et
850 330 1072 373 fluitantia
1110 335 1305 373 transtra

106 388 367 443 Impediunt,
404 387 672 442 retrahjtque
712 388 865 442 pedem
900 389 1029 431 simul
1060 389 1176 431 unda
1216 388 1424 430 relabens.

222 446 309 487 Nec
344 445 534 486 Turnum
572 446 713 499 segnis
743 447 901 488 retinet

939 461 1079 488 mora:
1120 446 1194 488 sed
1229 447 1344 500 rapit
1381 459 1480 488 acer

106 505 260 546 Totam
302 503 437 544 aciem
475 503 519 544 in
557 503 743 546 Teucros
787 509 830 546 et
859 510 1011 546 contra
1048 505 1093 546 in
1133 505 1261 546 h'tore
1296 504 1422 546 sistit.

105 562 234 615 Signa
267 565 438 602 canunt.

497 561 666 603 Primus
700 566 866 604 turmas
908 563 1066 604 invasit
1109 567 1301 616 agrestes

103 621 284 669 Aeneas,
324 632 448 660 omen
484 633 673 673 pugnae,
713 621 956 674 stravitque
994 620 1171 662 Latinos

104 676 253 718 Occiso
284 675 496 727 Therone,
526 678 666 718 virum
707 679 781 731 qui
813 679 1025 720 maximus
1061 678 1178 720 ultro

102 737 278 775 Aenean
315 735 446 787 petit:
484 735 582 776 huic
621 736 766 789 gladio
802 750 966 790 perque
1007 750 1135 778 aerea
1173 738 1290 785 suta,

102 792 183 833 Per
218 791 410 834 tumeam
453 794 723 847 squalentem
760 808 866 836 auro
908 794 1026 836 latus
1062 794 1209 835 haurit
1243 794 1452 846 apertum.

101 849 206 891 Inde
241 849 404 892 Lichan
436 850 556 903 ferit,
586 856 803 893 exsectum
840 852 927 893 iam
962 856 1101 893 matre
1142 853 1386 906 perempta,

1669 850 1691 888 00

1699 850 1717 888 p-a

1727 850 1749 888 C(

100 907 158 949 Et
194 907 296 959 tibi,
337 908 527 961 Phoebe,
567 923 756 961 sacrum,
788 924 913 952 casus
950 909 1129 951 evadere
1170 909 1273 950 ferri

101 1068 164 1094 que
190 1062 350 1089 densatur
381 1065 410 1089 et
434 1062 466 1089 in
488 1062 620 1089 modum
645 1062 722 1091 saxi
748 1064 905 1095 durescit,

101 1107 187 1141 quod
209 1114 229 1135 a
254 1107 362 1135 nautis
388 1104 557 1146 pulvinus
575 1107 758 1137 vocatam-⁶
790 1112 823 1137 S.
854 1109 902 1137 si-

101 1153 175 1181 111110
202 1158 271 1181 erat
305 1153 330 1186 1,
371 1152 442 1181 110.
493 1153 574 1181 Ptin.
601 1155 658 1188 Ep.
684 1154 714 1187 6,
737 1153 776 1182 31
808 1152 906 1183 Emi—

100 1201 157 1227 net
186 1200 217 1227 et
244 1201 393 1237 apparet
416 1206 558 1227 saxeum
592 1197 750 1235 dorsum,
792 1198 907 1237 impa-

100 1246 239 1284 ctosque
274 1242 400 1277 fluctus
434 1241 468 1272 in
502 1242 704 1273 immensum
742 1243 841 1275 elidit
876 1247 908 1274 et

100 1287 206 1319 tollit.
247 1305 284 1309 -—
316 1288 443 1328 pendet
475 1290 515 1318 cf.
553 1289 586 1321 1,
617 1290 677 1319 106
707 1296 736 1319 et
769 1293 847 1320 Luc.
874 1292 906 1327 9,

98 1335 166 1364 337
198 1333 284 1364 Pars
309 1334 404 1364 sedet
432 1345 501 1364 una
528 1333 636 1371 ratis,
667 1344 752 1375 pars
790 1334 906 1366 altera

98 1378 229 1420 pendet
255 1379 290 1410 in
316 1379 432 1410 nudis.

145 1425 223 1456 304.
247 1425 422 1465 „Ant-eps,
447 1429 521 1456 dum
540 1436 602 1456 nec
624 1434 704 1458 stat.
728 1437 791 1456 nec
809 1429 907 1459 eadit.

99 1472 243 1502 nutans“
276 1470 513 1512 112'g.fluctus
531 1471 678 1515 fatigat
704 1475 909 1503 resistendo.

100 1520 245 1549 Tandem
273 1521 425 1547 solvitur.

144 1564 222 1594 305.
255 1562 307 1594 Pl.
342 1573 400 1600 pro
442 1562 592 1594 solvitur
633 1567 702 1594 vult
738 1564 908 1604 volvitur,

99 1619 197 1648 „nam
223 1611 321 1640 navis
346 1616 411 1640 tam
437 1611 500 1640 0110
524 1611 635 1646 frangi
667 1616 698 1640 et
729 1613 817 1641 solvi
844 1621 909 1642 non

99 1658 263 1694 poterat.“
293 1656 349 1693 (ἓ)

145 1702 224 1733 307.
248 1704 396 1733 Tandem
427 1703 467 1731 ad
500 1703 578 1732 litus
615 1704 822 1739 perveniunt.
872 1706 907 1733 ld

99 1757 165 1778 non
195 1757 279 1785 opus
315 1754 385 1777 erat
429 1756 576 1778 narrare.
625 1746 778 1784 „Pedem
808 1749 908 1778 1112112

99 1795 228 1831 poetice
257 1796 377 1824 dictum
400 1795 510 1829 aptius
538 1803 633 1829 quatu
654 1793 760 1832 pedes
786 1795 818 1824 in
835 1797 906 1830 ple-

98 1841 212 1876 risque
237 1841 357 1876 legitur
385 1838 605 1878 Mtpnynlc;
644 1841 676 1869 in
722 1842 904 1877 archetypo

99 1886 206 1915 fuerat
230 1883 449 1924 pedesimul“
474 1887 534 1914 Rb.
566 1885 592 1914 1.
622 1894 651 1922 p.
677 1885 752 1915 337.

101 1952 292 1985 308—361.
340 1950 442 1984 Acris
465 1952 502 1983 in
522 1950 623 1984 litore
644 1960 760 1993 pugna
780 1960 904 1984 accen-

450 2008 557 2041 ditur.

146 2067 224 2097 308.
249 2065 346 2106 rapit
378 2073 408 2096 ut
434 2068 472 2105 7,
492 2067 568 2097 725.
616 2084 659 2088 -——-
701 2065 797 2108 rapit
824 2076 904 2097 acer

490 2113 578 2143 Acer
604 2119 713 2143 autem
740 2119 791 2142 est
818 2119 905 2142 stre·

827 2160 904 2188 672.

97 2114 218 2149 iungas
247 2113 288 2142 cf.
311 2113 341 2150 6,
366 2113 438 2142 137.

99 2161 156 2189 11111
183 2159 364 2189 bellatoris.
414 2161 468 2189 Sic
503 2168 583 2189 acer
616 2158 725 2189 Coras
751 2159 769 2187 7
793 2182 800 2196 ,

102 2203 274 2235 Romulus
317 2204 349 2242 8,
391 2204 468 2235 340.
519 2205 657 2235 Aeneas
687 2203 763 2234 441.
819 2203 906 2234 Tur-

99 2260 166 2281 nus
200 2250 278 2280 614.
333 2249 517 2290 Messapus
555 2251 604 2288 11,
643 2251 721 2281 518.
780 2249 906 2281 Atinas

99 2297 177 2326 869.
204 2294 304 2326 bellis
320 2305 398 2326 acer
412 2294 590 2327 Halaesus
611 2298 660 2335 10,
680 2297 717 2327 -11
731 2297 757 2326 1.
780 2295 906 2336 Pelops

101 2351 181 2372 acer
204 2340 300 2383 equis
329 2345 364 2372 G.
389 2343 426 2381 3,
451 2344 483 2372 8.

146 2387 224 2418 309.
257 2386 380 2418 Totam
418 2387 526 2419 aciem
564 2390 584 2418 i.
616 2398 644 2418 e.
677 2398 793 2418 omnes
832 2397 903 2427 eas,

102 2442 185 2469 quas
218 2436 353 2464 Aeneae
380 2443 547 2471 opponere
580 2436 641 2464 sibi
672 2441 903 2471 proposuerat,

101 2481 216 2516 copias
244 2489 307 2509 uno
332 2481 454 2516 impetu
477 2482 618 2511 adducit.
645 2482 686 2511 cf.
712 2481 790 2510 285.

148 2525 225 2554 310.
252 2527 391 2555 Romani
421 2535 519 2562 quum
555 2536 673 2557 sonum
704 2532 801 2556 tubae
833 2536 902 2556 rem

102 2572 288 2608 primariam
313 2574 489 2608 haberen1;
518 2582 598 2609 non,
634 2574 687 2609 qui
721 2582 793 2604 eum
825 2576 903 2603 tuba

101 2619 185 2653 edit,
223 2618 415 2654 nubit-inem,
456 2620 517 2648 sed
553 2620 629 2654 ipsa
657 2620 754 2655 signa
779 2628 900 2649 canere

101 2671 206 2699 saepe
224 2664 388 2693 dixerunt.
436 2666 537 2694 Plene
563 2666 641 2694 dixit
660 2668 740 2695 Sall.
757 2668 823 2701 lug.
839 2665 882 2694 99
897 2676 904 2694 :

100 2713 226 2740 Marius
250 2707 518 2739 iubettubicines
535 2708 640 2740 simul
660 2720 776 2741 omnes
793 2710 901 2752 signa

101 2764 244 2792 canere,
278 2764 374 2790 quum
405 2759 503 2791 paulo
529 2762 604 2786 ante
635 2754 743 2798 signa
776 2766 901 2786 canere

100 2804 240 2837 legatur.
266 2818 310 2821 —
341 2799 490 2831 Turmas
520 2803 600 2831 dixit
625 2804 697 2837 vgt.
730 2806 759 2832 11.
792 2805 812 2832 l.
841 2812 900 2839 pe-

102 2849 214 2885 ditum,
239 2852 337 2883 quum
363 2848 426 2877 sint
452 2849 598 2883 equitum
619 2849 737 2883 ubique
763 2854 794 2878 et
810 2851 899 2885 apud

101 2894 211 2929 ipsum
235 2899 365 2930 poetam
389 2894 431 2923 cf.
456 2893 494 2929 5,
527 2893 604 2923 550.
636 2893 693 2931 ll,
724 2893 800 2923 503.
825 2895 902 2924 518.

102 2938 180 2968 598.
208 2939 288 2969 620.
310 2955 352 2960 —
384 2939 551 2981 Agrestes
583 2940 681 2969 iidem
713 2942 813 2978 sunt,
849 2941 903 2976 qui

102 2983 165 3013 311
195 2986 314 3021 Latini,
346 2986 400 3022 qui
426 2987 540 3015 occiso
564 2988 715 3015 Therone
739 2987 771 3015 in
791 2986 902 3022 fugam

106 3035 277 3061 vertuntur
299 3031 342 3068 ef,
367 3032 400 3069 8,
425 3032 458 3062 8.

994 1061 1070 1090 311.
1103 1057 1209 1089 Omen
1227 1067 1375 1100 pugnae
1395 1057 1583 1093 oppositum
1599 1058 1638 1086 ad
1660 1059 1752 1086 stra-

949 1105 998 1136 vit
1030 1104 1186 1136 Latinos.
1212 1105 1251 1134 cf.
1272 1105 1323 1133 11.
1350 1104 1392 1133 76
1417 1105 1516 1138 „ldeo
1536 1112 1641 1134 omen.
1666 1104 1744 1138 quia

949 1154 1032 1182 sicut
1059 1160 1156 1186 nunc.¹
1183 1151 1374 1185 sie'ubique
1395 1150 1494 1178 vineit
1517 1150 1687 1178 Aeneas.··
1714 1153 1751 1178 s·

996 1198 1074 1227 313.
1099 1205 1229 1238 perque
1253 1213 1298 1216 —
1320 1204 1393 1235 per.
1419 1197 1510 1224 Solet
1535 1197 1618 1230 Vgl.,
1645 1200 1753 1230 quau·

951 1247 990 1273 do
1026 1247 1109 1273 duas
1140 1251 1195 1271 res
1228 1244 1272 1272 ita
1303 1242 1423 1277 iungit,
1465 1247 1496 1270 ut
1535 1242 1651 1270 eodem
1691 1249 1752 1270 eas

951 1292 1115 1320 vocabulo
1141 1293 1306 1324 opponat,
1333 1295 1396 1322 quo
1418 1287 1523 1322 magis
1549 1295 1607 1316 eas
1630 1289 1753 1316 cohae-

950 1345 1023 1365 rere
1052 1336 1183 1367 indicet,
1209 1335 1311 1369 primo
1338 1335 1412 1362 1000
1438 1334 1559 1362 addere
1583 1336 1750 1368 copulam.

951 1384 1006 1411 Sic
1045 1390 1111 1421 que
1143 1380 1221 1409 369.
1256 1381 1286 1413 7,
1317 1379 1370 1407 75.
1399 1378 1450 1413 12,
1482 1377 1560 1407 548.
1586 1380 1668 1407 adde
1702 1378 1752 1408 11.

956 1427 1029 1456 171.
1057 1428 1107 1455 11111
1134 1428 1188 1455 vel
1213 1426 1279 1455 alia
1305 1425 1432 1454 accedit
1462 1425 1623 1459 particula
1647 1433 1752 1461 copu-

951 1475 1066 1503 lativa.
1125 1473 1178 1500 Sic
1225 1474 1255 1501 et
1300 1472 1338 1509 7,
1367 1470 1444 1499 327.
1492 1469 1569 1499 516.
1616 1470 1653 1509 8,
1699 1470 1753 1500 91.

959 1518 1006 1549 l'e
1025 1520 1069 1548 ita
1101 1519 1252 1553 usurpari
1276 1525 1340 1546 non
1373 1521 1502 1545 constat
1533 1516 1573 1545 cf.
1601 1516 1638 1553 3,
1662 1516 1719 1546 88.

997 1563 1075 1594 31⁴.
1098 1565 1218 1593 Lorica
1249 1569 1300 1592 est
1332 1569 1408 1592 suta
1440 1562 1549 1591 aereis
1586 1563 1751 1599 lamellis-3

952 1612 981 1640 ei
1001 1614 1117 1640 subest
1133 1611 1255 1645 tunica,
1283 1610 1377 1638 cuius
1404 1617 1482 1643 pars
1500 1609 1634 1637 inferior
1647 1610 1754 1639 lorica

952 1667 1016 1687 non
1038 1662 1124 1686 tecta
1150 1662 1259 1692 potest
1284 1656 1454 1690 conspici,
1486 1660 1516 1683 ut
1543 1662 1623 1684 auro
1648 1656 1754 1684 inter-

952 1709 1074 1732 textam
1113 1711 1186 1732 eam
1232 1710 1311 1730 esse
1352 1707 1522 1736 appareat.
1571 1702 1625 1730 Sic
1672 1705 1752 1731 Stat.

951 1751 1051 1778 Theb.
1095 1747 1127 1786 3,
1183 1747 1250 1776 585
1292 1755 1395 1776 aerea
1451 1749 1531 1775 suta
1573 1744 1754 1777 thoracum

951 1792 1106 1824 tunicam
1135 1790 1353 1832 squalentem
1380 1800 1468 1821 auro
1493 1793 1568 1820 item
1606 1792 1659 1829 12,
1697 1794 1752 1822 87.

951 1843 986 1870 G.
1014 1838 1051 1875 4,
1101 1839 1139 1868 91
1181 1835 1331 1867 maculis
1383 1845 1469 1866 auro
1514 1836 1754 1878 squalentibus

949 1883 1088 1915 ardens.
1150 1885 1263 1914 Claud.
1304 1886 1400 1919 Nupt.
1435 1885 1517 1912 Hon.
1562 1883 1625 1913 150
1677 1884 1753 1914 vivo

948 1928 1150 1972 squalentia
1183 1927 1313 1959 murice
1356 1932 1472 1969 terga.
1525 1929 1566 1958 cf.
1601 1933 1686 1960 Gell.
1720 1930 1752 1961 2.

949 1977 980 2006 6.
1028 1993 1070 1997 —
1121 1973 1339 2016 squalentem
1370 1983 1457 2004 auro
1483 1978 1754 2014 „splendenteu1,

948 2025 984 2052 Id
1016 2023 1180 2058 significat
1213 2022 1341 2057 copiam
1384 2021 1647 2057 densitatemque
1681 2025 1753 2052 auri

950 2070 984 2098 in
1007 2076 1218 2105 squamarum
1243 2068 1389 2103 speciem
1412 2068 1538 2096 intexti.
1582 2067 1753 2109 Squalere

953 2116 1035 2144 enim
1061 2116 1180 2143 1110111111
1206 2119 1255 2143 est
1283 2121 1303 2142 a
1334 2121 1545 2148 squamarum
1579 2116 1752 2144 crebritate

952 2162 1208 2196 asperitateque,
1227 2160 1358 2194 quaein
1375 2160 1576 2194 serpentium
1592 2161 1754 2196 piscium-

953 2215 1016 2242 que
1041 2207 1139 2236 coriis
1163 2207 1348 2235 visunturs·
1373 2208 1405 2233 S.
1431 2205 1462 2233 111
1484 2207 1562 2240 alqt.
1587 2222 1631 2227 —
1656 2205 1754 2236 latus

952 2250 1083 2283 haurit.
1114 2252 1323 2286 Comparatio
1343 2256 1394 2279 est
1420 2253 1459 2279 ab
1486 2259 1536 2284 eo.
1560 2254 1646 2286 quod
1670 2255 1754 2283 hau-

953 2299 1066 2328 riendo
1110 2299 1141 2327 in
1180 2306 1242 2326 vas
1278 2302 1477 2332 penetratur.
1527 2298 1581 2326 sic
1610 2295 1754 2329 haurire

952 2342 1046 2374 latus
1072 2347 1127 2373 vel
1149 2345 1312 2372 hominem
1337 2343 1453 2371 dicitur
1478 2348 1508 2371 et
1541 2343 1614 2378 ipse
1648 2346 1752 2382 ensis,

952 2396 984 2419 ut
1010 2390 1057 2424 2,
1089 2390 1157 2419 600
1181 2390 1240 2426 (111
1277 2386 1381 2418 hasta
1423 2386 1506 2418 bibit
1535 2398 1689 2419 cruorem
1721 2392 1754 2425 2,

950 2435 1038 2472 804]
1070 2442 1100 2464 et
1125 2436 1179 2470 qui
1207 2435 1360 2470 perforat,
1389 2435 1436 2463 sic
1465 2437 1524 2463 Ov.
1551 2438 1592 2464 Μ.
1618 2435 1649 2473 5,
1681 2436 1752 2473 126,

952 2481 1046 2512 latus
1073 2490 1152 2510 ense
1176 2478 1297 2510 haurit
1314 2482 1370 2510 Sil.
1386 2480 1419 2515 5,
1452 2479 1529 2516 524,
1551 2480 1671 2518 femur
1691 2484 1752 2512 Ον.

949 2532 991 2558 Μ.
1026 2528 1058 2561 8,
1102 2527 1179 2565 371,
1207 2529 1358 2556 ventrem
1399 2527 1470 2555 Liv.
1511 2526 1540 2562 7,
1587 2526 1635 2556 10.
1701 2529 1755 2559 Sic

949 2572 1164 2615 sanguinem
1216 2570 1360 2601 haurire
1390 2572 1469 2600 dixit
1506 2572 1577 2601 Liv.
1607 2573 1671 2609 22,
1697 2574 1753 2604 51.

948 2619 1003 2656 26,
1049 2620 1099 2648 13.
1138 2621 1167 2655 ἴ,
1203 2617 1247 2647 24
1296 2616 1334 2647 ln
1373 2615 1506 2646 belluas
1548 2616 1754 2650 strinximus

939 2665 1100 2705 ferrum‚·
1124 2662 1340 2693 hauriendus
1358 2665 1419 2692 aut
1437 2661 1578 2693 dandus
1600 2669 1648 2694 est
1671 2675 1755 2696 san-

947 2710 1041 2753 guiS.
1091 2712 1158 2741 Cic.
1187 2713 1271 2739 sest.
1294 2709 1357 2745 24,
1383 2708 1426 2737 54
1459 2708 1505 2737 ad
1532 2719 1643 2739 meum
1670 2720 1754 2741 san-

946 2756 1090 2799 guinem
1103 2753 1337 2786 hauriendum
1351 2752 1619 2786 advolaverunt.
1640 2758 1754 2788 Claud.

946 2805 976 2832 in
1004 2806 1091 2833 Eutr.
1118 2805 1147 2834 l.
1177 2800 1245 2830 482
1271 2809 1426 2830 cruorem
1458 2799 1597 2831 ensibus
1620 2803 1752 2834 hausit.

997 2849 1074 2878 317.
1094 2845 1188 2886 ferri
1214 2856 1261 2876 se.
1291 2847 1500 2875 medicorum.

997 2895 1074 2924 316.
1101 2892 1173 2931 „Et
1199 2891 1262 2922 tibi
1293 2889 1422 2921 Phoebe
1449 2900 1597 2922 sacrum.
1631 2896 1753 2925 Omnes

950 2941 1005 2975 qui
1032 2946 1125 2970 secto
1152 2941 1265 2968 matris
1283 2944 1399 2967 ventre
1428 2944 1653 2973 procreantur.
1677 2941 1751 2970 ideo

948 2991 1026 3016 sunt
1053 2986 1197 3022 Apollini
1223 2984 1423 3017 consecrati.
1447 2985 1524 3019 quia
1545 2987 1628 3014 deus
1648 2988 1753 3016 medi-

947 3033 1041 3063 cinae
1078 3037 1147 3069 est,
1185 3039 1243 3068 per
1280 3038 1375 3066 quam
1409 3032 1516 3060 lucem
1560 3032 1751 3063 sortiuntur.
