2023 3350
676 94 912 127 AENErnOS
947 97 1030 128 Lm.
1063 97 1106 128 X.

1633 98 1713 136 515

74 212 118 254 Si
152 225 273 253 mora
311 209 548 264 praesentis
586 208 663 250 leti
697 212 952 263 tempusque
984 209 1147 251 caduco

75 269 236 311 Oratur
266 267 425 315 iuveni,
463 280 613 319 meque
653 266 734 308 hoc
766 268 829 308 ita
864 281 1021 321 ponere
1062 267 1215 318 sentis,

72 327 193 368 Tolle
228 326 330 380 fuga
369 324 556 365 Turnum
593 328 725 378 atque
764 325 1024 366 instantibus
1066 325 1183 378 eripe
1223 324 1338 365 fatis.

70 385 291 426 Hactenus
325 381 553 423 indulsisse
589 386 726 424 vacat.

73 442 160 485 Sub

787 382 860 424 Sin
898 383 1028 424 altior
1065 383 1160 424 istis

194 439 391 496 precibus
429 440 551 480 venia
585 440 674 481 ulla.
715 441 841 486 latet
877 444 1104 494 totumque
1141 439 1303 481 moveli

1632 383 1714 424 625

70 500 281 542 Mutarive
314 501 440 551 putas
478 497 654 549 bellum,
691 513 788 552 spes
828 490 971 552 pascis
1011 499 1171 539 inanes.

659 556 793 607 Quid,
828 557 883 605 51,

72 558 129 599 Et
167 558 270 599 Iuno
310 555 393 596 adl
385 569 460 596 161
462 555 622 597 imaus:

927 570 1039 610 quae
1066 569 1171 597 1066
1212 553 1423 607 gravaris,

71 615 213 658 Mente
246 613 390 663 dares,
428 617 560 666 atque
600 614 705 655 haec
744 615 885 655 Turno
925 618 1023 655 rata
1058 613 1148 654 vita
1178 612 1399 652 maneret?

69 673 189 714 Nunc
225 675 370 712 manet
402 671 614 712 insontem
653 673 796 725 gravis
838 672 1001 723 exitus,

404 729 527 779 Quod
567 734 614 770 ut
653 744 676 768 0
716 730 863 783 potius
907 729 1136 770 formidine
1174 727 1287 768 falsa

67 730 190 771 Vana
216 728 343 769 16101.

1039 675 1115 712 aut
1153 683 1231 722 ego
1267 669 1356 710 veri
1630 671 1713 711 630

66 786 228 837 Ludar,
260 791 303 828 et
341 787 385 827 in
422 788 573 828 melius
614 792 706 838 tua,
748 788 822 841 qui
856 791 996 841 potes,
1034 801 1133 828 orsa
1165 784 1383 827 reflectas!

179 844 297 886 Haec
335 844 409 885 ubi
452 845 569 886 dicta
604 845 739 894 dedit,
778 845 897 887 caelo
931 859 976 886 se
1015 845 1213 898 protinus
1254 842 1344 884 alto

66 902 207 953 Misit,
241 916 373 956 agens
416 902 616 955 hiemem,
657 903 801 944 nimbo
843 903 1085 954 succincta,
1123 916 1200 955 per
1234 914 1384 952 auras3

63 960 329 1013 Iliacamque
362 961 498 1002 aciem
543 965 584 1002 et
624 961 858 1002 Laurentia
896 964 1041 1002 castra
1081 959 1245 1014 pet-ivit.
1631 959 1655 997 6

1661 960 1684 998 02

1691 959 1712 997 ω(

64 1018 173 1060 Το111
210 1018 291 1060 dea
326 1018 439 1060 nube
478 1033 583 1060 cava
612 1022 783 1060 tenuem
819 1019 910 1060 sine
946 1017 1109 1059 viribus
1149 1016 1349 1058 umbram

64 1077 114 1118 In
151 1076 303 1118 faciem
340 1078 506 1118 Aeneae
536 1102 592 1107 ——-
619 1077 711 1118 visu
749 1075 949 1118 mirabile
987 1075 1247 1117 monstrum!
1276 1100 1331 1104 -—

63 1134 298 1176 Dardaniis
335 1140 462 1175 ornat
495 1135 610 1185 telis,
651 1135 921 1189 clipeumque
960 1134 1170 1187 iubasque

63 1192 208 1233 Divini
245 1192 479 1234 adsimulat
516 1193 691 1246 capitis,
732 1192 808 1234 dat
847 1191 994 1233 inania
1028 1191 1177 1241 verba,

62 1250 151 1291 Dat
183 1250 275 1291 sine
312 1254 453 1292 mente
485 1265 653 1302 sonum,

696 1263 954 1303 gressusque
987 1249 1154 1302 effingit
1188 1247 1341 1289 euntis.

1630 1246 1713 1285 (540

63 1307 204 1350 Morte
244 1307 365 1349 obita
399 1308 540 1362 qualis
580 1308 696 1350 fama
735 1312 800 1349 est
837 1307 1020 1348 volitare
1054 1306 1236 1359 figuras,

110 1425 187 1456 622.
215 1425 348 1456 caduco
374 1428 573 1463 „morituro”
599 1430 630 1455 S.
659 1428 699 1456 cf.
727 1426 757 1463 6,
785 1424 864 1454 481.

66 1489 104 1494 -
128 1475 253 1503 Moram
286 1473 362 1503 fatis
385 1473 490 1502 facere
527 1479 661 1508 possunt
694 1473 738 1501 dii
764 1473 805 1501 cf.
833 1470 864 1508 7,

65 1516 141 1548 315.

110 1574 186 1605 623.
209 1585 330 1616 meque
356 1574 408 1605 ita
433 1585 560 1615 ponere
585 1574 712 1606 sentis.-

64 1631 114 1652 me
137 1627 279 1652 statuere
298 1622 477 1659 intelligis,
515 1631 578 1651 non
612 1627 646 1651 ut
679 1627 776 1651 totum
798 1623 865 1650 hel-

62 1671 132 1699 lum
167 1673 327 1705 mutetur,
366 1673 423 1698 aut
449 1669 579 1698 Turnus
610 1669 739 1698 omnino
771 1667 865 1696 morti

63 1715 234 1753 eripiatur,
271 1716 328 1744 sed
358 1715 450 1744 modo
480 1720 631 1744 servetur
661 1723 717 1750 per
739 1718 864 1749 tempus

61 1762 209 1797 aliquod:
249 1757 418 1790 hactenus
451 1763 556 1790 vacat
584 1758 789 1795 indulsisse;
830 1760 862 1787 id

62 1808 122 1836 tibi
144 1808 313 1843 indulgere
339 1807 403 1835 fato
417 1815 609 1836 concessum
631 1811 690 1842 est,
712 1807 767 1834 sed
784 1805 866 1833 ninil

63 1856 161 1883 ultra.

109 1919 186 1950 628.
213 1917 456 1950 adlacrimans
480 1920 519 1949 cf.
546 1916 583 1950 9'.
610 1917 664 1947 52.
691 1935 728 1938 —
761 1915 865 1956 Quid,

63 1964 104 2005 si,
130 1975 220 2003 was,
255 1963 318 1995 wie
348 1963 432 1995 wdr'
454 1974 505 2002 65,
546 1973 644 1993 wenn
676 1970 723 1994 est
748 1965 866 1993 blande

63 2014 246 2050 precantis:
292 2013 369 2048 quid
408 2011 438 2040 si
473 2019 556 2046 quae
595 2019 675 2040 voce
712 2010 862 2046 (aperte)

63 2060 188 2089 edicere
212 2067 275 2088 non
299 2059 353 2087 vis
377 2058 435 2093 (ob
462 2058 661 2093 Venerem),
695 2064 735 2086 ea
758 2062 864 2085 tamen

62 2107 188 2136 occulte
220 2106 434 2141 concederes,
468 2108 497 2132 et
521 2104 622 2132 Turni
654 2103 725 2132 vita
748 2109 864 2131 serva-

62 2156 158 2181 retur.
207 2153 243 2180 Id
268 2152 354 2180 enim
393 2150 499 2185 ipsum
541 2154 607 2185 est,
648 2150 731 2185 quod
768 2153 865 2177 antea

62 2198 220 2228 indicavit
244 2206 300 2233 061·
327 2204 417 2237 quae
442 2196 578 2232 plurali,
605 2203 666 2230 quo
694 2195 864 2224 obscurius

63 2248 158 2279 atque
182 2244 296 2273 tectius
323 2246 482 2278 precatur.
525 2257 562 2261 -—
598 2238 770 2281 gravaris
790 2241 811 2269 i.
836 2250 863 2269 e.

64 2291 208 2327 graviter
222 2290 298 2326 fers,
326 2297 389 2317 non
406 2288 459 2317 vis
480 2296 525 2317 56.
539 2289 626 2316 dare.
669 2284 728 2316 Sic
752 2288 865 2316 mente

65 2334 152 2365 dare
174 2336 292 2372 legitur
319 2332 372 2371 11,
396 2332 474 2363 795.

760 1576 795 1603 Si
819 1575 866 1603 ita

110 2401 189 2432 629.
211 2405 305 2441 rato,
330 2403 516 2438 constituta,
537 2407 635 2431 certa.
690 2398 740 2430 Pl.
755 2409 797 2430 ex
814 2398 862 2429 Rl

64 2459 127 2480 rec.
154 2446 252 2478 dato.

112 2504 189 2534 630.
221 2502 342 2543 Nunc,
365 2515 437 2536 nun
469 2503 570 2544 aber,
597 2514 632 2534 so
659 2502 760 2539 aben·
788 2508 869 2534 haec

64 2552 227 2588 particula
263 2553 452 2587 temporalis
500 2553 687 2581 adiunctam
731 2552 867 2586 saepius

64 2601 161 2627 habet
174 2601 364 2632 potestatem
381 2599 628 2627 adversativam
645 2598 684 2629 cf.
696 2599 730 2626 E.
744 2596 795 2632 lo,
806 2594 860 2625 44.

65 2642 209 2677 (3.2,55.
226 2644 292 2673 Cic.
312 2652 358 2679 pr.
370 2646 456 2673 Man.
473 2642 511 2672 10
527 2642 680 2679 Utinam,
701 2640 868 2681 Quirites,

64 2687 218 2719 virorum
238 2687 388 2727 fortium
423 2692 528 2729 atque
551 2686 786 2719 innocentium
813 2698 867 2718 co-

64 2733 160 2775 piam
191 2737 327 2764 wncam
355 2732 544 2770 haberetis,
583 2738 621 2764 ut
660 2732 746 2764 haec
771 2732 868 2764 vobis

66 2779 276 2810 deliberatio
292 2778 452 2820 difficilis
469 2782 566 2815 esset,
589 2803 616 2810 ..
633 2803 640 2809 .
673 2778 773 2810 Nunc
785 2789 867 2809 vcro

67 2835 172 2866 quum
205 2824 249 2856 sit
284 2835 375 2855 unus
419 2825 480 2856 Cn.
519 2823 729 2866 Pompeius:
754 2849 761 2855 .
785 2849 792 2855 .
828 2827 868 2856 cf.

67 2873 141 2902 Val.
167 2875 215 2902 1⁴¹1.
243 2872 274 2907 3,
301 2871 342 2900 25
370 2874 402 2901 et
427 2881 518 2900 nuuc
543 2876 593 2901 est
626 2869 700 2901 und
724 2881 797 2901 nun
815 2881 870 2901 so-

68 2926 138 2958 gar
161 2916 260 2949 noch.
289 2934 326 2939 ——
357 2920 475 2947 manet
507 2927 533 2946 c.
557 2926 628 2946 acc.
656 2916 690 2953 2,
720 2914 794 2946 194.
829 2934 866 2939 —-

69 2962 256 3002 insontem,
299 2965 416 3001 quippe
448 2964 504 2999 qui
540 2964 623 2992 nihil
660 2963 749 2992 aliud
784 2964 870 3001 feeit,

69 3017 164 3045 quam
187 3015 220 3040 ut
246 3012 299 3040 ins
330 3019 426 3040 suum
458 3010 649 3039 defenderet.
702 3025 739 3029 —
792 3007 866 3039 veri

912 1434 1007 1454 υιιηα
1041 1423 1142 1462 feror
1178 1424 1198 1451 i.
1235 1432 1262 1452 e.
1304 1422 1474 1451 admodum
1514 1420 1619 1449 fallor.
1668 1421 1715 1449 De

913 1471 1058 1506 genitivo
1081 1471 1120 1500 cf.
1148 1468 1177 1506 2,
1205 1466 1282 1497 538.

960 1514 1035 1545 631.
1063 1515 1155 1557 qnod
1183 1512 1299 1543 ludar.
1335 1514 1384 1542 De
1409 1512 1600 1541 accusativo
1623 1512 1662 1541 ef.
1684 1509 1716 1544 3,

913 1563 966 1591 56.
1005 1579 1041 1582 -
1084 1560 1127 1591 [st.
1155 1570 1210 1597 pro
1238 1558 1372 1590 utinam
1410 1559 1550 1594 optantis
1574 1563 1632 1587 est.
1674 1558 1713 1587 cf.

916 1607 972 1642 ll.
1004 1606 1077 1637 153.

960 1653 1036 1684 632.
1063 1662 1165 1684 orsa:
1204 1653 1291 1682 dicta
1325 1652 1364 1682 cf.
1389 1649 1427 1686 7,
1461 1648 1537 1679 435.
1591 1666 1628 1670 —
1679 1647 1715 1678 in

912 1698 1038 1730 melius
1062 1698 1241 1739 reflectas,
1276 1700 1316 1727 ad
1348 1698 1514 1727 meliorem
1546 1704 1644 1732 quain
1667 1697 1717 1724 di-

912 1747 995 1776 xisti
1027 1747 1150 1776 exitum
1182 1746 1352 1780 perducas.
1401 1758 1439 1762 —
1486 1743 1540 1771 Sic
1566 1744 1646 1771 Iuno
1674 1751 1716 1771 ex

913 1793 973 1829 iis,
1005 1800 1088 1828 quae
1111 1799 1197 1820 nunc
1222 1790 1365 1820 concedit
1389 1789 1548 1826 Iuppiter,
1588 1789 1715 1817 maiora

912 1847 986 1867 eum
1031 1844 1262 1868 concessurum
1307 1843 1445 1871 sperans
1489 1842 1525 1863 se
1577 1835 1718 1871 accingit

912 1886 953 1913 ad
975 1885 1120 1913 Turnum
1142 1883 1350 1912 servandum.

912 1973 978 2005 633
998 1991 1042 1994 ——
1059 1972 1136 2004 688.

968 2039 1100 2083 proelio
1126 2044 1303 2072 extractus
1326 2038 1478 2071 Ardeam
1504 2037 1663 2070 refertur.

958 2108 1035 2139 634.
1065 2108 1182 2140 nimbo
1204 2120 1230 2140 s.
1257 2111 1297 2141 cf.
1326 2107 1377 2145 12,
1407 2107 1484 2138 416.
1511 2112 1635 2147 „Multo
1649 2112 1716 2139 ele-

911 2158 1041 2194 gantius
1064 2157 1162 2186 foret:
1203 2154 1249 2188 M.
1276 2165 1324 2194 a.,
1358 2153 1468 2184 hieme
1497 2159 1529 2185 et
1554 2165 1586 2184 u.
1611 2165 1650 2191 5.,
1679 2165 1715 2197 p.

911 2202 969 2233 a.“
998 2200 1050 2232 ΡΙ.

959 2247 1036 2278 636.
1063 2249 1177 2279 Obiicit
1211 2250 1291 2277 Iuno
1324 2247 1537 2276 simulacrum
1570 2248 1714 2283 Aeneae,

911 2296 1029 2325 iisdem
1051 2296 1164 2331 armis,
1207 2295 1318 2323 eadem
1339 2302 1428 2329 voce,
1454 2294 1563 2321 eodem
1589 2301 1715 2331 gressu,

911 2343 995 2377 quod
1029 2345 1220 2376 persecutus
1248 2349 1289 2369 ex
1323 2339 1394 2369 acie
1421 2339 1610 2367 detrahatur
1633 2340 1716 2367 Tur-

1037 2387 1083 2416 ita
1113 2382 1264 2416 εἴδωλον
1288 2387 1424 2414 Aeneae
1452 2385 1603 2414 obiicitur
1636 2385 1715 2413 Dio-

1187 1972 1328 2003 Turnus
1366 1979 1453 2002 vana
1494 1969 1645 2010 imagine
1677 1979 1715 2001 ex

923 2396 992 2416 115·

913 2397 1000 2463 1116111
1031 2436 1070 2462 ab
1106 2433 1260 2468 Apolline
1285 2433 1377 2460 Hom.
1403 2433 1441 2459 11.
1474 2430 1512 2467 5,
1539 2428 1614 2459 449.
1664 2431 1717 2458 Si-

916 2481 1010 2509 miles
1037 2488 1163 2508 errores
1189 2479 1309 2507 excitat
1334 2479 1415 2506 Iuno
1439 2484 1490 2512 ap.
1506 2477 1564 2505 Sil.
1587 2474 1639 2513 10,
1659 2474 1713 2505 83.

918 2524 970 2557 17,
997 2523 1074 2554 529.
1120 2541 1157 2545 —-
1201 2522 1289 2553 nube
1314 2532 1402 2552 cava
1428 2523 1467 2552 cf.
1495 2521 1525 2559 6,
1546 2520 1622 2551 293.
1667 2524 1717 2551 te-

914 2580 1014 2601 nuem
1036 2569 1109 2600 sine
1136 2568 1268 2600 viribus
1293 2566 1449 2598 umbram
1473 2568 1512 2598 cf.
1537 2566 1567 2605 4,
1593 2565 1669 2596 588.

961 2627 1037 2658 639.
1065 2625 1190 2657 inania
1220 2624 1343 2660 verba,
1385 2626 1503 2661 quibus
1534 2625 1604 2653 veri
1633 2625 1718 2654 nihil

913 2676 1008 2704 inest.
1059 2677 1138 2703 Nam
1171 2676 1211 2703 ab
1253 2675 1367 2702 umbra
1396 2672 1609 2707 proferuntur.
1663 2668 1717 2700 ΡΙ.

914 2722 986 2751 eiic.
1009 2718 1071 2750 dat
1098 2718 1121 2749 ι’.
1146 2728 1178 2748 v.

962 2776 1038 2806 640.
1065 2774 1128 2806 dat
1167 2773 1241 2805 sine
1281 2776 1394 2804 mente
1425 2782 1546 2802 sonum
1583 2774 1623 2804 cf.
1663 2771 1716 2806 11.

917 2823 1038 2898 4661111.
1066 2869 1176 2896 morte
1201 2864 1295 2895 obita
1320 2862 1456 2905 legitur
1475 2867 1570 2895 Lucr.
1591 2863 1618 2901 1,
1640 2862 1716 2894 136.

917 2917 986 2946 Cic.
1015 2917 1097 2943 Sest.
1125 2912 1177 2942 38.
1205 2911 1259 2941 83.
1299 2913 1379 2941 Gell.
1408 2908 1465 2945 15.
1503 2910 1556 2939 20.
1598 2911 1657 2940 Sil.
1685 2909 1716 2946 2,

918 2960 996 2990 57⁰.
1046 2976 1082 2980 -
1130 2958 1234 2996 fama
1252 2960 1322 2987 est:
1352 2966 1415 2986 non
1441 2957 1511 2992 ipse
1535 2959 1574 2985 de
1598 2960 1659 2987 hac
1683 2966 1718 2986 re

913 3007 1106 3038 sententiam
1132 3005 1261 3039 profert.
1300 3003 1347 3032 cf.
1376 3004 1406 3032 6.
1445 3001 1493 3031 14.
