2023 3350
313 102 394 142 570

869 107 906 137 P.
933 107 1129 141 VIRGILH
1152 110 1362 144 MAROMS

311 216 386 255 Cui
423 214 545 267 pellis
582 215 693 256 latos
732 215 931 258 humeros
971 222 1119 272 erepta
1157 222 1331 265 iuvenco

309 272 541 324 Pugnatori
583 273 740 325 operit,
779 278 909 328 caput
943 275 1091 329 ingens
1129 278 1214 319 oris
1252 279 1394 323 hiatus

1853 286 1934 324 680

306 328 362 368 Et
401 328 539 368 malae
574 333 719 371 texere
756 330 845 385 lupi
882 346 976 373 cum
1012 332 1210 376 dentibus
1249 337 1371 388 albis,

309 385 581 438 Agrestisque
621 401 770 429 manus
807 394 948 430 armat
985 404 1156 444 sparus:
1197 393 1288 446 ipse
1326 396 1506 437 catervis

306 441 498 482 Vertitur
528 443 572 484 in
613 444 781 492 mediis,
822 450 865 488 et
906 450 1000 488 toto
1037 449 1195 490 vertice
1235 464 1366 503 supra
1405 456 1480 493 est.

303 498 427 539 Hunc
466 499 542 540 illa
577 506 818 556 exceptum,
859 518 996 558 neque
1029 506 1140 547 enim
1174 506 1298 548 labor
1330 509 1499 560 agmine
1531 525 1664 563 verso,

302 555 496 607 Traiicit,
537 562 579 599 et
619 574 746 612 super
785 560 890 602 haec
925 563 1095 604 inimico
1134 567 1306 618 pectore
1339 565 1476 607 fatur:

1850 569 1931 608 685

302 612 425 655 Silvis
465 617 528 665 te,
568 615 804 670 Tyrrhene,
840 619 953 661 feras
994 621 1162 673 agitare
1200 623 1384 676 putasti,

301 670 483 712 Advenit
520 673 592 726 qui
626 679 769 717 vestra
810 676 901 718 dies
939 678 1219 720 muliebribus
1254 680 1384 720 armis

300 728 441 770 Verba
475 730 755 783 redarguerit.

814 734 978 776 Nomen
1014 739 1159 777 tamen
1193 736 1308 778 haud
1346 736 1435 778 leve

1471 739 1643 791 patrum

299 785 497 828 Manibus
535 787 615 829 hoc
653 790 827 843 referes,
865 792 954 833 telo
997 793 1198 835 cecidisse
1238 793 1452 836 Camillae.

296 843 496 886 Protinus
533 845 804 889 Orsilochum
839 853 882 890 et
915 850 1072 903 Buten,
1106 851 1188 893 duo
1218 853 1405 893 maxima
1435 851 1643 892 Teucrum

1847 853 1929 891 690

298 900 511 954 Corpora:
552 903 627 944 sed
659 905 798 947 Buten
839 921 1033 950 aversum
1074 909 1250 962 cuspide
1279 909 1374 951 fixit

296 958 493 1001 Loricam
530 961 783 1017 galeamque
818 964 947 1017 inter,
987 979 1073 1019 qua
1106 967 1217 1008 colla
1253 966 1439 1009 sedentis

294 1016 475 1065 Lucent,
514 1021 555 1059 et
588 1019 707 1062 laevo
744 1021 957 1075 dependet
992 1038 1143 1078 parma
1179 1025 1364 1076 lacert03

294 1073 584 1127 Orsilochum,
625 1077 791 1131 fugiens
822 1094 1110 1135 magnumque
1142 1083 1310 1136 agitata
1342 1096 1420 1136 per
1459 1080 1618 1132 orbem,

293 1131 442 1173 Eludit
477 1147 581 1187 gyro
620 1135 815 1185 interior,
858 1138 1136 1193 sequiturque
1175 1143 1441 1194 sequentem:

1844 1137 1925 1175 695

292 1189 397 1230 Tum
435 1191 620 1233 validam
659 1208 819 1248 perque
858 1210 980 1237 arma
1020 1197 1110 1238 viro
1149 1211 1309 1252 perque
1349 1212 1447 1239 ossa
1484 1195 1678 1246 securim,

291 1247 432 1288 Altior
468 1262 717 1304 exsurgens,
754 1253 896 1294 oranti
935 1258 978 1295 et
1012 1255 1147 1296 multa
1181 1255 1375 1309 precanti

292 1304 584 1358 Congeminat:
622 1309 772 1351 volnus
812 1311 952 1352 calido
987 1312 1102 1366 rigat
1140 1327 1218 1354 ora
1256 1312 1443 1355 cerebro.

292 1361 450 1404 Incidit
484 1363 604 1417 huic,
643 1366 871 1422 subitoque
911 1368 1121 1424 adspectu
1156 1371 1334 1413 territus
1370 1368 1510 1412 haesit

333 1536 409 1566 680.
459 1536 516 1567 cui
538 1556 581 1559 —
606 1539 804 1581 pugnatori
843 1548 951 1578 potest
981 1544 1082 1580 iungi,

289 1590 386 1616 quum
428 1593 658 1619 nonnunquam
694 1590 875 1622 pronomini
910 1590 1082 1618 adficiatur

286 1630 530 1658 substantivum
547 1633 690 1668 aliquod,
707 1635 791 1666 quod
812 1636 1002 1668 pronomine
1018 1636 1081 1663 iam

286 1674 456 1703 indicatur.
483 1676 523 1704 cf.
545 1677 576 1713 5,
600 1678 676 1706 (509.
708 1694 745 1698 —-
782 1681 843 1707 Pro
872 1683 966 1714 galea
986 1683 1079 1709 habet

285 1720 352 1754 lupi
377 1725 488 1755 tergus
512 1722 552 1750 cf.
580 1723 609 1758 7,
634 1722 709 1759 666,
747 1725 799 1752 ubi
826 1727 1010 1754 Aventinus
1034 1727 1080 1755 si-

284 1766 351 1793 miti
366 1772 415 1794 est
433 1772 559 1795 ornatu.
585 1769 638 1797 Sic
648 1770 776 1798 Vat.F1.
800 1769 825 1799 Ι.
844 1770 888 1798 34
909 1769 1080 1801 Cleonaeo

282 1808 351 1839 iam
378 1814 534 1852 tempora
562 1811 703 1843 clausus
725 1813 824 1844 hiatu
855 1814 1004 1845 Alcides.

326 1868 404 1897 681.
432 1878 506 1898 cum
521 1867 680 1899 dentibus
695 1869 793 1905 albis,
821 1875 894 1901 ioco
914 1875 1078 1907 adjectivi,

283 1914 330 1942 sic
360 1915 388 1951 7,
416 1915 490 1944 667.
531 1918 566 1944 Et
599 1915 629 1952 4,
654 1917 720 1945 514
742 1915 867 1947 herbae
887 1928 961 1948 cnm
989 1918 1079 1949 lacte

282 1959 406 1989 veneni
441 1966 516 1989 sunt
550 1964 670 1990 herbae
701 1970 895 1993 venenatae.
947 1967 1006 1994 Ov.
1032 1968 1074 1993 M.

280 2005 312 2038 8,
338 2005 404 2034 779
426 2005 578 2035 Cererem
597 2016 670 2036 cum
698 2007 850 2037 vestibus
876 2008 964 2038 atris
980 2020 1076 2040 mae—

280 2054 394 2080 rentes
419 2050 560 2081 adeunt.
590 2052 639 2085 15,
661 2054 704 2082 87
730 2052 810 2083 Ursi
833 2052 982 2094 dapibus
999 2065 1073 2085 rum

280 2095 459 2137 sanguine
483 2095 654 2137 gaudent.
707 2101 774 2129 Cic.
799 2100 820 2128 2
848 2103 938 2130 verr.
961 2101 991 2139 4,
1018 2102 1072 2137 27,

279 2141 322 2170 62
350 2140 441 2171 Erat
464 2151 523 2171 vas
549 2141 738 2181 vinarium,
769 2154 808 2175 επ
834 2155 907 2175 una
933 2156 1073 2187 gemma

277 2186 476 2227 pergrandi
504 2187 612 2218 trulla
634 2194 818 2226 excavata,
850 2201 926 2221 cum
950 2202 1074 2222 mann·—

279 2231 354 2262 brz'o
380 2243 496 2263 aureo.
523 2235 592 2263 Cic.
610 2244 656 2270 pr.
671 2238 751 2265 Bab.
764 2239 852 2266 Post.
868 2238 917 2275 10,
933 2238 976 2267 27
997 2237 1073 2268 Sci-

274 2277 391 2318 pionis
426 2289 494 2309 non
527 2278 637 2310 solnm
670 2291 743 2310 cum
782 2280 972 2323 chlamyde,
1013 2284 1073 2314 sed

276 2323 379 2353 etiam
397 2334 471 2354 cum
498 2324 647 2365 crepidis
667 2325 701 2356 in
727 2326 901 2368 Capitolio
918 2333 1072 2360 statuam

276 2368 413 2400 videtis.
448 2374 489 2400 al.
514 2372 560 2401 ef.
585 2371 661 2402 464.

322 2428 399 2457 682.
427 2436 568 2467 sparus:
605 2432 719 2467 „Bene
743 2429 956 2471 agr-estin
994 2441 1067 2462 nam

276 2482 397 2509 sparus
422 2478 473 2503 est
499 2476 655 2504 rusticum
680 2470 785 2505 telum
799 2477 829 2505 in
858 2480 985 2507 modum
1011 2479 1079 2514 pe-’

275 2521 325 2549 dis
350 2519 558 2551 recurvum.“
584 2524 615 2550 S.
643 2522 682 2550 cf.
709 2524 788 2551 San.
815 2524 884 2553 Cat.
909 2523 963 2553 56.
986 2527 1066 2560 Nep.

275 2569 387 2601 Epam.
415 2565 445 2594 9.

320 2623 397 2651 683.
420 2620 568 2652 vertitur
592 2620 627 2652 in
654 2621 799 2653 mediis.-
831 2626 931 2654 Vides
963 2628 1067 2656 homi-

274 2670 324 2697 nis
352 2669 534 2706 audaciam,
555 2669 609 2703 qui
634 2675 786 2700 versatur
808 2671 890 2700 intra
913 2673 1014 2702 acies.

317 2724 394 2753 684.
422 2727 598 2764 exceptum
625 2726 667 2754 cf.
697 2725 727 2762 3,
755 2726 830 2757 332.

317 2770 393 2800 685.
422 2779 534 2810 snper,
559 2771 694 2806 insuper
718 2772 759 2801 cf.
786 2773 817 2808 7,
839 2773 915 2804 462.

318 2814 395 2845 687.
421 2818 469 2845 De
505 2817 617 2845 ordine
651 2820 820 2847 verborum
855 2821 894 2849 ef.
928 2820 960 2856 8,
988 2820 1062 2850 168.

273 2863 321 2890 Ad
350 2862 477 2891 dicendi
505 2864 634 2891 modum
668 2863 708 2891 cf.
740 2862 788 2897 12,
815 2863 866 2894 16.
916 2867 1063 2902 Ornytus

272 2907 366 2937 igitur
401 2913 430 2935 et
464 2908 627 2942 Tyrrheni
661 2908 758 2938 facile
797 2918 835 2939 se
872 2912 1061 2941 Latinorum

272 2952 415 2981 victores
455 2961 620 2982 evasuros
660 2955 788 2989 gloriati
829 2961 931 2985 erant.
992 2960 1061 2988 Iam

273 2997 410 3026 vincitur
434 3007 498 3027 non
523 3007 542 3027 a
567 3000 649 3036 viro,
677 3001 735 3029 sed
765 3008 783 3029 a
808 3002 939 3031 femina.

1173 1544 1250 1573 688.
1278 1542 1504 1585 redarguerit
1530 1543 1690 1574 Priscian.
1718 1540 1769 1576 10,
1800 1540 1833 1575 2,
1869 1537 1920 1574 101

1128 1590 1182 1624 qui
1204 1598 1341 1625 „argum
1367 1592 1475 1626 argui:
1503 1592 1573 1624 vgt.
1601 1590 1633 1618 in
1660 1590 1711 1617 ΧΙ.
1734 1587 1842 1616 verba
1867 1592 1919 1612 re—

1127 1636 1327 1670 darguerit.“
1373 1652 1418 1659 —-
1461 1634 1692 1675 redargueret
1712 1630 1836 1672 Ryhctz.
1874 1646 1919 1650 ——

1126 1683 1215 1710 Idem
1242 1682 1310 1710 fere
1337 1683 1455 1711 dictum
1481 1681 1534 1718 10,
1558 1680 1635 1709 829.

1171 1727 1248 1755 691.
1275 1729 1323 1756 De
1351 1729 1523 1757 Orsilocho
1548 1727 1589 1755 cf.
1617 1724 1694 1754 636.
1727 1739 1771 1743 —
1813 1724 1916 1751 Butae

1125 1773 1180 1801 alii
1205 1773 1236 1808 5,
1258 1771 1333 1802 372.
1362 1773 1394 1811 9,
1414 1772 1487 1802 647.
1512 1788 1556 1792 —
1579 1769 1746 1800 Teucrum
1772 1775 1916 1807 corpora

1124 1818 1165 1846 ef.
1190 1816 1222 1853 4,
1252 1817 1326 1848 132.
1375 1835 1419 1839 ——
1467 1816 1633 1847 Aversum
1664 1824 1730 1844 non
1751 1820 1803 1844 est
1828 1815 1915 1849 quod

1124 1864 1301 1897 fugientem
1317 1865 1498 1899 inteiligas3
1525 1870 1600 1892 nam
1619 1862 1651 1890 in
1674 1861 1798 1897 proelio
1813 1867 1915 1894 eque-

1124 1911 1192 1943 stri,
1218 1911 1340 1940 solutis
1368 1916 1398 1939 et
1423 1909 1591 1945 permixtis
1618 1907 1796 1944 ordinibus,
1816 1906 1914 1934 facile

1122 1957 1208 1984 atius
1233 1956 1330 1984 atium
1359 1964 1376 1985 a
1403 1961 1493 1990 tergo
1521 1958 1626 1989 potest
1650 1953 1792 1989 aggredi.

1166 2001 1244 2030 692.
1270 2000 1422 2031 sedentis
1460 1999 1635 2037 „equitis.“
1676 2003 1708 2029 S.
1739 1996 1788 2028 ΡΙ.
1827 1997 1912 2026 coni.

1119 2055 1187 2087 qua
1211 2044 1312 2078 collo,
1340 2045 1474 2077 sedenti
1498 2051 1526 2075 et
1554 2046 1639 2075 eiicit
1662 2054 1695 2075 v.
1723 2045 1798 2076 693.

1165 2091 1244 2122 694.
1270 2094 1407 2122 Camilia
1431 2094 1539 2127 fugam
1566 2092 1743 2127 simulans,
1780 2095 1854 2121 acto
1879 2091 1910 2120 in

1121 2138 1287 2167 sinistram
1314 2147 1407 2175 gyro,
1439 2139 1579 2174 equitem
1605 2141 1645 2167 ab
1672 2145 1713 2167 ea
1733 2143 1825 2173 parte
1850 2145 1909 2172 ae.—

1120 2185 1273 2221 ereditur,
1317 2194 1382 2220 qua
1419 2185 1547 2220 equites
1583 2188 1658 2212 sunt
1697 2185 1806 2213 minus
1840 2184 1909 2220 11111,

1119 2231 1203 2264 quod
1236 2232 1352 2259 dextra
1393 2239 1510 2260 manus
1541 2237 1641 2264 super
1679 2230 1754 2265 equi
1787 2231 1908 2260 collum

1116 2278 1281 2304 transt-,na
1308 2278 1415 2305 minus
1434 2282 1486 2306 est
1511 2276 1641 2315 babilis.

1163 2320 1237 2350 695.
1266 2330 1354 2362 gyro
1375 2320 1518 2351 interior
1542 2321 1583 2350 cf.
1609 2322 1640 2356 5,
1668 2319 1740 2349 162.

1164 2364 1242 2395 697.
1269 2365 1400 2405 oranti,
1435 2374 1531 2402 quum
1559 2367 1699 2403 videret,
1731 2369 1772 2396 ab
1794 2366 1906 2402 iniqua

1115 2417 1206 2447 parte
1231 2421 1266 2441 se
1290 2414 1355 2448 peti
1381 2418 1410 2442 et
1434 2414 1497 2442 iam
1530 2412 1649 2443 ictibus
1674 2413 1797 2442 crebris
1830 2421 1905 2448 pro-

1114 2458 1231 2487 scindi.

1159 2503 1235 2533 698.
1263 2501 1487 2545 congeminat
1497 2501 1642 2533 securim
1656 2504 1697 2541 is,
1722 2504 1902 2539 quiiterum

1111 2550 1292 2584 iterumque
1317 2558 1388 2579 eam
1403 2550 1568 2586 impingit:
1592 2550 1687 2578 efficit
1707 2550 1792 2579 enim
1806 2552 1902 2589 idem,

1113 2602 1152 2624 ac
1190 2595 1219 2624 si
1253 2597 1399 2630 pluribus
1434 2596 1606 2625 securibus
1636 2598 1738 2626 semel
1772 2605 1901 2632 quaque

1115 2648 1196 2669 usus
1241 2641 1347 2671 fuerit.
1396 2642 1443 2671 cf.
1480 2642 1512 2678 2,
1547 2640 1615 2670 492
1656 2639 1755 2672 labat
1790 2641 1899 2673 ariete

1109 2684 1224 2715 crebro
1249 2692 1321 2724 etc.,
1345 2688 1398 2716 ubi
1424 2696 1509 2717 unus
1533 2688 1620 2717 aries
1647 2689 1784 2724 saepius
1805 2690 1897 2718 adbi-

1108 2734 1211 2760 betur.
1261 2733 1306 2762 Cf.
1332 2735 1401 2762 val.
1428 2736 1474 2765 Fi.
1498 2733 1529 2770 6,
1555 2732 1622 2762 378
1636 2741 1781 2773 gravem
1795 2732 1897 2763 nodis

1107 2785 1263 2817 auroque
1295 2777 1442 2808 securim
1481 2776 1741 2819 congeminans.
1779 2781 1895 2817 Expli-

1109 2823 1177 2851 cari
1203 2826 1303 2852 solet:
1330 2824 1427 2853 ictum
1454 2824 1672 2860 congeminat.

1152 2867 1229 2897 699.
1255 2866 1378 2899 incidit
1404 2867 1483 2899 huic
1506 2870 1525 2899 i.
1553 2878 1580 2898 e.
1601 2870 1632 2898 in
1658 2872 1742 2898 hanc
1766 2871 1804 2899 de
1833 2871 1893 2900 im-

1107 2914 1251 2948 proviso.
1287 2915 1339 2949 qui
1359 2915 1467 2944 subito
1491 2917 1649 2950 adspectu
1674 2915 1720 2943 ita
1743 2916 1891 2953 terretur,

1106 2964 1139 2987 ut
1164 2958 1276 2994 fugere
1300 2965 1456 2995 nequeam
1482 2965 1586 2990 tamen
1608 2967 1651 2988 ex
1670 2961 1792 2990 astutia
1803 2965 1890 2998 genti

1106 3012 1189 3034 suae
1215 3005 1329 3035 innata
1351 3006 1473 3042 aliquid
1494 3009 1641 3035 conatur.
