2023 3350
242 141 323 180 324

810 134 846 165 Ρ.
873 132 1068 166 VIRGILII
1094 108 1310 167 MAROle

241 251 352 292 Exin
389 247 504 289 bella
533 246 626 288 viro
658 249 887 297 memorat,
927 259 1038 299 quae
1070 245 1223 288 deinde
1261 246 1463 299 gerenda,

242 309 565 357 Laurentesque
602 304 727 345 docet
760 303 945 357 populos
984 303 1221 357 urbemque
1254 305 1399 346 Latini

241 365 298 406 Et
334 376 418 416 quo
457 375 669 415 quemque
706 361 834 402 modo
871 360 1096 414 fugiatque
1132 361 1330 415 feratque
1371 361 1579 403 laborem.

363 420 470 462 Sunt
503 420 697 473 geminae
730 419 879 460 Somni
916 422 1093 471 portae:
1135 432 1316 472 quarum
1354 420 1494 461 altera
1529 419 1668 461 fertur

243 478 424 527 Cornea,
463 491 550 530 qua
581 477 692 518 veris
726 476 868 518 facilis
913 476 1044 517 datur
1080 476 1220 517 exitus
1258 476 1444 529 umbrisz,

1809 471 1891 511 895

241 536 390 576 Altera
429 535 631 576 candenti
669 534 864 588 perfecta
898 534 1040 575 nitens
1077 533 1320 587 elephante,

242 592 326 634 Sed
364 592 477 634 falsa
514 592 571 633 ad
604 592 771 633 caelum
806 592 987 633 mittunt
1023 591 1239 632 insomnia
1272 590 1433 632 Manes.

241 650 321 691 His
359 649 434 691 ubi
472 654 564 691 tum
600 653 750 691 natum
787 649 996 690 Anchises
1030 662 1204 702 unaque
1241 648 1449 702 Sibyllam

241 707 527 760 Prosequitur
566 707 711 758 dietis,
754 710 972 761 portaque
1012 707 1175 748 emittit
1214 705 1400 747 eburna:

241 766 320 807 Ille
356 765 470 807 viam
504 768 623 807 secat
661 765 717 806 ad
753 779 901 816 naves,
947 764 1175 818 sociosque
1211 764 1383 813 revisit3

1810 763 1894 802 900

242 823 369 879 [Tum
407 837 451 864 se
491 823 547 864 ad
583 822 756 865 Caietae
797 826 918 864 recto
958 822 1045 863 fert
1084 822 1216 863 litore
1254 824 1444 876 portum.

242 881 415 923 Ancora
454 880 506 922 (le
540 894 672 935 prora
709 880 890 933 iacitur3
932 883 1051 922 stant
1090 880 1220 921 litore
1259 877 1459 933 puppes]

289 1020 367 1051 893.
399 1019 443 1052 Et
471 1030 539 1062 quo
567 1031 597 1061 q.
633 1022 715 1051 idem
742 1030 844 1057 paene
870 1030 988 1051 versus
1013 1019 1044 1059 3,

244 1065 320 1097 459.
369 1069 416 1096 De
437 1068 569 1097 variata
592 1072 755 1097 structura
780 1069 819 1097 cf.
849 1066 878 1103 3,
909 1065 980 1096 180.
1003 1083 1041 1087 -

252 1111 333 1142 Nclr.
370 1114 442 1143 eiic.
487 1112 552 1142 894
575 1112 672 1141 -97
713 1119 742 1143 et
780 1123 812 1143 v.
849 1112 916 1142 899
961 1114 1043 1143 coni.

245 1167 388 1188 averna.

244 1269 452 1302 Stil—902.
502 1268 641 1302 Aeneas
673 1279 713 1301 cx
740 1270 829 1302 Orco
860 1270 896 1302 in
930 1269 1045 1302 lucem

597 1315 697 1348 redit.

291 1383 368 1414 894.
399 1382 521 1415 Somni
558 1395 622 1415 11011
661 1391 707 1415 est
750 1387 917 1421 genitivus
955 1387 1048 1415 vocis

245 1428 433 1469 somnium,
477 1433 535 1461 sed
573 1432 666 1461 vocis
701 1441 850 1461 somnus.
909 1433 1047 1461 Somnus

246 1477 332 1505 enim
368 1477 461 1505 mittit
497 1478 623 1506 somnia
655 1478 695 1507 cf.
725 1480 784 1507 Ov.
812 1480 854 1506 Μ.
892 1475 952 1512 11,
982 1476 1046 1506 623

246 1530 295 1556 sq.
334 1524 380 1551 De
397 1523 537 1559 geminis
563 1523 662 1558 portis
678 1524 876 1552 somniorum
897 1524 937 1553 cf.
954 1525 1045 1552 Hom.

246 1569 301 1596 Od.
345 1566 399 1604 19,
433 1568 498 1596 562
531 1577 577 1603 sq.
635 1570 689 1599 Sic
727 1570 889 1604 duplicem
918 1570 1046 1598 Tartari

245 1617 369 1649 portani
394 1614 469 1643 fecit
494 1615 568 1643 Val.
596 1616 643 1643 Fl.
676 1613 707 1651 1,
735 1613 800 1643 833
827 1623 874 1650 sq.

290 1656 369 1688 897.
400 1657 543 1689 Manes.-
573 1658 692 1694 Τ111.2,
718 1659 747 1697 6,
773 1658 812 1688 37
832 1661 971 1697 „Netibi
990 1670 1046 1689 ne-

245 1705 342 1739 glecti
374 1705 504 1734 mittant
536 1707 625 1734 mala
655 1707 784 1735 somnia
810 1709 925 1735 Manes
956 1709 1046 1735 Mae-

247 1754 362 1785 staque
384 1751 509 1786 sopitae
534 1755 594 1780 stet
624 1760 714 1780 soror
739 1756 812 1780 ante
839 1750 976 1780 mrumst
1005 1767 1042 1771 —

246 1794 293 1824 ad
318 1793 463 1833 caelum,
495 1797 514 1825 i.
544 1806 570 1825 e.
599 1805 700 1833 supra
724 1801 852 1827 terram.
882 1813 918 1817 -
942 1795 1046 1836 falsa

246 1839 422 1870 insomnia
445 1843 484 1871 cf.
510 1841 545 1879 4,
575 1840 605 1871 9.

291 1896 368 1927 898.
397 1896 463 1927 His
487 1896 591 1928 dictis
616 1901 655 1928 ad
683 1900 742 1928 illa
772 1900 927 1935 pertinet,
965 1906 1047 1934 quae

245 1944 397 1973 narravit
421 1945 597 1974 Anchises.
647 1942 700 1973 his
732 1942 788 1973 ubi
817 1948 878 1974 Mc.
921 1942 974 1974 his
1001 1943 1048 1974 ibi

247 1991 351 2029 FPlty
377 1998 439 2019 rec.
468 1987 530 2018 ΠΙ).
581 1988 636 2020 hic
663 1987 722 2019 ubi
746 1991 828 2019 coni.
862 1988 910 2019 ΡΙ.

292 2044 369 2075 899.
396 2049 579 2075 Eburneam
610 2055 664 2081 per
702 2051 825 2082 portam
856 2055 955 2081 quare
989 2056 1047 2076 ex-

246 2097 374 2121 euntem
405 2093 516 2122 fecerit
551 2098 644 2128 poeta
667 2094 814 2121 Aeneam
847 2102 910 2121 11011
936 2094 1044 2128 liquet.

246 2138 339 2166 Mulli
370 2147 443 2167 eum
476 2141 514 2167 ob
549 2139 579 2167 id
612 2139 730 2167 factum
763 2141 1044 2173 repreliemlerunt.

248 2186 330 2212 Num
360 2184 432 2213 ficta
462 2193 537 2213 esse
569 2185 678 2214 omnia
711 2187 790 2213 llaec
822 2186 926 2214 voluit
954 2189 1046 2220 poeta

246 2230 412 2258 indicare?

292 2283 369 2314 900.
396 2288 491 2315 secat
521 2283 637 2314 vlam:
679 2287 819 2322 Saepius
848 2288 966 2323 legitur
996 2296 1047 2316 sc-

246 2339 327 2360 care
346 2339 475 2370 aequor
491 2332 522 2369 5,
549 2330 624 2360 218.
652 2331 729 2369 595,
752 2335 897 2372 pontum
918 2333 947 2370 9,
975 2332 1046 2370 104,

246 2385 387 2416 campos
412 2374 500 2405 salis
535 2374 591 2410 10,
621 2374 702 2413 214,
735 2379 813 2407 alia.
864 2380 987 2413 Quibus
1013 2380 1046 2407 in

246 2423 329 2451 locis
353 2423 486 2451 secandi
510 2427 539 2451 et
561 2423 746 2452 dissecandi
767 2424 854 2452 notio
879 2425 963 2453 satis
988 2432 1045 2459 ap-

246 2472 346 2503 paret.
402 2470 466 2498 Nec
500 2469 607 2497 minus
641 2469 675 2496 iu
710 2472 804 2498 secta
842 2467 903 2498 via
937 2472 972 2498 G.
1016 2467 1045 2506 1,

247 2512 323 2542 238.
367 2515 461 2543 Lucr.
488 2514 518 2551 5,
545 2512 622 2549 273,
657 2522 739 2548 quae
761 2519 810 2544 est
836 2516 893 2543 via
918 2516 1045 2551 excisa,

247 2565 280 2587 ut
303 2557 459 2588 scindere
483 2557 576 2588 viam
611 2558 665 2596 10,
692 2558 756 2587 765
792 2564 841 2589 est.
871 2561 1044 2590 scindendo

246 2605 388 2638 efficere,
421 2606 577 2640 quomodo
612 2609 715 2640 potest
747 2606 844 2634 etiam
879 2607 1045 2641 explicare

251 2648 301 2686 12,
325 2649 391 2678 365
416 2659 635 2690 quacumque
659 2649 752 2679 viam
777 2653 881 2687 secat,
903 2660 1046 2686 quocun-

246 2705 308 2730 que
335 2705 412 2725 ense
443 2697 506 2725 sibi
532 2696 622 2725 viam
653 2698 766 2732 aperit.
815 2698 921 2731 Quint.
949 2697 986 2736 3,
1017 2697 1044 2735 1,

251 2739 290 2769 14
315 2739 394 2770 hinc
421 2740 514 2771 velut
539 2739 700 2771 diuersae
725 2740 837 2771 secari
863 2748 1047 2783 coeperunt

247 2785 328 2815 viae
352 2792 400 2816 est
425 2788 591 2824 separari,
621 2792 653 2816 ut
678 2796 728 2823 ap.
744 2785 814 2817 Ὀν.
834 2789 908 2817 Am.
937 2787 966 2827 2,
992 2787 1044 2827 16,

253 2829 302 2860 16.
337 2830 376 2860 l&
410 2835 537 2862 terram
573 2842 690 2862 secare
721 2831 756 2862 in
787 2831 874 2863 vias.
910 2850 948 2854 —
984 2838 1045 2864 Sed

249 2885 366 2906 secare
390 2875 482 2907 viam
511 2879 627 2907 dicitur
652 2880 750 2908 etiam
774 2879 820 2916 is,
854 2880 908 2914 qui
941 2881 964 2909 it
990 2890 1045 2916 per

248 2924 357 2956 via1n2
396 2928 425 2952 et
460 2925 507 2953 sic
545 2930 629 2953 certe
663 2928 764 2959 potest
795 2926 955 2960 explicari
994 2926 1043 2966 12,

248 2966 313 2995 368
336 2974 367 2996 et
389 2969 425 3006 5,
453 2968 528 2998 658.
558 2986 595 2989 —
624 2971 706 2999 Vide
736 2969 790 3008 10,
818 2968 893 2999 107.

295 3022 370 3052 901,
402 3023 547 3055 Caietae
583 3034 623 3062 „a
654 3035 791 3061 persona
824 3033 937 3062 poetae
970 3038 1043 3064 pro-

1091 1021 1204 1057 lepsis.
1254 1023 1336 1049 Nam
1369 1020 1484 1049 Caieta
1516 1020 1658 1048 nondum
1693 1015 1893 1049 ‹licebattti·.“

1093 1071 1124 1096 S.
1165 1068 1207 1096 At
1229 1070 1310 1096 llaec
1330 1066 1490 1102 prolepsis
1509 1066 1567 1094 vix
1588 1065 1730 1103 ferenda,
1756 1066 1786 1094 si
1808 1073 1892 1101 quae

1092 1114 1203 1142 statim
1225 1117 1404 1147 sequuntur
1426 1114 1446 1140 1.
1469 1109 1506 1147 7,
1538 1112 1793 1140 considerantur.
1845 1112 1895 1140 Ac

1093 1167 1175 1194 quae
1208 1163 1386 1193 sequuntur
1417 1156 1453 1195 7,
1487 1155 1505 1185 4
1540 1165 1608 1192 sqq.
1642 1160 1722 1186 bene
1754 1165 1828 1186 cum
1859 1165 1892 1185 v.

1093 1203 1158 1233 899
1186 1206 1375 1241 iunguntur,
1411 1203 1526 1232 mediis
1554 1203 1696 1232 omissis.
1760 1205 1830 1232 Iam
1859 1210 1894 1231 se

1092 1249 1185 1286 ferre
1221 1251 1353 1285 dicitur,
1395 1249 1449 1284 qui
1488 1250 1527 1285 it,
1570 1249 1787 1286 progreditur,
1830 1256 1892 1277 uon

1095 1297 1150 1330 qui
1182 1296 1282 1324 fertur
1311 1296 1399 1324 navi.
1449 1292 1551 1323 litore
1575 1296 1674 1323 FMR.
1708 1310 1746 1314 -
1783 1291 1896 1323 limile

1095 1343 1139 1370 al.
1167 1357 1204 1361 —
1234 1343 1332 1370 Recto
1358 1342 1449 1369 litore
1474 1342 1509 1375 it,
1535 1340 1590 1374 qui
1616 1340 1638 1368 it
1664 1344 1753 1369 recta
1776 1347 1893 1369 secun-

1096 1389 1170 1415 dum
1192 1387 1268 1415 litus
1283 1388 1338 1416 via
1362 1387 1401 1416 cf.
1416 1384 1447 1423 8,
1462 1384 1515 1414 57.
1565 1386 1769 1420 scripserunt
1785 1383 1896 1414 limite

1095 1434 1167 1462 sine
1191 1434 1286 1461 dubio
1311 1433 1450 1469 librarii,
1477 1433 1560 1467 quod
1586 1429 1687 1460 litore
1709 1432 1819 1460 statim
1843 1439 1895 1460 re·-

1095 1479 1193 1508 currit
1218 1488 1249 1508 v.
1277 1477 1358 1516 902,
1386 1479 1441 1513 qui
1468 1485 1586 1506 versus
1607 1482 1757 1512 sumptus
1780 1481 1829 1506 est
1852 1485 1895 1506 ex

1097 1523 1133 1561 3,
1170 1522 1246 1553 277.
1296 1525 1408 1559 Repeti
1441 1528 1546 1552 tamen
1580 1524 1663 1552 idem
1696 1525 1895 1553 vocabulum

1093 1571 1289 1599 brevissimo
1319 1571 1491 1599 intervallo
1524 1571 1620 1605 solet,
1658 1574 1713 1598 aut
1744 1571 1892 1599 consulto

1093 1616 1131 1645 cf.
1163 1614 1189 1650 l,
1221 1614 1292 1644 133.
1324 1614 1396 1644 134.
1424 1613 1500 1644 448.
1529 1613 1605 1643 449.
1632 1613 1708 1645 504,
1735 1615 1813 1644 505.
1863 1612 1894 1652 4,

1095 1659 1172 1690 43⁸⁴.
1191 1660 1267 1690 ⁴39.
1301 1658 1428 1695 5,151.
1458 1659 1532 1689 182.
1573 1659 1602 1697 6,
1628 1659 1702 1690 309.
1719 1659 1796 1690 311.
1817 1658 1894 1690 342.

1092 1706 1169 1735 348.
1202 1704 1277 1736 614.
1307 1706 1383 1735 615.
1433 1705 1472 1743 7,
1508 1705 1585 1735 653.
1615 1704 1690 1735 654.
1744 1705 1780 1744 8,
1815 1704 1892 1735 242.

1095 1751 1169 1781 243.
1201 1752 1275 1781 396.
1302 1751 1366 1780 397
1395 1754 1458 1788 aL,
1491 1756 1546 1780 aut
1570 1761 1634 1781 uon
1658 1753 1776 1781 vitavit
1799 1761 1892 1787 repe-

1093 1799 1237 1827 titionem
1263 1799 1408 1833 scriptor.
1459 1798 1608 1833 Diligens
1626 1802 1733 1827 autem
1754 1799 1892 1833 scriptor

1095 1846 1178 1873 solet
1209 1845 1331 1879 vitare,
1379 1848 1407 1872 et
1440 1851 1635 1878 quamquam
1664 1846 1719 1873 vel
1753 1845 1894 1880 diligen-

1094 1890 1221 1918 tissimo
1239 1892 1469 1924 subrepserunt
1485 1897 1542 1918 eae
1556 1890 1771 1925 repetitiones,
1787 1893 1894 1919 tamen

1094 1944 1157 1964 nou
1183 1940 1256 1964 sunt
1280 1936 1475 1970 laudabiles,
1502 1939 1597 1970 atque
1623 1936 1692 1970 ipse
1720 1936 1894 1974 Virgilius,

1094 1986 1212 2016 quanto
1238 1983 1344 2010 studio
1378 1982 1512 2010 eandem
1544 1990 1608 2009 rem
1634 1983 1731 2011 aliter
1759 1982 1893 2011 dicendo

1095 2028 1226 2056 variare
1256 2028 1415 2056 stiuluerit.
1452 2027 1516 2055 iam
1549 2028 1811 2056 observavimus.
1850 2042 1889 2047 —

1094 2074 1216 2102 Tamen
1251 2078 1279 2101 et
1312 2074 1382 2108 ipse
1411 2073 1494 2101 talia
1516 2073 1662 2106 admisit,
1691 2073 1730 2102 cf.
1759 2072 1787 2109 1,
1815 2070 1892 2102 427.

1098 2117 1173 2148 429.
1219 2117 1249 2155 2,
1274 2117 1350 2147 749.
1379 2116 1456 2147 752.
1498 2117 1527 2154 3,
1549 2117 1623 2146 263.
1646 2117 1721 2148 266.
1762 2119 1793 2156 5,
1816 2116 1893 2148 252.

1095 2162 1172 2193 254.
1212 2161 1287 2193 321.
1333 2163 1410 2193 325.
1476 2162 1514 2201 6,
1565 2162 1641 2192 310.
1689 2162 1765 2192 312.
1815 2162 1892 2193 684.

1096 2208 1172 2239 685.
1224 2208 1261 2247 7,
1289 2208 1341 2239 37.
1368 2208 1410 2238 44
1437 2211 1496 2245 al.;
1524 2210 1642 2244 quibus
1667 2210 1700 2238 111
1724 2210 1806 2239 locis
1830 2219 1894 2239 non

1094 2260 1253 2285 venustas
1275 2257 1387 2290 aliqua
1410 2260 1465 2284 aut
1490 2256 1694 2290 pulchritudo
1715 2257 1892 2291 deprehen-

1094 2302 1179 2330 ditur
1201 2303 1257 2330 sed
1284 2302 1492 2336 negligentia.
1542 2302 1595 2330 Sic
1622 2299 1786 2330 immanis·
1810 2302 1893 2339 legi-

1095 2351 1145 2376 tur
1169 2344 1218 2375 11.
1253 2345 1298 2375 19.
1326 2345 1379 2375 77.
1404 2345 1482 2375 576.
1509 2345 1585 2375 582.
1611 2345 1688 2376 594.
1715 2345 1791 2376 597.
1814 2346 1891 2377 625.

1094 2390 1221 2431 ingens
1240 2390 1468 2429 6,42.61.81.
1500 2389 1622 2429 8,192.
1637 2391 1891 2423 2114252258.

1095 2438 1296 2473 Quamquam
1340 2439 1437 2474 igitur
1478 2447 1519 2467 ex
1557 2439 1688 2473 repetito
1729 2441 1890 2468 vocabulo

1094 2480 1195 2512 litore
1223 2492 1286 2512 11011
1310 2485 1455 2519 sequitur
1481 2493 1611 2513 versum
1635 2493 1709 2514 esse
1733 2486 1892 2522 spurium,

1093 2529 1157 2557 iam
1182 2538 1214 2558 v.
1244 2528 1309 2557 900
1335 2531 1453 2565 optime
1477 2531 1598 2559 claudit
1624 2531 1757 2565 librum,
1784 2535 1813 2559 et
1837 2539 1892 2559 eo-

1092 2576 1160 2603 dem
1189 2577 1280 2604 modo
1309 2584 1405 2604 suum
1430 2576 1534 2605 finivit
1557 2576 1660 2605 Silius
1685 2578 1763 2604 XIII
1790 2581 1891 2613 extr.;

1091 2621 1144 2655 qui
1179 2622 1354 2656 Virgilium
1392 2622 1536 2650 imitatus
1575 2625 1632 2650 est.
1687 2624 1799 2657 Itaque
1835 2626 1892 2651 aut

1092 2667 1162 2701 ipse
1188 2668 1351 2704 Virgilius
1382 2670 1440 2696 hOS
1464 2675 1583 2696 versus
1614 2667 1806 2703 „tibicines“
1832 2669 1891 2696 ad-

1093 2712 1183 2748 iecit,
1236 2721 1316 2748 quos
1364 2717 1477 2747 postea
1522 2716 1660 2742 mutaret
1696 2714 1889 2751 aptioribus,

1092 2762 1147 2786 aut
1163 2758 1251 2787 alius
1265 2759 1337 2793 quis
1352 2759 1484 2787 Caietae
1504 2759 1614 2787 intulit
1635 2759 1827 2787 mentionem
1848 2768 1890 2789 ex

1092 2804 1219 2832 ovidio.
1264 2806 1410 2833 Habebat
1434 2805 1574 2834 fortasse
1597 2805 1630 2832 in
1655 2805 1764 2833 animo
1790 2805 1889 2834 etiam

1093 2850 1239 2878 Caietam
1270 2857 1464 2887 memorare,
1497 2851 1636 2878 nondum
1666 2854 1772 2879 tamen
1803 2852 1890 2886 apud

1093 2903 1166 2923 eum
1191 2898 1360 2925 constabat
1381 2896 1546 2930 quomodo.
1590 2896 1627 2924 In
1652 2895 1711 2924 fme
1731 2896 1888 2926 librorum

1092 2942 1205 2969 deesse
1235 2942 1316 2971 satis
1342 2942 1464 2970 firmam
1493 2948 1681 2975 compagem
1708 2942 1890 2971 verisimile

1090 2990 1139 3015 est
1162 2987 1195 3014 in
1221 2987 1364 3016 carmine
1391 2986 1585 3022 imperfecto.

1137 3029 1213 3060 902.
1240 3033 1312 3061 elic.
1342 3030 1402 3061 Hb.
1444 3030 1592 3059 901—‘3
1620 3032 1690 3061 elic.
1724 3029 1772 3061 ΡΙ.
