2023 3350
229 129 311 168 500

227 238 349 290 Quod
386 237 508 278 licuit
542 250 689 292 parvo.

793 127 828 158 P.
856 124 1051 158 VIRGth
1075 125 1288 160 MARONIS

749 237 838 279 Nec
876 237 1024 291 longe,
1065 237 1210 281 Cissea
1242 238 1418 293 durum,

228 297 547 347 Immanemque
587 295 726 349 Gyan,
757 298 996 337 sternentes
1031 296 1205 350 agmina
1242 297 1385 351 clava,

228 353 395 395 Deiecit
430 352 534 394 leto:
575 352 683 394 nihil
716 353 816 394 illos
854 352 1053 394 Herculis
1095 367 1236 405 arma,

227 411 315 452 Nec
355 409 523 451 validae
559 410 706 452 iuvere
739 425 909 462 manus,
948 411 1206 464 genitorque
1246 411 1486 466 Melampus

1790 411 1875 451 320

229 467 407 509 Alcidae
447 482 587 509 comes
622 482 782 522 usque,
820 482 971 522 graves
1008 468 1109 509 dum
1148 472 1267 510 terra
1304 470 1478 512 labores

228 525 444 566 Praebuit.

505 526 615 567 Ecce
652 526 813 577 Pharo,
854 540 978 567 voces
1021 526 1122 567 dum
1159 527 1296 568 iactat
1333 528 1517 579 inertes,

229 583 489 636 Intorquens
528 583 719 625 iaculum
761 584 966 626 clamanti
1007 584 1124 625 sistit
1170 584 1214 625 in
1254 598 1342 626 ore.

229 641 292 683 Tu
330 654 516 694 quoque,
555 641 783 683 flaventem
818 642 959 696 prima
998 641 1203 695 lanugine
1241 642 1380 684 malas

229 699 343 740 Duni
377 699 567 752 sequeris
609 699 795 754 Clytium
831 699 1004 751 infelix,
1037 713 1150 741 nova
1185 700 1360 753 gaudia,
1397 700 1566 755 Cydon,

229 756 461 798 Dardanea
497 760 659 799 stratus
694 758 868 810 dextra,
909 772 1084 800 securus
1119 771 1330 810 amorum,

232 814 313 865 Qui
351 814 551 856 iuvenum
584 815 665 857 tibi
703 829 872 869 semper
912 819 1053 867 erant,

1096 816 1339 857 miserande
1355 850 1363 867 ,
1404 815 1586 868 iaceres,

230 873 287 914 Ni
322 871 509 914 fratrum
546 873 710 927 stipata
749 873 905 915 cohors
940 873 1053 915 foret
1092 873 1239 926 obvia,
1282 874 1439 916 Phorci

229 930 475 983 Progenies3
516 935 681 984 septem
714 945 913 983 numero,
944 935 1209 985 septenaque
1245 932 1334 973 tela

233 988 495 1039 Coniiciunt3
528 989 688 1042 partim
727 989 852 1042 galea
888 990 1110 1044 clipeoque
1153 989 1372 1031 resultant

1796 988 1879 1028 330

234 1046 391 1096 Inrita,
428 1045 602 1088 deflexit
636 1048 795 1100 partim
830 1048 1088 1101 stringentia
1125 1061 1283 1101 corpus

233 1104 359 1145 Alma
387 1103 542 1145 Venus.

601 1105 756 1146 Fidum
796 1106 960 1147 Aeneas
995 1105 1171 1147 adfatur
1213 1105 1437 1146 Achaten:

234 1162 425 1215 Suggere
460 1161 549 1203 tela
591 1162 715 1214 mihi,
754 1177 839 1204 non
879 1164 1014 1205 ullum
1055 1163 1234 1205 dextera
1267 1162 1432 1204 frustra

234 1219 426 1261 Torserit
464 1219 509 1260 in
549 1220 750 1272 Rutulos,
789 1224 1001 1263 steterunt
1039 1235 1150 1275 quae
1186 1221 1231 1262 in
1276 1233 1458 1275 corpore
1497 1217 1677 1259 Graium

234 1277 377 1318 Iliacis
413 1277 587 1331 campis.

646 1278 752 1320 Tum
789 1293 990 1333 magnam
1030 1279 1211 1333 corripit
1249 1279 1442 1329 hastam,

1797 1277 1878 1316 335

235 1335 291 1376 Et
330 1335 455 1386 iacit,
489 1335 565 1378 illa
605 1336 754 1378 volans
791 1337 918 1391 clipei
958 1336 1284 1379 transverberat
1321 1349 1424 1378 aera

235 1393 448 1445 Maeonis,
490 1397 532 1435 et
566 1393 750 1436 thoraca
788 1395 914 1437 simul
953 1409 1049 1437 cuin
1086 1398 1263 1449 pectore
1308 1394 1484 1448 rumpit.

236 1535 419 1564 Caesarum
443 1534 541 1563 etiam
567 1534 693 1563 familia
723 1535 796 1564 ideo
828 1543 927 1564 sacra
959 1536 1037 1564 reti-

237 1583 333 1609 nebat
377 1581 559 1618 Apollinis,
605 1582 683 1616 quia
727 1582 780 1616 qui
827 1583 952 1617 primus
995 1583 1035 1610 de

236 1634 349 1655 eorum
370 1626 494 1655 familia
519 1626 588 1663 fuit,
618 1633 755 1656 exsecto
781 1628 894 1656 matris
921 1633 1035 1657 ventre

236 1677 335 1701 natus
367 1672 452 1701 est.“
477 1675 510 1701 S.
557 1673 798 1710 „Auspicatius
825 1678 941 1703 enecta
966 1681 1036 1703 ma-

237 1722 284 1747 tre
307 1719 496 1755 gignuntur,
518 1718 603 1747 sicut
621 1719 731 1755 Scipio
749 1719 928 1748 Africanus
951 1720 1038 1755 prior

237 1769 347 1800 natus,
374 1764 564 1799 primusque
583 1765 765 1793 Caesarum
791 1772 811 1794 a
836 1773 938 1794 caeso
967 1773 1036 1794 ma—

238 1810 295 1838 tris
343 1815 433 1838 utero
478 1808 620 1839 dictus.“
669 1811 750 1839 Plin.
774 1812 840 1840 NH.
866 1811 905 1849 7,
936 1812 973 1848 7,
1005 1810 1036 1839 9.

238 1856 293 1884 Sic
316 1856 390 1890 ipse
415 1856 641 1890 Aesculapius
675 1859 714 1884 ab
743 1857 898 1891 Apolline
919 1865 1038 1887 serva-

238 1906 290 1930 tus
329 1907 389 1930 est.
440 1902 499 1930 ΟΥ.
526 1905 567 1930 Μ.
591 1902 629 1939 2,
661 1901 739 1930 628.
789 1902 837 1931 Cf.
867 1903 923 1939 ll,
959 1903 1037 1932 768.

285 1945 361 1976 317.
391 1944 490 1985 Quod
518 1946 665 1986 ΜΡ1γ21)
695 1956 762 1987 qno
782 1947 871 1988 12271
910 1946 967 1978 cui
990 1951 1037 1978 Rc

239 2000 305 2032 quo
330 1990 352 2022 Ι.
369 1988 507 2033 parvo?
542 1990 603 2021 Rb.
644 1990 742 2029 „Nec
766 1991 872 2035 longe
896 2003 952 2030 pro
977 2004 1040 2024 nec

238 2037 350 2068 multo
371 2041 462 2078 post,
486 2039 677 2067 adverbium
703 2040 768 2068 loci
793 2049 849 2075 pro
868 2042 1038 2077 temporis,

239 2083 405 2120 antique.“
442 2087 474 2113 S.
530 2087 694 2120 Exempla
732 2091 809 2115 sunt
845 2087 877 2115 ln
918 2088 1038 2116 lexicis

238 2131 337 2160 etiam
355 2139 420 2160 non
437 2132 582 2166 antiqua,
608 2137 639 2159 ut
664 2131 980 2169 Quintiliani,Gellii.
995 2149 1039 2153 —-

239 2177 381 2206 Cisseus
412 2181 443 2205 et
486 2180 579 2212 Gyas
619 2179 837 2213 Melampodis
870 2179 940 2216 filit,
985 2180 1038 2215 qui

238 2222 344 2252 fuerat
371 2224 522 2252 Herculis
549 2231 682 2259 comes,
710 2224 743 2252 in
776 2225 848 2253 eius
882 2228 1039 2255 honorem

240 2270 336 2298 clava
367 2274 509 2298 utuntur.
557 2270 732 2298 Hominum
761 2271 967 2309 occisorum,
1007 2275 1037 2300 ut

238 2316 433 2349 languorem
453 2315 567 2351 fugiat,
594 2321 623 2343 et
650 2316 807 2351 originem
833 2321 864 2345 et
888 2322 1037 2346 ornatum

240 2366 270 2388 et
295 2360 362 2390 fata
385 2365 416 2389 et
431 2369 486 2391 res
509 2366 623 2397 gestas
645 2370 772 2390 summo
793 2363 902 2392 studio
929 2364 1040 2393 varia-

238 2407 295 2435 vit.
345 2406 383 2434 Hi
409 2413 496 2443 sunt,
515 2412 546 2435 ιιι
574 2408 779 2442 Aventinus,
805 2416 846 2437 ex
875 2410 930 2439 illo
959 2412 1040 2439 Her-

240 2453 325 2481 cutis
352 2460 409 2487 per
433 2454 563 2482 Italiam
583 2454 699 2482 itinere
725 2454 797 2482 orti.

287 2497 362 2526 3¹9.
391 2495 515 2527 deiecit
539 2497 606 2527 teto
627 2499 667 2528 cf.
695 2497 725 2534 2,
751 2498 827 2528 398.

285 2543 362 2572 321.
390 2540 542 2573 Labores
554 2543 717 2583 praebuit
735 2554 821 2574 nove
839 2545 917 2574 dixit
942 2553 1039 2581 quum

239 2593 327 2620 bona
350 2591 500 2625 praeberi
529 2590 712 2619 dicantur.“
737 2593 769 2619 S.

285 2634 362 2665 322.
387 2633 505 2673 „Ecce
533 2633 690 2672 phorom
722 2637 840 2673 legitur
862 2641 891 2665 et
922 2633 1039 2666 Pharo

241 2678 382 2718 (Pharo
407 2682 635 2718 suprascripto
668 2691 687 2711 n
711 2685 764 2722 Μγ
798 2680 935 2712 Pharon
964 2690 1039 2718 per-

240 2728 334 2757 fossa
358 2736 379 2756 n
402 2728 436 2756 in
461 2727 518 2763 P.)
548 2729 680 2757 dativus
708 2731 747 2757 ab
778 2738 839 2766 eo,
867 2730 951 2764 quod
987 2733 1039 2758 est

244 2770 392 2802 Pharus.
443 2774 475 2803 Si
501 2778 610 2803 autem
637 2771 776 2803 Pharon
795 2776 930 2810 legeris,
956 2774 1038 2810 figu-

240 2824 344 2847 ratum
369 2824 429 2848 est.
481 2822 559 2849 Nam
593 2821 632 2848 de
664 2821 868 2850 nominativo
908 2821 1039 2849 transiit

241 2866 282 2893 ad
322 2865 466 2894 dativum
515 2863 722 2894 clamanti.‘⁶
757 2869 790 2895 S.
839 2868 920 2896 Post
954 2868 1037 2895 haec

241 2911 314 2943 quid
347 2911 520 2946 scripserit
554 2913 627 2946 vgt.
656 2912 820 2941 difficilius
857 2917 905 2941 est
939 2913 1036 2941 dictu.

241 2957 347 2984 Pharo
373 2962 481 2986 autem
513 2958 667 2986 clamanti
703 2958 849 2987 iaculum
882 2958 969 2987 sistit
1002 2958 1035 2987 in

241 3008 314 3034 ore,
352 3003 467 3030 utiam
493 3004 637 3032 clamare
663 3004 802 3033 desinat.
846 3019 890 3024 -—
937 3012 1036 3033 voces

240 3044 390 3075 inertes:
434 3048 518 3077 Nihil
564 3049 648 3078 enim
683 3057 766 3078 voce
805 3058 889 3085 opus
925 3054 973 3079 est
1003 3051 1035 3079 in

1082 1537 1225 1572 proelio,
1248 1537 1305 1565 sed
1330 1543 1440 1564 manu.
1489 1530 1678 1563 clamantis
1694 1534 1796 1572 Ml’yc
1825 1539 1884 1567 po-

1081 1583 1137 1611 tuit
1162 1583 1257 1611 nasci
1282 1590 1325 1611 ex
1357 1577 1528 1610 clamanti
1553 1577 1645 1609 sistit
1671 1577 1712 1607 cf.
1737 1577 1776 1615 2,
1803 1576 1882 1606 755.

1082 1630 1233 1658 Attamen
1259 1635 1366 1656 nonne
1398 1627 1447 1656 sic
1479 1625 1611 1660 scripsit
1632 1626 1705 1660 Vgl.
1731 1629 1760 1652 et
1787 1624 1883 1653 intel-

1081 1675 1177 1703 lexit:
1225 1676 1308 1702 Dum
1343 1675 1474 1702 Pharon
1515 1672 1588 1701 sive
1627 1671 1736 1699 Pharo
1775 1677 1881 1699 voces

1081 1721 1191 1755 iactat,
1216 1720 1390 1748 clamantis
1413 1719 1447 1747 in
1471 1726 1528 1747 ore
1559 1718 1703 1746 iaculum
1729 1715 1836 1745 sistit?

1129 1765 1205 1794 325.
1244 1763 1375 1804 Cydon,
1401 1765 1455 1799 qui
1472 1763 1620 1798 sequitur
1640 1762 1783 1797 Clytium
1801 1769 1882 1797 pue-

1082 1819 1154 1840 rum
1187 1814 1433 1846 pubescentem.
1483 1825 1527 1829 —-
1574 1805 1703 1846 „Nova
1727 1805 1883 1848 gaudia,

1083 1866 1161 1893 ergo
1189 1865 1284 1892 quem
1309 1861 1376 1885 tum
1402 1857 1539 1891 primum
1563 1861 1675 1884 amare
1691 1851 1882 1889 coeperat.“

1084 1907 1117 1932 S.

1129 1947 1208 1985 326,
1235 1956 1376 1977 securus
1418 1954 1594 1981 amorum,
1635 1953 1699 1974 non
1742 1945 1885 1981 amplius

1084 1999 1260 2024 curaturus
1290 1995 1321 2023 in
1355 1999 1468 2022 morte.
1507 2009 1551 2012 —
1590 1991 1773 2021 Defensum
1805 1995 1885 2021 eunt

1085 2043 1255 2076 Cydonem
1280 2040 1400 2069 Phorci
1419 2039 1484 2068 titii.

1130 2085 1207 2116 327.
1234 2083 1432 2115 miserande
1460 2092 1541 2123 „pro
1568 2078 1812 2113 miserandus.“
1851 2084 1883 2110 S.

1086 2132 1133 2162 Cf.
1164 2132 1219 2169 12,
1245 2131 1320 2161 947.

1131 2177 1208 2207 328.
1233 2175 1353 2207 cohors
1375 2177 1417 2207 cf.
1449 2175 1503 2214 ΙΙ,
1530 2175 1607 2205 500.

1133 2223 1208 2253 329.
1235 2226 1378 2263 septena
1404 2220 1494 2260 tela,
1516 2226 1621 2256 recte,
1652 2220 1773 2249 iaciunt
1798 2220 1884 2248 enim

1088 2270 1186 2299 simul
1213 2271 1327 2298 eodem
1354 2268 1502 2304 tempore
1528 2271 1664 2303 septem.
1708 2265 1750 2294 cf.
1773 2265 1803 2303 5,
1827 2265 1882 2295 85.

1130 2314 1207 2344 331.
1235 2318 1335 2344 Recte
1362 2315 1483 2343 monuit
1510 2314 1665 2347 Servius,
1703 2319 1768 2340 non
1800 2319 1881 2341 esse

1087 2363 1286 2390 haerendum
1333 2361 1365 2389 in
1394 2360 1532 2390 veneris
1571 2359 1707 2388 auxilio.
1769 2360 1883 2392 Neque

1086 2408 1172 2436 enim
1202 2407 1348 2442 Iuppiter
1374 2408 1455 2435 deos
1502 2405 1574 2435 suis
1607 2404 1766 2433 auxilium
1798 2403 1884 2432 ferre

1085 2453 1213 2490 vetuit,
1253 2453 1310 2482 sed
1342 2454 1432 2481 nulla
1459 2452 1523 2481 iam
1558 2459 1596 2480 se
1626 2451 1736 2486 ipsum
1754 2449 1885 2479 miseri·

1086 2499 1198 2528 cordia
1228 2503 1349 2527 motum
1383 2499 1422 2527 iri
1455 2502 1484 2526 et
1518 2499 1558 2527 ad
1591 2497 1659 2526 fata
1695 2504 1733 2525 se
1775 2496 1885 2525 omnia

1086 2550 1280 2574 exacturum
1309 2545 1451 2573 minatus
1478 2549 1539 2573 est.

1131 2589 1207 2619 334.
1229 2592 1399 2619 steterunt
1426 2598 1515 2630 qnae
1544 2587 1580 2619 iu
1605 2597 1631 2617 c.
1662 2585 1740 2624 Gr.;
1772 2589 1884 2617 Habes

1085 2638 1278 2665 bellatorum
1306 2644 1368 2666 usu
1397 2637 1601 2671 gloriantem.
1650 2649 1695 2654 —
1744 2640 1885 2674 corpore

1084 2683 1168 2717 sing.
1203 2691 1259 2717 pro
1291 2684 1374 2717 plur.
1406 2682 1447 2711 cf.
1479 2681 1511 2719 9,
1538 2680 1615 2711 721.
1663 2695 1709 2699 ——
1745 2675 1886 2709 torserit

1085 2728 1127 2758 cf.
1152 2728 1190 2763 6,
1215 2728 1271 2757 89.

1129 2772 1403 2803 337.tv1ae0nem
1457 2773 1595 2810 occidit,

1083 2822 1239 2855 clypeum
1265 2824 1295 2849 et
1322 2822 1488 2849 thoracem
1512 2824 1542 2848 et
1560 2821 1678 2855 pectus
1699 2817 1821 2845 iaculo.
1839 2829 1885 2836 —-

1083 2862 1262 2895 thoracem
1288 2874 1364 2894 cum
1390 2867 1530 2906 pectore
1559 2860 1691 2902 rumpit
1707 2861 1749 2891 cf.
1774 2860 1806 2898 2,
1827 2859 1883 2891 72.

1082 2927 1127 2931 —-
1151 2912 1286 2941 cadenti
1310 2911 1474 2941 succurrit
1499 2911 1647 2940 Alcanor
1670 2914 1811 2942 eumque
1825 2915 1885 2937 su—

1083 2962 1222 2994 stentat,
1265 2959 1324 2986 sed
1371 2958 1437 2986 alia
1469 2958 1567 2986 hasta
1589 2956 1725 2984 Aeneae
1750 2961 1811 2989 per
1834 2955 1885 2982 la-

1082 3008 1204 3032 certum
1238 3004 1373 3041 iacitur,
1419 3010 1526 3036 neque
1557 3008 1597 3029 eo
1629 3000 1796 3028 retardata
1827 3000 1885 3028 vel

1082 3051 1165 3079 ultra
1199 3050 1356 3086 procedit.
1405 3050 1531 3077 Dextra
1565 3050 1674 3075 autem
1716 3050 1748 3074 ut
1785 3044 1885 3075 mori·

1642 2771 1778 2800 traiecto
1825 2777 1885 2805 per
