2023 3350
39 1305 46 1354 ‹⁴-
31 1122 47 1290 zf-—o———a-

748 74 986 108 AENEIDOS
1023 76 1111 108 LIB.
1136 76 1177 108 V.

1719 76 1800 116 237

149 194 309 236 Ensem
348 194 479 246 atque
513 189 726 244 insignem
761 189 931 244 galeam
968 189 1127 231 solatia
1160 188 1288 230 victo.

149 252 240 293 Nec
274 263 420 302 mora3
463 249 668 290 continuo
707 248 841 290 vastis
874 261 969 289 cum
1006 247 1169 289 viribus
1203 246 1327 289 effert

151 308 241 351 Ora
270 309 427 359 Dares,
472 319 718 360 magnoque
755 306 895 347 virum
933 319 977 347 se
1019 319 1238 346 murmure
1273 304 1407 356 tollit;

149 367 277 409 Solus
317 366 391 420 qui
429 364 631 406 Paridem
669 363 824 405 solitus
861 363 1123 405 contendere
1160 367 1322 404 contra.

1720 366 1804 406 370

149 424 357 478 Idemque
390 422 448 464 ad
485 422 718 474 tumulum,
763 435 848 476 quo
885 422 1098 462 maximus
1139 420 1324 463 occubat
1354 419 1529 472 Hector,

148 482 371 524 Victorem
404 480 546 521 Buten
584 479 761 521 immani
802 493 1007 534 corpore,
1056 479 1129 532 qui
1167 492 1212 520 se

149 539 364 593 Bebrycia
397 538 570 579 veniens
610 537 762 592 Amyci
795 537 848 579 de
891 541 1016 591 gente
1063 536 1244 587 ferebat,

148 597 339 639 Perculit
378 599 421 638 et
460 596 579 637 fulva
614 595 923 637 moribundum
959 594 1153 636 extendit
1196 606 1340 635 arena.

148 655 266 697 Talis
301 654 443 709 prima
484 654 623 695 Dares
661 656 791 707 caput
825 653 962 695 altum
996 653 1040 694 in
1076 652 1245 706 proelia
1278 650 1406 702 tollit,

1721 652 1804 692 375

151 713 440 766 Ostenditque
475 711 680 754 humeros
712 711 848 762 latos,
889 709 1145 764 alternaque
1180 710 1319 751 iactat

149 771 339 813 Brachia
370 770 653 824 protendens,
694 772 736 811 et
771 768 972 811 verberat
1002 768 1160 809 ictibus
1193 780 1336 809 auras.

150 829 386 880 Quaeritur
424 828 525 869 huic
562 828 694 880 alius,
739 841 817 868 nec
851 827 1083 880 quisquam
1121 839 1174 867 ex
1207 824 1380 878 agmine
1414 825 1540 864 tanto

148 886 294 929 Audet
330 885 452 927 adire
492 885 651 938 virum,
689 884 976 938 manibusque
1015 883 1219 925 inducere
1257 885 1438 923 caestus.

149 945 266 998 Ergo
307 944 465 986 alacris
502 947 766 997 cunctosque
800 946 960 996 putans
1003 941 1209 983 excedere
1239 939 1399 993 palma,

1723 942 1806 981 380

136 1003 321 1044 Aeneae
361 1002 483 1044 stetit
521 1005 622 1043 ante
662 1000 818 1055 pedes,
862 1014 939 1041 nec
978 999 1106 1053 plura
1143 1000 1338 1039 moratus

150 1061 259 1102 Tum
294 1060 418 1102 laeva
458 1063 634 1101 taurum
673 1072 808 1100 cornu
849 1060 968 1099 tenet
1006 1060 1139 1109 atque
1179 1055 1243 1096 ita
1278 1053 1420 1095 fatur:

150 1119 262 1160 Nate
304 1117 402 1169 dea,
449 1117 485 1158 si
520 1130 643 1158 nemo
679 1114 812 1157 audet
853 1128 898 1156 se
933 1113 1110 1155 credere
1147 1124 1330 1166 pugnae,

153 1176 272 1227 Quae
307 1175 404 1217 finis
446 1173 617 1216 standi?
665 1186 750 1227 quo
783 1185 851 1213 me
892 1171 1015 1213 decet
1052 1184 1190 1223 usque
1224 1168 1387 1210 teneri?

151 1235 322 1276 Ducere
357 1233 471 1274 dona
504 1231 615 1273 iube.

678 1230 831 1273 Cuncti
868 1229 995 1271 simul
1036 1242 1110 1270 ore
1149 1227 1394 1269 fremebant

1725 1226 1809 1266 385

149 1291 432 1333 Dardanidae
473 1289 686 1343 reddique
726 1288 818 1329 viro
860 1287 1075 1342 promissa
1112 1285 1333 1327 iubebant.

152 1349 236 1392 Hic
279 1349 424 1404 gravis
454 1347 675 1389 Entellum
713 1346 840 1388 dictis
881 1345 1068 1399 castigat
1109 1345 1299 1396 Acestes,

154 1500 299 1533 natum.“
328 1503 360 1531 S.
410 1501 519 1530 Vittae
551 1502 638 1530 enim
669 1501 813 1530 lamellis
847 1500 958 1529 aureis

152 1550 323 1579 distinctae
357 1551 463 1584 erant,
514 1551 544 1576 et
580 1552 628 1577 est
672 1547 873 1583 Hendiadys.
917 1561 954 1566 —-

153 1596 243 1625 Licet
268 1595 367 1624 etiam
391 1594 558 1628 explicare
582 1602 638 1629 per
668 1601 824 1631 zeugma,
859 1596 891 1621 ut
917 1592 959 1621 sit

156 1644 212 1671 bos
242 1641 332 1671 vittis
355 1642 486 1669 velatus
508 1644 536 1668 et
562 1644 699 1668 auratus
729 1648 838 1669 cornu.
889 1640 961 1667 Mos

152 1688 239 1716 enim
277 1691 346 1716 erat
385 1686 510 1714 hostias
548 1687 675 1715 auratis
715 1685 866 1715 corninus
904 1685 961 1713 ad-

153 1734 269 1762 ducere
299 1734 340 1762 ad
373 1739 451 1761 aras
483 1731 521 1761 cf.
555 1730 586 1769 9,
614 1729 689 1760 627.
717 1732 786 1760 Tib.
816 1729 845 1767 4,
868 1729 897 1767 1,
921 1728 961 1758 15

159 1776 374 1809 caelestibus
400 1785 535 1817 semper
560 1776 728 1806 inaurato
751 1779 877 1806 taurus
902 1784 960 1805 ca-

158 1822 210 1853 dit
255 1821 370 1853 hostia
413 1831 541 1860 cornu,
587 1828 616 1852 et
657 1823 732 1852 Liv.
763 1821 821 1858 25,
854 1819 893 1850 12
931 1826 961 1851 et

156 1872 255 1899 Macr.
277 1868 305 1907 1,
335 1867 386 1906 17,
414 1869 527 1898 deinde
551 1870 636 1897 Plin.
660 1868 714 1905 33,
740 1867 778 1896 12
811 1865 960 1897 Deorum

155 1912 281 1945 honori
312 1912 349 1944 in
382 1912 493 1944 sacris
526 1911 616 1943 mhit
648 1912 747 1943 aliud
780 1911 961 1955 excogita-

154 1964 228 1992 tum
253 1963 322 1998 est,
349 1968 453 2000 quam
483 1961 521 1988 ut
547 1957 686 1989 auratis
710 1957 873 1988 cornibus
899 1955 961 1987 ho-

155 2005 258 2043 stiae,
283 2004 436 2035 maiores
457 2002 646 2041 duntaxat,
675 2003 962 2040 immolarentur,-

157 2058 188 2082 et
214 2057 348 2082 auratae
375 2054 476 2080 boves
501 2052 566 2080 iam
594 2052 627 2079 in
654 2051 797 2080 carmine
823 2051 959 2079 fratrum

157 2100 336 2129 Arvalium
363 2098 566 2133 reperiuntur
595 2101 625 2126 et
651 2104 703 2132 ap.
732 2097 823 2125 Hom.
848 2097 903 2125 Od.
929 2093 959 2134 3,

156 2143 233 2175 384.
261 2143 336 2174 426.

204 2200 280 2231 369.
307 2208 487 2230 murmure
513 2200 753 2229 admirantium.

205 2256 281 2287 370.
315 2254 417 2287 Paris
457 2259 545 2292 apud
589 2258 765 2286 Homerum
806 2256 962 2292 ignaviae

159 2309 333 2335 accusatur
380 2306 420 2333 ab
456 2305 610 2341 Hectore,
658 2304 715 2331 sed
751 2304 853 2331 multa
886 2302 963 2331 facit

159 2351 291 2387 egregia
321 2350 360 2379 cf.
386 2352 424 2378 ll.
453 2348 482 2387 3,
505 2347 582 2378 340.
617 2346 671 2386 11,
696 2347 773 2377 580.
806 2346 858 2384 13,
886 2346 962 2385 765,

160 2402 190 2426 et
234 2397 320 2431 apud
358 2396 444 2424 alios
482 2399 594 2430 poetas
635 2395 778 2424 maxime
811 2395 965 2423 laudatur

160 2446 289 2477 propter
312 2441 539 2478 fortitudinem,
561 2441 617 2476 qui
634 2444 705 2476 post
718 2441 866 2470 Hectoris
880 2448 964 2469 mor-

164 2492 227 2516 tem
243 2489 438 2516 Graecorum
461 2487 616 2515 sustinuit
638 2487 788 2524 impetus,
811 2487 850 2515 ad
869 2494 965 2521 quem

164 2533 373 2563 occidendum
401 2533 596 2562 Philoctetes
632 2537 702 2561 erat
735 2533 962 2562 arcessendus.

162 2581 233 2608 Iam
256 2578 387 2615 agnitus
413 2582 462 2607 est
488 2585 509 2606 a
532 2581 633 2614 patre,
660 2586 758 2613 quum
780 2579 814 2606 in
829 2578 961 2614 pugila-

164 2630 217 2654 tus
243 2624 418 2654 certamine
444 2624 583 2653 vicisset
606 2631 727 2652 omnes.

208 2679 286 2710 371.
314 2690 380 2721 qno
407 2678 550 2710 occubat
576 2680 615 2710 cf.
646 2679 674 2718 l,
698 2677 776 2708 547.

210 2737 286 2768 372.
314 2734 461 2767 immani
498 2745 641 2776 corpore
674 2737 713 2767 cf.
759 2734 792 2774 1,
824 2734 877 2766 71.
927 2753 964 2757 ——

110 2792 112 2794 '
165 2786 332 2821 Amycus,
373 2792 431 2813 rex
462 2783 662 2820 Bebryciae,
700 2783 788 2811 filius
820 2783 967 2821 Neptuni,

164 2833 219 2861 vel
241 2832 408 2860 Pollucem
434 2834 545 2859 caestu
571 2829 759 2865 principem,
786 2837 883 2863 quum
901 2829 967 2858 Ar-

165 2880 327 2914 gonautae
349 2877 390 2905 ad
415 2875 606 2911 Bithyniam
634 2875 855 2912 appulissent,
893 2883 967 2910 pro-

165 2927 344 2952 vocaverat
376 2921 415 2951 cf.
449 2922 603 2956 Apollon.
630 2918 660 2957 2,
691 2917 718 2948 l.
757 2921 832 2949 Val.
860 2921 907 2949 Fl.
936 2918 966 2958 4,

166 2966 209 2996 90
229 2977 275 3004 sq.
325 2970 375 2997 Ex
400 2967 472 2996 eius
499 2966 596 3003 igitur
620 2970 728 3003 gente,
763 2973 847 3001 quae
871 2967 966 3002 pugi-

166 3016 234 3044 latu
258 3018 328 3044 erat
352 3013 512 3051 insignis,
535 3013 636 3041 Butes
662 3016 748 3050 erat,
775 3012 830 3047 qui
854 3020 965 3041 omnes

1005 1500 1168 1529 devicerat
1201 1493 1425 1537 (victorem).
1486 1497 1567 1524 Eum
1602 1496 1707 1524 Dares
1739 1503 1812 1531 per-

1005 1546 1095 1576 culit.

1053 1589 1129 1620 375.
1162 1587 1282 1619 Prima
1315 1586 1351 1618 ιἰι
1380 1584 1539 1628 proelia:
1589 1589 1669 1615 Nam
1705 1587 1735 1616 si
1772 1588 1813 1616 ad

1008 1638 1148 1673 primum
1173 1641 1336 1666 certamen
1363 1643 1399 1663 se
1421 1634 1545 1663 admitti
1567 1636 1717 1670 curabat,
1744 1638 1813 1662 sta-

1009 1684 1066 1712 tim
1100 1688 1170 1718 post
1206 1684 1309 1711 verba
1337 1682 1473 1710 Aeneae
1503 1688 1636 1715 surgere
1668 1681 1812 1709 debebm.

1011 1731 1101 1764 Quod
1127 1738 1191 1758 non
1215 1731 1399 1763 exspectat,
1425 1728 1539 1761 quales
1562 1731 1706 1763 surgant,
1734 1726 1812 1755 fisus

1008 1776 1091 1804 satis
1118 1775 1245 1803 viribus
1269 1774 1341 1802 suis
1367 1772 1624 1807 deprehenditur.

1056 1819 1131 1849 378.
1164 1817 1368 1858 Quaeritur.
1437 1820 1535 1848 Nemo
1574 1818 1661 1847 enim
1701 1822 1815 1853 sponte

1009 1868 1105 1897 audet
1131 1875 1167 1895 se
1192 1874 1362 1901 opponere.

1056 1911 1131 1941 379.
1163 1909 1271 1941 Adire
1300 1916 1333 1940 ut
1361 1910 1493 1947 aggredi
1526 1910 1561 1938 in
1587 1918 1620 1938 re
1649 1911 1753 1939 ardua
1785 1914 1816 1939 et

1009 1960 1193 1995 periculosa
1236 1958 1370 1992 dicitur3
1415 1957 1463 1985 ita
1503 1953 1603 1984 adire
1641 1953 1814 1996 pericula,

1007 2003 1163 2042 labores,
1208 2000 1434 2037 inimicitias,-
1474 2006 1570 2036 atque
1607 2002 1681 2031 inde
1714 1999 1817 2032 adire

1008 2048 1160 2090 aliquem
1185 2057 1315 2090 pugna
1335 2048 1394 2084 (cf.
1417 2049 1489 2077 Ter.
1514 2049 1643 2077 Phorm.
1668 2045 1697 2083 1,
1716 2046 1747 2085 4,
1771 2045 1814 2075 52

1006 2105 1099 2125 nunc
1121 2094 1272 2135 primum
1297 2092 1395 2124 adito
1421 2097 1476 2131 tu,
1500 2102 1567 2135 ego
1594 2092 1630 2123 in
1649 2091 1817 2123 subsidiis

1008 2137 1063 2170 hic
1102 2149 1178 2177 ero,
1221 2137 1522 2177 succenturiatus,
1565 2137 1595 2168 si
1634 2138 1718 2179 quid
1757 2137 1816 2168 de-

1000 2183 1133 2225 ficias)
1166 2190 1201 2214 ut
1235 2182 1326 2214 coire
1358 2189 1408 2214 est
1440 2185 1591 2221 congredi
1618 2186 1740 2220 proelio
1774 2185 1813 2214 cf.

1014 2229 1064 2269 12,
1091 2229 1168 2260 709.
1197 2232 1256 2260 Ov.
1284 2232 1328 2259 Μ.
1353 2228 1384 2268 9,
1405 2227 1447 2258 42
1473 2235 1503 2259 et
1529 2232 1599 2259 Ter.
1626 2232 1754 2259 Phorm.
1782 2228 1813 2268 2,

1009 2275 1040 2315 2,
1065 2275 1106 2306 32
1127 2274 1243 2317 prima
1269 2273 1372 2305 coitio
1398 2278 1447 2305 est
1470 2273 1656 2305 acerrima.
1687 2277 1738 2305 ΡΙ.
1757 2277 1815 2310 Ep.

1011 2324 1041 2362 5,
1067 2321 1106 2352 14
1132 2320 1224 2352 coire
1247 2318 1282 2350 ἰη
1313 2319 1402 2351 lites.

1059 2367 1134 2398 380.
1165 2365 1305 2398 Alacris
1331 2374 1429 2404 „nam
1448 2366 1564 2403 (vgm
1593 2363 1713 2396 alacer
1736 2375 1817 2395 nus-

1011 2423 1119 2453 quam,
1144 2411 1236 2443 tzcris
1260 2421 1423 2449 nusquam
1446 2412 1561 2442 uixiuf‘
1585 2415 1616 2441 S.
1643 2413 1682 2441 cf.
1703 2411 1733 2450 6,
1750 2410 1815 2441 685

1012 2466 1042 2491 et
1068 2464 1120 2490 Gr.
1147 2460 1168 2496 ς
1189 2457 1264 2488 107.

1059 2505 1135 2536 382.
1162 2509 1321 2535 moratus
1343 2521 1388 2525 —-
1413 2507 1485 2535 turn
1513 2504 1552 2534 cf.
1580 2501 1630 2532 14.

1059 2551 1136 2582 385.
1168 2549 1302 2581 Ducere
1329 2548 1408 2580 iube
1438 2550 1476 2580 cf.
1505 2548 1536 2585 2,
1559 2549 1588 2579 3.
1630 2566 1668 2570 -
1718 2548 1755 2579 C.
1786 2558 1814 2580 s.

1013 2608 1041 2629 o.
1066 2598 1099 2637 f.
1131 2597 1172 2628 D.
1197 2598 1281 2626 idem
1308 2595 1335 2635 l,
1360 2594 1436 2626 559.
1462 2611 1505 2616 -
1525 2595 1680 2633 fremere
1704 2596 1746 2626 cf.
1767 2595 1818 2634 11,

1015 2644 1092 2674 453.
1143 2644 1277 2673 Troiani
1309 2644 1463 2681 gaudent,
1502 2651 1543 2671 ex
1569 2650 1632 2671 sua
1660 2642 1817 2672 victorem

1015 2699 1089 2720 esse
1116 2695 1219 2727 gente.

1062 2735 1139 2765 386.
1170 2732 1287 2765 Reddi
1305 2734 1423 2772 „quasi
1441 2734 1558 2770 debita,
1575 2731 1769 2769 promissa.“
1785 2736 1817 2762 S.

1063 2780 1138 2811 387.
1171 2778 1300 2810 Gravis
1326 2779 1484 2820 castigat
1517 2780 1555 2809 cf.
1587 2778 1660 2808 137.
1689 2796 1727 2800 -
1753 2782 1820 2809 En-

1016 2829 1085 2857 telli
1122 2835 1239 2857 nomen
1279 2826 1418 2855 fortasse
1454 2826 1546 2855 finxit
1583 2830 1693 2863 poeta,
1734 2827 1818 2861 quod

1014 2878 1082 2904 erat
1106 2875 1244 2909 Entella,
1275 2873 1427 2907 oppidum
1459 2872 1603 2910 Siciliae,
1630 2879 1714 2907 quae
1737 2873 1817 2900 Tro-

1014 2921 1162 2949 ianorum
1204 2918 1332 2948 colonia
1372 2920 1551 2947 habebatur
1594 2918 1633 2948 cf.
1671 2918 1728 2946 Sil.
1766 2914 1817 2955 14,

1014 2964 1090 2994 205.
1140 2966 1211 2994 Huc
1248 2964 1384 2999 pertinet
1415 2965 1499 2999 quod
1536 2966 1557 2993 S
1601 2964 1677 2993 dicit
1711 2965 1820 3001 „Sane

1013 3012 1199 3049 sciendum,
1230 3013 1317 3040 hunc
1340 3011 1518 3040 secundum
1540 3010 1725 3048 Hyginum,
1762 3009 1818 3044 qui
