2023 3350
249 99 329 138 584

813 97 848 128 1³.
876 97 1066 132 VlRGILII
1093 101 1301 134 MARONJS

248 211 462 252 Immittit:
502 220 678 249 sonuere
714 207 874 259 undae,
914 210 1112 263 rapidum
1149 227 1275 267 super
1310 229 1475 256 amnem

250 267 399 309 Infelix
436 264 544 318 fugit
576 265 619 305 in
654 265 794 306 iaculo
833 265 1041 308 stridente
1073 268 1261 312 Camilla.

250 326 305 366 At
338 321 556 372 Metabus,
595 335 752 375 magna
780 323 957 376 propius
993 324 1079 366 iam
1113 333 1320 379 urguente
1352 334 1534 374 caterva.

252 383 335 422 Dat
371 393 462 420 sese
498 378 648 430 fluvio,
682 384 811 434 atque
848 380 1017 422 hastam
1053 396 1149 423 cum
1183 385 1345 437 virgine
1378 389 1517 428 victor
1793 388 1872 427 565

250 437 478 479 Grramineo
519 435 678 477 donum
715 438 881 479 Triviae
921 439 973 480 de
1002 440 1189 493 caespite
1228 442 1355 484 vellit.

251 495 345 536 Non
384 494 505 535 illum
544 495 669 535 tectis
706 495 839 547 ullae,
874 510 958 537 non
990 497 1210 538 moenibus
1245 499 1374 541 urbes

249 554 481 605 Accepere,
520 565 656 605 neque
691 552 783 606 ipse
819 567 969 595 manus
1006 554 1179 596 feritate
1219 555 1426 606 dedissem

250 610 476 651 Pastorum
517 612 559 650 et
599 609 699 650 solis
735 611 875 664 exegit
919 611 1135 654 montibus
1174 626 1337 654 aevum.

251 667 331 708 Hic
364 671 510 708 natam
543 667 587 707 in
628 666 765 709 dumis
805 668 1000 722 interque
1035 670 1255 711 horrentia
1288 671 1426 711 lustra

1798 675 1878 713 570

250 724 510 766 Armentalis
546 738 681 777 equae
717 726 911 767 mammis
944 731 985 768 et
1022 727 1134 768 lacte
1169 727 1305 769 ferino

250 782 475 833 Nutribat7
514 782 672 823 teneris
706 783 959 836 immulgens
989 784 1123 826 ubera
1159 785 1304 826 labris.

250 840 394 894 thue
428 839 583 893 pedum
616 840 765 893 primis
805 840 945 883 infans
985 843 1163 896 vestigia
1202 843 1362 896 plantis

250 898 492 947 Insffiterat,
525 897 665 938 iaculo
702 898 868 951 palmas
903 900 1087 941 armavit
1126 905 1265 951 acuto,

251 955 509 1009 Spiculaque
546 969 596 996 ex
633 954 811 997 humero
846 971 1004 1010 parvae
1038 958 1259 1011 suspendit
1294 961 1336 998 et
1374 971 1533 998 arcum.

250 1014 332 1054 Pro
373 1012 523 1053 crinali
551 1026 677 1063 auro,
714 1027 793 1066 pro
832 1013 985 1068 longae
1024 1016 1208 1069 tegmine
1242 1015 1397 1069 pallae⁷

252 1070 437 1124 Tigridis
478 1070 653 1111 exuviae
689 1084 766 1124 per
805 1070 979 1113 dorsum
1014 1087 1039 1114 a
1074 1073 1232 1114 vertice
1271 1073 1469 1126 pendent.

251 1129 353 1170 Tela
382 1141 511 1168 manu
543 1127 630 1168 iam
667 1131 760 1169 tum
797 1131 945 1172 tenera
983 1131 1165 1184 puerilia
1203 1131 1340 1181 torsit,

252 1187 308 1227 Et
341 1184 518 1227 fundam
548 1185 673 1226 tereti
718 1185 877 1227 circum
912 1192 1041 1241 caput
1078 1188 1165 1241 egit
1204 1187 1383 1237 habena,

253 1243 625 1298 Strymoniamque
662 1257 808 1296 gruem
843 1249 918 1286 aut
947 1245 1092 1286 album
1129 1246 1282 1287 deiecit
1318 1245 1489 1286 olorem.

1804 1247 1884 1285 580

251 1301 414 1342 Multae
445 1300 565 1341 illam
598 1299 760 1342 frustra
792 1301 1009 1355 Tyrrhena
1044 1317 1121 1357 per
1157 1303 1316 1357 oppida
1348 1306 1508 1343 matres

253 1360 465 1412 Optavere
499 1372 673 1408 nurum;
710 1359 804 1400 sola
842 1364 1046 1402 contenta

1087 1361 1227 1402 Diana

255 1418 483 1457 Aeternum
522 1415 708 1456 telorum
747 1420 790 1457 et
819 1417 1077 1470 virginitatis
1116 1432 1305 1460 amorem

298 1589 375 1620 562.
403 1588 556 1619 Sonuere
591 1587 708 1619 undae
749 1593 926 1626 hastaeque
964 1597 1045 1623 stre-

255 1638 353 1672 pitum
405 1637 546 1665 reddunt.
596 1638 693 1664 Erant
744 1637 799 1671 qui
852 1639 1046 1667 coniicerent

254 1691 380 1713 aurae:
430 1683 524 1716 idque
563 1682 602 1709 ad
644 1689 841 1710 communem
866 1691 1045 1712 sermonem

254 1730 363 1764 aptius
389 1732 448 1756 est.
497 1728 556 1754 Sed
584 1728 685 1755 maior
708 1732 755 1755 est
782 1728 835 1755 vis
859 1729 971 1763 iaculi.
1015 1730 1044 1758 si

254 1775 374 1803 undae.
413 1780 495 1807 quas
524 1779 624 1806 supra
654 1773 788 1809 iacitur,
829 1781 943 1802 sonum
975 1777 1046 1803 red-

254 1822 341 1848 dunt.

300 1874 376 1903 563.
402 1875 522 1903 Infelix
546 1879 604 1903 est.
627 1876 708 1910 quod
733 1876 798 1904 iam
814 1880 923 1904 tenera
942 1880 1047 1905 aetate

255 1922 415 1950 fortunam
442 1922 614 1949 adversam
640 1926 774 1955 experta
799 1926 862 1957 631,
904 1926 933 1950 et
965 1924 1046 1957 quod

254 1976 339 1996 nunc
363 1968 392 1996 ei
417 1970 467 1995 est
487 1967 695 1995 moriendum.

300 2023 375 2052 565.
403 2020 513 2051 victor
543 2022 580 2050 ef.
610 2020 639 2056 2,
666 2020 740 2050 329.

299 2078 375 2109 566.
401 2077 530 2108 donum
563 2076 703 2107 Triviae
737 2080 925 2115 Camillam;
963 2083 1047 2119 „Mi-

254 2135 323 2156 rum
347 2126 497 2160 Triviae.
529 2133 625 2159 quum
650 2125 723 2160 ipsa
749 2128 930 2161 loquatur-st
955 2130 986 2156 S.
1014 2129 1047 2156 in

254 2174 330 2208 alqt.
379 2172 423 2200 At
446 2171 485 2200 cf.
513 2172 594 2205 quod
622 2173 654 2199 S.
680 2177 785 2200 monet
812 2171 841 2209 2,
870 2170 923 2203 79.

299 2237 375 2267 567.
403 2241 464 2268 Pro
493 2237 589 2268 ullae
612 2240 694 2269 coni.
727 2237 775 2269 ΡΙ.
812 2238 918 2269 uillae
958 2244 1045 2276 prob.

260 2283 319 2314 nb.
352 2282 414 2320 Ld,
442 2294 542 2320 neque
568 2290 675 2315 tamen
698 2286 731 2314 in
757 2291 881 2315 textum
907 2287 1047 2322 recipere

253 2332 326 2360 ausi
352 2335 435 2359 sunt.
466 2347 503 2351 —
531 2341 600 2360 non
625 2330 742 2367 tectio,
776 2341 842 2360 non
869 2332 1048 2361 moenibus

254 2380 335 2413 „hoc
359 2380 407 2405 est
431 2385 494 2406 non
520 2378 553 2405 in
581 2377 758 2407 civitatem.
789 2386 849 2406 non
874 2378 907 2406 in
934 2380 1046 2413 priva-

254 2428 318 2451 tam
342 2423 507 2451 admissus
531 2428 579 2451 est
604 2422 766 2452 domum.‘²
793 2426 824 2452 S.
861 2424 898 2453 cf.
927 2423 953 2454 1.
982 2424 1046 2452 600

254 2466 353 2499 urbe.
393 2466 491 2497 domo
523 2466 644 2498 socias.
694 2471 763 2498 Non
802 2474 948 2504 receptus
989 2475 1047 2505 est,

253 2515 334 2549 qnod
375 2514 453 2542 illae
489 2517 585 2543 urbes
636 2523 708 2544 cum
745 2515 873 2544 Volscis
922 2515 1048 2546 foedere

253 2560 381 2589 iunctae
401 2563 506 2595 erant;
532 2568 634 2596 neque
651 2561 721 2595 ipse
737 2563 777 2590 ob
794 2561 955 2590 feritatem
973 2571 1049 2590 mn-

253 2613 319 2634 nus
345 2602 430 2634 dare
450 2607 580 2635 volebat
602 2608 640 2635 ad
669 2607 942 2637 reconciliandam
966 2608 1048 2636 ami-

253 2651 371 2680 citiam.

297 2705 372 2735 569.
401 2708 571 2737 Pastorum
608 2716 725 2739 aevum
757 2710 901 2748 (vitam)
940 2715 970 2739 et
1013 2711 1046 2739 in

253 2752 412 2782 montibus
436 2754 574 2783 desertis
599 2754 701 2789 (solis
730 2756 768 2786 cf.
793 2765 826 2786 v.
853 2756 942 2793 545)
968 2765 1046 2786 exe-

253 2798 307 2834 git.
336 2813 372 2818 —-
401 2796 540 2837 exigere
569 2807 693 2829 aevum
718 2802 756 2831 cf.
785 2800 838 2839 10,
863 2802 915 2832 53.

296 2851 371 2882 570.
400 2852 512 2884 ἱυςινα
549 2864 591 2886 36.
624 2857 781 2893 ferarum,
819 2867 901 2894 quae
933 2861 1044 2890 silvae

252 2904 335 2928 sunt.

297 2953 368 2984 571.
397 2955 525 2992 ferino,
562 2960 697 2995 equino;
727 2969 841 2995 equum
872 2963 968 2991 etiam
991 2963 1036 2992 fe-

251 3008 318 3027 rum
344 3002 404 3029 dici
433 3004 572 3031 vidimus
597 3005 627 3033 5.
653 3003 728 3033 818.

1137 1590 1214 1620 573.
1239 1589 1399 1621 insistere
1412 1599 1515 1620 c.acc.
1532 1591 1571 1620 cf.
1588 1589 1618 1627 6,
1637 1589 1713 1619 563.
1733 1592 1815 1620 uest.
1837 1588 1886 1631 pl.

1092 1639 1210 1674 „signa
1224 1639 1335 1673 pedum
1348 1638 1461 1672 primis
1470 1638 1591 1672 plantis
1599 1636 1836 1672 expresserat.“
1853 1640 1884 1665 S.

1092 1685 1112 1712 i.
1141 1692 1167 1712 e.
1195 1685 1248 1712 ubi
1271 1684 1407 1718 primum
1433 1684 1581 1711 incedere
1604 1684 1723 1712 didicit.

1139 1737 1213 1768 576.
1241 1737 1371 1778 longae
1395 1737 1530 1778 panae:
1550 1741 1669 1776 „Palla
1694 1740 1819 1775 proprie
1839 1744 1887 1769 est

1093 1786 1261 1814 muliebris
1284 1786 1389 1813 vestis
1417 1786 1552 1813 deducta
1582 1793 1683 1820 usque
1716 1787 1757 1814 ad
1782 1787 1887 1816 vesti-

1093 1832 1164 1865 gia:
1204 1832 1286 1859 unde
1311 1831 1355 1859 ait
1381 1829 1511 1867 1011111ιέι
1533 1833 1564 1859 S.
1613 1833 1733 1867 „Palla
1754 1836 1804 1860 est
1829 1834 1887 1860 ho-

1094 1882 1206 1906 nestae
1230 1877 1376 1905 mulieris
1390 1875 1647 1906 vestimentum.“
1669 1879 1748 1906 Non.
1770 1879 1888 1914 „Palla

1094 1927 1141 1951 est
1183 1924 1339 1956 quadrum
1388 1923 1524 1957 pallium
1566 1923 1735 1952 muliebris
1771 1924 1887 1961 vestis,

1093 1970 1261 1997 deductum
1288 1976 1388 2003 usque
1417 1970 1457 1997 ad
1483 1969 1635 2005 vestigia,
1660 1971 1743 2004 quod
1769 1970 1886 1999 adfixis

1094 2015 1125 2042 in
1151 2015 1293 2043 ordinem
1308 2015 1444 2050 gemmis
1462 2013 1591 2043 micat.“
1616 2016 1729 2043 Isidor.
1758 2013 1809 2052 19,
1832 2014 1885 2053 2⁵,

1095 2058 1123 2088 2.
1153 2061 1241 2094 Quod
1267 2061 1305 2089 de
1330 2061 1464 2094 gemmis
1488 2066 1650 2095 memorat,
1679 2069 1743 2089 non
1766 2066 1835 2090 erat
1854 2061 1887 2090 in

1094 2107 1253 2135 omnibus.
1303 2107 1463 2135 Auratam
1493 2107 1614 2140 pallam
1646 2107 1832 2136 invenimus
1858 2105 1887 2143 1,

1095 2149 1169 2180 642.
1196 2152 1259 2181 Cir.
1291 2150 1364 2180 15⁰.
1412 2153 1460 2180 De
1480 2152 1584 2181 forma
1607 2157 1636 2181 et
1656 2160 1720 2181 usu
1739 2153 1811 2181 eius
1828 2161 1887 2182 ve-

1094 2198 1235 2226 stimenti
1264 2197 1303 2226 cf.
1329 2198 1463 2226 Beckeri
1489 2199 1627 2226 Gallum.
1667 2213 1705 2218 -—
1739 2199 1786 2227 De
1806 2206 1885 2228 auro

1094 2244 1211 2272 crinali
1244 2241 1273 2279 4,
1303 2241 1376 2271 138.

1140 2298 1216 2328 579.
1242 2301 1355 2329 Funda
1383 2300 1577 2330 circumacta
1601 2301 1684 2330 ictus
1709 2301 1764 2330 vis
1788 2309 1888 2339 auge-

1096 2350 1156 2374 tur.
1206 2345 1244 2374 cf.
1265 2344 1295 2381 9,
1321 2343 1397 2374 587.

1139 2400 1216 2430 55⁴0.
1247 2399 1483 2441 Strymoniam
1520 2410 1664 2442 gruem:
1701 2404 1755 2433 Sic
1791 2413 1888 2441 grues

1096 2448 1300 2483 Strymoniae
1326 2449 1472 2477 dicuntur
1501 2446 1551 2485 10,
1577 2447 1653 2478 265.
1690 2451 1725 2478 G.
1755 2446 1783 2487 1,
1811 2447 1886 2480 120.

1099 2494 1151 2522 816
1175 2501 1225 2528 ap.
1245 2499 1357 2528 poetas
1382 2494 1494 2522 bestiis
1517 2498 1547 2523 et
1561 2495 1684 2529 plantis
1705 2495 1887 2525 tribuuntur

1094 2539 1234 2574 epitheta
1257 2544 1409 2575 perpetua
1432 2548 1473 2569 ex
1498 2540 1540 2568 iis
1559 2541 1654 2576 locis,
1674 2541 1730 2570 ubi
1749 2542 1885 2576 primum

1095 2585 1247 2614 inventae
1271 2590 1326 2614 aut
1350 2586 1405 2614 ubi
1429 2585 1589 2620 plurimae
1614 2590 1698 2615 sunt.
1737 2587 1790 2617 Sic
1805 2595 1885 2623 apes

1094 2631 1262 2664 Hyblaeae
1285 2633 1321 2659 E.
1349 2630 1385 2668 1,
1413 2630 1466 2660 55.
1493 2633 1602 2661 leones
1632 2632 1732 2661 Poeni
1763 2632 1800 2670 5,
1829 2630 1883 2662 27.

1093 2676 1192 2713 tigres
1218 2677 1393 2706 Armeniae
1410 2685 1440 2705 v.
1463 2675 1516 2706 29.
1535 2679 1701 2707 columbae
1722 2678 1884 2708 Chaoniae

1095 2719 1126 2757 9,
1159 2720 1215 2755 13;
1262 2723 1310 2752 316
1345 2724 1440 2759 glans
1465 2723 1611 2752 Chaonia
1635 2725 1670 2752 G.
1697 2720 1726 2760 1,
1748 2721 1778 2752 8.
1810 2724 1883 2752 iens

1095 2768 1270 2797 Pelusiaca
1293 2777 1325 2797 v.
1354 2766 1428 2797 228.
1463 2770 1571 2803 palma
1594 2769 1749 2798 Idumaea
1773 2766 1803 2806 3,
1830 2766 1882 2798 12.

1094 2813 1179 2842 Alia.
1208 2814 1257 2843 Cf.
1280 2813 1310 2849 5,
1334 2811 1410 2842 311.

1136 2868 1213 2899 581.
1246 2867 1423 2910 Tyrrhena
1439 2878 1503 2910 per
1521 2868 1668 2910 oppida:
1691 2871 1879 2908 „Amaseno

1089 2916 1220 2946 traiecto
1258 2919 1405 2945 Metabus
1445 2917 1484 2946 ad
1529 2917 1762 2951 campanorum
1802 2917 1879 2947 fines

1087 2963 1267 2996 accedebat,
1291 2964 1352 2991 hos
1376 2963 1522 2991 insedere
1544 2962 1620 2990 olim
1634 2960 1793 2992 Etrusci.“
1812 2960 1879 2993 Ηη.

1085 3008 1132 3036 Cf.
1157 3009 1190 3037 0.
1218 3008 1337 3037 ΜῦῙΙΘι·
1360 3008 1425 3036 Etr.
1455 3003 1548 3036 Einl.
1571 3004 1602 3034 4.
