2044 3329
687 97 922 131 AENEIDOS
947 100 1032 132 LIB.
1057 100 1082 131 1.

71 208 279 251 Cornibus
307 208 514 261 arboreis,
543 211 712 262 sternit,
736 214 827 252 tum
855 211 1021 265 volgus,
1049 215 1092 253 et
1122 225 1287 254 omnem

1642 103 1691 141 19

1614 215 1694 253 190

70 266 222 307 Miscet
247 280 375 320 agens
405 267 501 308 telis
526 281 700 309 nemora
726 268 838 309 inter
862 269 1039 310 frondea
1064 269 1255 311 turbam:

69 324 158 364 Nec
180 324 298 377 prius
322 324 507 374 absistit,
536 338 663 378 quam
689 329 851 378 septem
878 326 1066 379 ingentia
1090 326 1225 369 victor

71 380 262 434 Corpora
292 380 443 422 fundat
467 381 584 423 humi
614 385 656 423 et
685 397 906 424 numerum
934 397 1030 425 cum
1054 384 1230 426 navibus
1259 386 1424 438 aequet.

69 437 180 478 Hinc
209 443 381 491 portum
408 439 517 492 petit
546 442 588 480 et
615 440 755 481 socios
784 441 971 494 partitur
1000 441 1044 482 in
1077 454 1232 484 omnes.

69 495 180 536 Vina
209 495 344 537 bonus
370 509 479 549 quae
504 495 656 539 deinde
683 497 800 539 cadis
832 501 1034 540 onerarat
1061 499 1234 541 Acestes

68 552 214 594 Litore
242 553 460 594 Trinacrio
487 553 751 608 dederatque
780 554 1034 597 abeuntibus
1062 556 1200 609 heros,

68 609 250 661 Dividit,
283 614 325 651 et
355 610 480 652 dictis
513 613 747 653 maerentia
777 617 952 666 pectora
982 613 1156 655 mulcet:

183 666 217 708 O
246 667 365 719 socii,
396 693 448 697 —
473 683 607 722 neque
638 670 747 711 enim
774 670 913 722 ignari
936 685 1078 711 sumus
1110 673 1209 712 ante
1234 669 1443 712 malorum
1468 693 1524 699 ——

69 723 103 764 O
130 725 245 777 passi
270 725 486 778 graviora,
515 726 636 767 dabit
663 727 766 768 deus
795 727 859 769 his
889 741 1059 781 quoque
1086 726 1223 769 finem.

68 781 155 822 Vos
185 785 227 822 et
252 782 487 836 Scyllaeam
512 783 674 825 rabiem
706 785 959 838 penitusque
989 788 1190 827 sonantes

1614 784 1695 822 200

67 838 256 881 Accestis
288 840 503 893 scopulos,
526 855 599 882 vos
628 846 671 883 et
700 842 900 896 Cyclopia
928 856 1032 883 saxa

67 896 245 949 Experti
276 901 472 940 revocate
497 899 660 940 animos
689 903 981 952 maestumque
1009 899 1205 939 timorem

67 953 246 1006 Mittite3
279 954 424 997 forsan
451 959 493 997 et
520 955 626 998 haec
656 956 757 997 olim
788 956 1026 997 meminisse
1050 954 1223 996 iuvabit.

113 1070 188 1100 190.
221 1069 387 1102 Cornibus
414 1069 585 1109 arboreis,
618 1078 649 1101 ut
682 1075 715 1101 Ε.
747 1071 782 1108 7,
815 1071 857 1101 30

66 1118 214 1153 leguntur
236 1126 376 1190 rlamosa
397 1125 526 1146 cornua
550 1116 651 1147 cervi.
694 1120 741 1147 De
766 1120 857 1147 abla-

66 1163 133 1192 tivo
155 1163 193 1192 cf.
220 1161 238 1191 7
266 1185 273 1191 .

115 1218 186 1248 191.
218 1216 350 1257 Miscet,
375 1227 450 1249 nam
467 1220 591 1249 confusi
614 1221 695 1249 inter
717 1229 752 1249 se
776 1224 857 1249 ster-

65 1270 183 1294 nuntur
207 1266 246 1295 cf.
275 1264 332 1299 10,
359 1263 434 1294 721.
490 1267 643 1295 Nesciunt
666 1266 750 1295 enim
775 1268 858 1295 unde

64 1312 202 1348 sagittae
228 1313 387 1340 advolent.
425 1327 462 1330 —
491 1320 603 1351 agens
628 1309 722 1341 telis.-
755 1312 801 1340 ita
826 1309 856 1348 4,

65 1355 108 1385 70
155 1362 184 1386 et
229 1359 262 1385 G.
307 1356 342 1391 3,
391 1355 456 1385 412
514 1355 649 1386 latratu
703 1354 858 1386 turbabis

65 1411 189 1443 agens,
213 1419 249 1423 —
278 1400 463 1439 „Frondea
488 1411 542 1438 pro
568 1403 718 1431 frondosa
743 1404 858 1437 posuit.

65 1451 254 1484 Plerumque
269 1449 354 1478 enim
370 1450 443 1477 dum
462 1449 614 1477 varietati
635 1449 859 1478 declinationis

64 1497 208 1531 student,
239 1499 361 1524 mutant
386 1495 623 1530 proprietatem3
657 1502 731 1523 nam
754 1494 856 1532 fron-

66 1538 166 1570 deum
200 1545 246 1570 est
276 1544 373 1569 totum
403 1542 440 1569 de
470 1540 653 1575 frondibus,
695 1545 726 1569 ut
759 1545 857 1576 torus,

61 1585 253 1624 frondosus
277 1595 353 1615 vero
378 1588 488 1622 lucus,
514 1586 588 1615 licet
611 1586 696 1615 enim
722 1587 859 1615 abundet.

64 1633 245 1668 frondibus,
293 1640 354 1661 non
393 1636 499 1660 tamen
536 1636 585 1660 est
621 1633 659 1660 de
692 1632 857 1660 frondibus

64 1682 163 1708 totus:
191 1683 224 1708 ut
245 1685 383 1707 saxeus:
414 1677 575 1706 saxosus“
596 1680 626 1706 S.
677 1678 723 1706 Cf.
742 1676 856 1717 florea

64 1733 148 1754 rura
174 1733 228 1760 pro
251 1724 361 1753 florida
383 1721 467 1759 430,
507 1725 600 1752 nulla
624 1725 714 1752 metri
746 1732 857 1752 neces-

64 1772 169 1801 sitale.
224 1770 276 1800 Sic
312 1770 425 1799 dicitur
460 1776 621 1808 spumeus
659 1766 790 1798 Nereus
826 1767 857 1805 2,

65 1815 140 1846 419.
181 1824 324 1854 spumea
345 1823 432 1844 saxa
451 1812 481 1844 7.
505 1812 580 1843 589.
622 1811 755 1844 lumina
773 1814 813 1849 (i.
829 1823 855 1844 e.

64 1863 169 1898 oculi]
186 1860 354 1901 flammea
378 1858 415 1897 7,
441 1857 517 1889 448.

112 1929 186 1960 193.
213 1931 339 1969 septem
369 1929 407 1958 cf.
436 1925 510 1956 170.
539 1944 575 1948 —
605 1924 713 1956 Humi
742 1929 858 1957 adver-

65 1977 151 2006 bium
180 1981 227 2005 est
258 1979 289 2004 ut
315 1971 408 2003 dorni
432 1978 461 2002 et
491 1975 595 2002 locum
617 1973 774 2007 significat
797 1982 857 2009 quo

64 2024 219 2057 quidest:
246 2022 300 2049 sed
318 2024 350 2048 ut
372 2027 443 2049 cum
471 2019 578 2047 verbis
605 2020 741 2054 ponendi
768 2020 858 2053 iungi

65 2071 147 2098 solet
178 2066 212 2096 ἱη
251 2071 279 2095 et
309 2067 393 2101 ahh,
428 2064 475 2094 sie
511 2065 607 2093 etiam
645 2061 740 2092 humi
786 2064 861 2099 [Sic

65 2115 180 2143 dicitur
208 2109 361 2150 fundere
394 2107 489 2139 humi
520 2112 550 2138 h.
576 2111 596 2138 l.
621 2113 649 2137 et
670 2109 709 2144 5,
735 2106 789 2138 78.
830 2110 858 2145 6,

65 2158 141 2188 423.
186 2156 244 2196 11,
281 2156 355 2185 665.
404 2158 553 2184 sternere
580 2151 676 2183 humi
709 2153 745 2191 9,
784 2153 859 2184 754.

67 2203 125 2241 10,
158 2203 233 2233 697.
282 2199 426 2232 condere
460 2198 556 2229 humi
591 2200 629 2229 cf.
668 2197 725 2237 10,
760 2199 858 2237 558.)

65 2252 150 2286 apud
173 2249 339 2285 Ovidium,
364 2248 523 2281 Plinium,
546 2247 700 2275 Tacitum.
747 2242 859 2275 Humo

66 2297 186 2325 indicat
225 2299 343 2324 motum
379 2290 421 2322 de
457 2290 550 2327 loco,
596 2296 628 2320 ut.
666 2290 702 2327 3,
737 2289 765 2319 3.
824 2294 858 2320 G.

67 2340 103 2376 2,
128 2341 202 2370 460.
245 2340 280 2377 3,
315 2338 343 2368 9,
402 2339 488 2372 Quod
518 2338 633 2372 legitur
660 2339 695 2365 G.
729 2334 763 2371 4,
800 2335 860 2365 115

67 2385 140 2427 ipse
161 2386 298 2424 feraces
314 2383 413 2425 figat
439 2381 541 2411 humo
567 2380 730 2422 plantas,
758 2381 860 2411 lzumo

66 2438 115 2462 est
139 2433 267 2461 dativus
289 2438 309 2459 a
325 2429 425 2470 figat
450 2430 610 2464 pendens,
644 2429 681 2457 cf.
711 2427 794 2463 226,
827 2433 861 2456 ut.

66 2484 114 2508 est
138 2486 187 2513 ap.
211 2479 284 2505 Hor.
306 2478 370 2504 Sat.
387 2474 419 2513 2,
443 2473 473 2511 2,
492 2472 544 2502 79.
571 2471 673 2502 humo
695 2472 857 2514 affigere.

115 2543 189 2574 195.
216 2546 261 2574 De
285 2545 404 2573 Aceste
435 2542 471 2579 5,
503 2540 554 2570 38.
589 2557 626 2562 -—
663 2538 781 2570 Bonus
804 2544 858 2570 be-

67 2592 185 2629 nignus
217 2595 282 2624 esu
313 2590 357 2618 ita
387 2596 437 2623 ap.
468 2588 536 2616 Tib.
563 2584 598 2624 2,
634 2585 668 2622 4,
703 2584 762 2615 45;
813 2586 857 2616 At

67 2636 156 2667 bona
180 2643 267 2677 quac
289 2643 350 2663 nec
375 2641 487 2663 avara
507 2630 594 2671 fuit,
621 2634 755 2661 centum
780 2629 859 2662 licet

67 2692 178 2712 annos
209 2678 353 2711 vixerit.
394 2676 570 2707 ardentem
599 2674 746 2716 flebitur
778 2680 860 2706 ante

67 2736 204 2769 rogum.
229 2743 265 2747 —
299 2722 432 2754 Deinde
453 2732 515 2752 non
545 2730 606 2752 sua
630 2725 698 2752 loco
722 2724 859 2758 positum

68 2774 130 2810 (cf.
157 2774 188 2811 5,
213 2770 287 2808 14),
316 2773 356 2800 ad
380 2767 507 2799 diuidit
534 2769 674 2804 pertinet.
727 2766 861 2797 Deinde

67 2818 176 2849 bonus
204 2825 293 2859 quae
321 2814 406 2846 vina
429 2815 509 2844 coni.
540 2811 590 2843 Pl.
620 2829 657 2833 -
689 2811 860 2844 Onerarat

67 2863 166 2894 caelis
197 2873 252 2899 pro
285 2859 390 2892 cados
425 2861 587 2890 onerarat
618 2856 716 2896 vino,
755 2860 799 2888 ita
828 2858 859 2895 8,

71 2909 133 2939 180
158 2911 369 2947 onerantque
388 2904 550 2935 canistris
570 2902 660 2933 dona
679 2903 860 2934 laboratae

74 2953 216 2985 Cereris.
263 2955 343 2983 Alia
372 2955 471 2982 verba
501 2954 678 2981 structurae
712 2952 859 2980 variatae

66 3002 106 3031 cf.
134 3000 168 3038 6,
195 2998 269 3029 229.

935 1069 1137 1102 tos—204.
1184 1067 1321 1100 Aeneas
1346 1076 1431 1099 suos
1458 1067 1665 1100 consolatur.

951 1129 1075 1158 Similis
1109 1128 1210 1157 oratio
1252 1128 1384 1163 Ulyssis
1427 1129 1481 1156 0d.
1526 1126 1582 1165 12,
1618 1125 1692 1156 208.

904 1175 1018 1204 Teucri
1043 1176 1117 1203 Hor.
1145 1175 1178 1203 C.
1209 1171 1242 1210 1,
1268 1171 1304 1211 7,
1328 1171 1379 1202 21.

951 1218 1024 1249 198.
1051 1217 1155 1255 enim,
1171 1219 1209 1249 cf.
1227 1218 1279 1247 65.
1303 1234 1340 1238 —
1355 1217 1444 1248 Ante
1463 1220 1503 1247 ad
1525 1216 1694 1248 malorum

904 1266 1053 1316 pertinet,
1095 1267 1135 1294 ad
1181 1272 1325 1294 normam
1367 1265 1480 1293 Graeci
1524 1258 1570 1293 τὰ
1610 1260 1695 1303 πρὶν

903 1319 1008 1341 κακοί.

950 1355 1026 1385 200.
1051 1354 1229 1396 „penitus,
1254 1356 1276 1385 i.
1300 1365 1327 1385 e.
1352 1353 1469 1384 valde“
1496 1357 1527 1383 S.
1576 1356 1695 1384 Melius

904 1403 1017 1439 iunges
1038 1411 1109 1431 cum
1129 1399 1270 1432 accestis
1290 1402 1328 1431 cf.
1348 1399 1399 1438 12,
1415 1398 1489 1429 256.
1526 1402 1587 1429 Sed
1610 1398 1693 1439 Wg.

903 1449 1045 1484 explicat
1087 1445 1191 1477 innen
1231 1444 1367 1482 tosend,
1402 1447 1577 1475 assentitur
1609 1443 1696 1476 Ld..·

904 1490 1121 1532 „bezeichnet
1153 1490 1209 1522 die
1237 1491 1283 1522 im
1319 1490 1463 1528 Innern,
1501 1489 1610 1520 daher
1632 1488 1695 1531 (?)

905 1537 1020 1574 stark,
1052 1536 1191 1568 weithin
1221 1536 1407 1568 hollenden
1440 1535 1595 1567 Felwnst‘
1658 1536 1695 1567 Ιη

905 1586 1031 1620 penitus
1068 1585 1205 1614 accestis
1246 1581 1366 1613 wiirde
1399 1582 1437 1612 A.
1475 1580 1592 1612 seinen
1629 1580 1695 1612 Ge-

900 1628 1045 1668 sa'hrten
1074 1628 1138 1659 den
1163 1628 1325 1668 Vorwurf
1347 1627 1407 1658 der
1433 1625 1696 1668 Unvorsichtig-

905 1673 975 1706 keit
1001 1673 1083 1705 oder
1110 1673 1170 1705 der
1193 1672 1437 1704 Tollkilhnheit
1455 1671 1607 1703 macheu.
1632 1671 1695 1713 (Υ)

904 1724 984 1751 Rem
1021 1726 1130 1751 narrat
1164 1720 1200 1757 3,
1235 1718 1419 1756 555—67;
1461 1728 1543 1755 quae
1578 1727 1598 1749 a
1629 1721 1695 1756 Cy-

903 1769 1048 1803 clopibus
1074 1768 1164 1802 passi
1190 1768 1253 1796 sint
1278 1776 1310 1796 v.
1336 1763 1538 1794 569—675.

951 1811 1026 1842 201.
1054 1810 1217 1842 accestis:
1252 1814 1289 1841 de
1318 1812 1419 1841 forma
1442 1821 1472 1841 v.
1499 1816 1568 1840 mtr.
1594 1811 1615 1847 ξ
1643 1808 1694 1840 14.

911 1855 1074 1899 Cyclopia
1101 1867 1206 1894 saxa,
1236 1867 1333 1893 quum
1363 1866 1450 1887 saxa
1473 1862 1696 1894 memorentur,

903 1906 1047 1939 intellige
1072 1905 1220 1933 Aetnam.

950 1949 1025 1979 202.
1055 1947 1228 1980 Revocate
1249 1950 1406 1984 animum,
1435 1949 1488 1984 qui
1512 1949 1577 1977 iam
1601 1948 1696 1978 aufu-

905 1997 966 2031 git.
1015 1996 1053 2025 cf.
1101 1994 1176 2024 214.
1226 2011 1263 2015 -
1305 1996 1473 2023 maestum
1522 1992 1696 2023 timorem.-

905 2043 980 2079 „qui
1010 2046 1150 2070 maestos
1176 2046 1206 2070 et
1235 2041 1392 2070 sollicitos
1425 2040 1516 2075 facit,
1547 2043 1579 2068 ut
1610 2048 1697 2068 mors

904 2085 1043 2127 pallida
1072 2091 1120 2115 est
1153 2091 1183 2115 et
1211 2084 1322 2116 tristis
1354 2084 1522 2115 senectus“
1549 2087 1580 2114 S.
1628 2086 1696 2114 Ad-

908 2133 1027 2161 iectiva
1061 2132 1170 2161 activa
1204 2132 1436 2166 significatione
1474 2131 1512 2160 cf.
1546 2129 1582 2165 6,
1619 2128 1694 2159 715.

907 2179 968 2206 Sed
996 2178 1048 2206 hic
1079 2179 1169 2206 loeus
1202 2178 1296 2205 aliter
1322 2177 1533 2211 explicandus
1560 2177 1695 2205 videtur.

905 2224 1080 2251 Abstracta
1101 2223 1196 2257 enini,
1221 2226 1255 2250 ut
1271 2229 1353 2256 quae
1371 2222 1404 2250 in
1424 2224 1519 2250 rebus
1541 2222 1697 2251 concretis

904 2273 1026 2297 tantum
1055 2268 1310 2304 conspiciantur,
1344 2271 1426 2296 recte
1449 2271 1618 2295 assumunt
1641 2268 1696 2295 ad-

906 2315 1041 2349 iectiVa,
1077 2321 1159 2348 quae
1189 2313 1359 2346 concretis,
1401 2313 1516 2347 quibus
1545 2312 1617 2346 ipsa
1648 2312 1697 2339 in-

907 2363 1052 2396 haerent,
1084 2364 1159 2394 1111ῐῆ
1191 2362 1274 2387 sunt.
1329 2360 1380 2386 Ita
1407 2354 1529 2386 tabida
1560 2354 1634 2386 lues
1667 2356 1696 2393 3,

911 2403 981 2433 137.
1027 2402 1168 2445 gelidus
1190 2407 1314 2433 tremor
1339 2402 1368 2439 6,
1389 2400 1442 2431 83.
1480 2400 1592 2442 turpis
1616 2410 1697 2442 egc-

904 2453 978 2480 stas
1004 2449 1038 2485 6,
1065 2448 1139 2478 276.
1184 2446 1326 2478 humilis
1352 2456 1462 2488 pauor
1488 2450 1522 2476 G.
1554 2446 1588 2485 1,
1621 2446 1695 2477 331.

907 2495 1050 2526 obscena
1081 2494 1201 2533 fames
1235 2493 1270 2531 3,
1307 2491 1381 2522 367.
1435 2491 1561 2522 anxius
1594 2490 1697 2523 timor

904 2540 941 2575 9,
968 2540 1022 2570 89.

951 2586 1025 2616 203.
1058 2584 1190 2615 Forsan
1223 2586 1402 2614 oratoribus
1431 2593 1493 2613 non
1531 2585 1694 2613 usitatum.

908 2649 945 2653 ——
980 2630 1068 2661 Olim
1098 2632 1267 2667 „temporis
1292 2631 1392 2659 futuri
1417 2630 1486 2659 esst‘
1512 2632 1543 2658 S.
1570 2631 1618 2659 sic
1643 2628 1695 2659 20.

906 2677 981 2707 25⁴8.
1026 2676 1076 2713 10,
1104 2675 1154 2705 12.
1205 2678 1277 2705 Hor.
1303 2676 1337 2705 C.
1364 2675 1394 2711 2,
1422 2674 1472 2713 10,
1501 2672 1551 2704 17.
1606 2673 1695 2704 Olim

905 2725 1006 2758 enim,
1038 2724 1075 2753 cf.
1108 2721 1214 2756 nllus,
1250 2719 1309 2750 ille
1341 2726 1493 2750 remotum
1524 2729 1545 2750 a
1574 2722 1697 2750 dicente

906 2775 1030 2804 tempus
1049 2769 1215 2804 significat,
1239 2769 1335 2802 quale
1350 2776 1413 2796 non
1429 2768 1536 2796 minus
1555 2767 1694 2795 futurum

906 2820 953 2844 est
967 2823 1062 2850 quam
1077 2814 1289 2849 praeteritum.
1309 2829 1345 2832 —
1366 2813 1530 2841 Sententia
1548 2815 1626 2841 haee
1642 2821 1695 2841 sa-

907 2862 948 2889 tis
972 2861 1134 2895 frequens,
1168 2863 1197 2887 ut
1225 2859 1388 2887 Ciceronis
1420 2859 1514 2887 illud:
1561 2858 1637 2892 (Ep.
1665 2859 1694 2891 5,

906 2904 958 2942 7.)
1009 2904 1120 2934 Habet
1142 2901 1322 2944 praeteriti
1345 2901 1475 2933 doloris
1500 2911 1620 2932 secura
1641 2911 1697 2932 re-

904 2949 1061 2981 cordatio
1087 2947 1358 2979 delectationem.
1388 2966 1431 2969 —
1458 2947 1537 2979 Acti
1563 2946 1697 2977 labores

905 2994 1060 3027 iucundi.
