2023 3350
194 153 276 193 292

766 147 804 180 P.
832 146 1033 180 VIRGILII
1067 146 1279 180 MARONIS

186 260 486 306 Dardanidae:
523 272 632 313 quos
669 257 744 300 ille
785 271 933 300 omnes
964 258 1096 312 longo
1131 259 1283 301 ordine
1314 271 1493 300 cernens

187 319 416 374 Ingemuit,
457 317 774 371 Glaucumpue,
814 315 1592 370 Medontaque,Thersilochumque,

187 379 289 419 Τ1·05
328 352 635 425 Antenoridas,
681 373 915 428 Cererique
953 387 1126 414 sacrum
1159 374 1468 428 Polyphoeten,

185 435 468 486 ldoeumque,
510 432 643 473 etiam
682 445 851 483 cu1··,1us
889 431 1020 472 etiam
1057 443 1181 472 arma
1216 434 1447 473 tenentem.

1763 431 1848 471 485

189 492 481 534 Circumstant
520 489 690 531 animae
727 488 883 530 dextra
915 488 1127 542 laevaque
1163 487 1423 543 frequentes.

187 550 276 591 Nec
314 548 472 589 vidisse
511 546 643 589 semel
676 547 781 588 satis
820 549 906 597 est,
940 546 1061 587 iuvat
1091 559 1230 598 usque
1264 546 1438 598 morari,

188 608 246 648 Et
283 605 479 647 conferre
510 604 693 658 gradum
735 607 777 646 et
816 603 1014 646 veniendi
1053 602 1220 645 discere
1262 617 1450 645 caussas.

188 666 245 706 At
283 664 484 705 Danaum
518 676 721 716 proceres
757 660 1211 716 Agamemnoniaeque
1242 660 1493 714 phalanges,

190 722 248 764 Ut
284 721 430 762 videre
463 720 604 762 virum
638 719 938 773 fulgentiaque
975 733 1098 760 arma
1135 733 1213 773 per
1249 718 1439 770 umbras,

1766 717 1852 757 490

189 778 359 831 Ingenti
390 778 613 831 tiepidare
649 781 789 819 metu·
827 791 931 831 pars
966 780 1135 818 veitere
1171 780 1307 830 terga,

191 812 278 879 Ceu
319 836 540 901 quondam
580 836 746 890 petiere
784 839 927 886 rates,

965 849 1069 889 pars
1105 834 1260 876 tollere
1296 846 1445 875 vocem

188 895 423 948 Exiguam:
461 893 660 948 inceptus
699 893 863 935 clamor
900 892 1139 934 frustratur
1175 892 1359 933 hiantes.

304 953 446 1005 Atque
478 951 549 993 hic
588 951 836 993 Priamiden
869 950 1083 993 laniatum
1123 963 1305 1004 corpore
1342 951 1438 990 toto

190 1009 466 1064 Deiphobum
503 1008 620 1051 videt
663 1012 706 1051 et
738 1009 930 1051 lacerum
968 1007 1205 1050 crudeliter
1248 1020 1337 1059 ora,

1767 1003 1851 1043 495

191 1153 230 1180 In
269 1149 433 1180 atliectivo
477 1154 584 1179 autem
623 1151 715 1179 nulla
756 1155 805 1180 est
841 1150 995 1187 temporis
1042 1152 1105 1187 tes,
1137 1147 1198 1178 Gr.
1218 1156 1304 1189 pars
1332 1163 1370 1168 -
1398 1144 1548 1176 hiantes.
1598 1144 1653 1174 Sic
1671 1144 1754 1173 alter
1778 1142 1854 1172 vin-

191 1197 384 1233 significatio
416 1196 456 1225 cf.
488 1198 540 1225 Gr.
575 1196 597 1230 ς
629 1194 694 1224 445
725 1197 790 1226 An.
819 1196 856 1233 23
896 1204 997 1232 quare
1043 1197 1085 1226 cit
1111 1197 1249 1224 alterum
1276 1194 1468 1229 sagacitate.

191 1247 239 1271 est
261 1243 360 1271 eliam
388 1242 426 1270 (le
452 1243 585 1271 cadente
605 1244 642 1271 G.
673 1240 701 1279 1,
725 1240 792 1271 368
824 1247 853 1272 et
878 1244 916 1271 de
942 1249 998 1271 ca-

192 1296 269 1317 suro
291 1289 332 1316 A.
362 1284 416 1325 10,
440 1286 517 1316 622.

239 1331 317 1362 482.
346 1329 472 1374 Longo
497 1329 621 1362 ordine
645 1336 694 1361 est
713 1340 834 1369 magna
854 1333 1001 1362 multitu-

193 1380 285 1413 tline,
311 1379 350 1409 cf.
378 1387 412 1407 v.
437 1375 515 1407 754.
554 1377 582 1416 l,
614 1376 691 1407 703.
726 1377 756 1416 2,
784 1377 861 1408 766.

243 1422 320 1453 483.
347 1424 497 1453 Nominat
521 1425 644 1458 aliquot
665 1425 826 1454 Troianos
843 1424 1001 1459 sumpsit-

194 1479 255 1506 que
286 1470 422 1499 nomina
453 1479 494 1499 ex
524 1470 647 1505 Iliade3
693 1471 739 1499 ita
774 1472 813 1499 Il.
845 1467 905 1506 17,
933 1467 999 1498 216

194 1518 312 1545 Hector
335 1517 480 1550 appellat
504 1509 689 1553 Μέσθλην
713 1523 750 1545 τε
772 1508 942 1544 Γλαῦκόν
963 1521 1001 1543 τε

197 1555 377 1591 Μέδοντά
403 1568 441 1590 τε
473 1556 694 1599 Θερσίλοχόν
720 1567 776 1598 τε,
817 1565 848 1590 et
880 1563 918 1590 Il.
948 1558 1001 1597 11,

195 1605 238 1635 59
281 1607 417 1635 Troiani
459 1607 658 1643 colliguntur
703 1608 791 1637 circa
830 1608 1001 1636 Hectorem

194 1654 467 1689 Ρο111131113111οη1
481 1647 626 1681 Αἰνείαν
641 1644 680 1680 θ’
685 1644 750 1703 ,ὃς
770 1648 893 1690 Τρωσὶ
911 1645 1002 1686 θεὸς

197 1691 262 1733 οἷς,
289 1694 385 1727 τίετο
414 1691 535 1748 δήμῳ,
566 1673 715 1735 τρεῖς-ε’
736 1690 1000 1735 Ἀντηνορίδας,

192 1738 380 1794 Πόλυβον
395 1739 459 1772 καὶ
481 1735 655 1781 Ἀγήνορα
684 1738 783 1779 δῖον,
814 1736 948 1782 ἠὶθεόν
971 1736 1001 1770 τ’

192 1781 398 1827 Ἀκάμαντ’,
435 1781 632 1817 ἐπιείκελον
665 1780 932 1825 ἀθανάτοισιν,
973 1792 1003 1816 01

195 1836 233 1863 Il.
264 1832 316 1871 13,
343 1831 405 1863 791
442 1826 615 1867 ἀντίθεος
646 1828 891 1882 Πολυφήτης,
923 1834 1002 1862 Tro-

196 1882 309 1915 ianuS,
341 1881 386 1908 ibi
419 1883 485 1916 est,
518 1873 612 1908 ἔνθα
635 1872 794 1916 μάλιστα
817 1873 917 1918 μάχη
941 1874 1004 1908 καὶ

197 1919 354 1965 φύλοπις
375 1921 452 1965 ἠεν.
506 1921 569 1953 Rb.
595 1925 648 1953 dat
673 1921 873 1964 l'olyboten,
899 1922 1003 1965 Poly-

196 1969 316 2000 boeten
337 1975 386 2000 est
411 1972 445 1999 in
471 1970 635 2008 MPRybc.

243 2014 320 2045 484.
351 2016 499 2045 Sacrum
541 2020 589 2044 est
633 2020 837 2052 „sacratunn
886 2024 1003 2044 nomen

197 2071 253 2097 1110
282 2061 486 2098 participio.“
512 2063 544 2089 S.
579 2062 633 2090 Sic
661 2059 724 2089 495
751 2058 904 2090 lacerum
931 2063 1001 2095 „la-

195 2107 361 2137 ceratum“
393 2110 556 2143 truncas,
591 2111 759 2136 truncatas
784 2108 926 2142 explicat
961 2108 1001 2137 cf.

197 2152 275 2182 481.
329 2156 373 2182 De
401 2162 436 2182 re
460 2153 499 2182 cf.
532 2150 581 2189 11,
606 2151 683 2181 768.

243 2198 319 2228 4⁶⁴5.
352 2197 478 2228 idaeus
508 2202 555 2227 est
582 2199 699 2235 auriga
723 2198 848 2227 Priami
883 2200 921 2227 11.
947 2196 1001 2234 24,

198 2243 273 2274 325.
311 2261 348 2264 —
385 2241 501 2273 Etiam
528 2245 566 2273 de
585 2248 726 2279 tempore
749 2245 936 2273 etiamnunc
968 2246 1003 2273 G.

197 2290 232 2324 3,
267 2288 328 2318 tau
375 2287 576 2324 invalidus,

196 2335 302 2365 etiam
331 2333 462 2364 inscius
489 2332 580 2364 aeui.

242 2380 318 2410 486.
343 2382 477 2410 Troiani
499 2382 583 2416 quotl
607 2382 718 2410 vident
741 2381 901 2416 Aeneam,
925 2381 1003 2409 laeti

196 2431 381 2463 accurrunt,
408 2428 635 2464 sciscitantes,
661 2432 855 2461 quapropter
879 2427 1003 2463 veniat,

196 2482 299 2509 neque
323 2473 451 2503 secerni
477 2475 593 2501 volunt
623 2475 663 2501 ab
694 2481 748 2503 eo.
786 2474 842 2501 sed
876 2481 1003 2507 semper

197 2517 340 2557 (usque)
374 2520 407 2547 in
437 2519 509 2547 eius
539 2526 613 2547 esse
641 2519 806 2547 societate.
852 2534 890 2538 —
923 2521 1001 2556 Jre-

197 2567 340 2604 cluentes
365 2565 439 2600 MR,
462 2564 652 2601 frementes
679 2565 714 2592 P.
738 2572 802 2593 rec.
831 2560 894 2592 Rb.

244 2607 320 2639 489.
349 2610 455 2638 Danai
477 2614 585 2638 autem
609 2610 663 2644 qui
689 2610 855 2638 Aeneam.
888 2609 1000 2637 fortem

197 2656 262 2684 iam
289 2660 319 2684 et
349 2661 517 2684 strenuuin
547 2658 671 2684 hostem
705 2660 801 2684 antea
825 2655 1000 2691 cognitum,

197 2702 403 2736 conspiciunt
427 2701 543 2730 vivum
566 2705 594 2729 et
623 2706 798 2737 armatum,
835 2706 921 2729 metu
945 2708 1001 2729 ca-

198 2748 338 2783 piuntur,
370 2755 473 2781 neque
495 2747 540 2782 hi,
559 2748 642 2782 quod
667 2755 754 2776 nunc
776 2747 899 2775 timent.
923 2747 1000 2781 quid

197 2793 282 2821 enim
301 2793 476 2822 timendum
500 2793 659 2821 mortuis?
683 2794 740 2821 sed
767 2793 1001 2821 consuetudine

197 2838 343 2875 adducti,
369 2845 433 2873 qua
460 2839 501 2867 ad
527 2838 659 2867 Troiam
686 2838 833 2867 Aeneam
858 2842 1000 2867 metuere

198 2885 355 2912 solebant.
404 2885 452 2912 De
477 2883 533 2912 int'.
560 2884 635 2912 hist.
662 2885 714 2912 Gr.
740 2883 762 2919 S
785 2881 863 2912 ⁴62.

244 2926 320 2956 490.
352 2925 544 2969 Fulgentia
570 2937 633 2968 per
658 2926 801 2958 umbras
828 2930 935 2964 iunge.

244 2972 321 3003 491.
354 2971 404 3001 ΡΙ.
423 2978 452 3001 01
477 2971 536 3002 Gr.
556 2975 589 3002 in
614 2983 651 3003 eo
676 2976 893 3010 consentiunt,
917 2976 1001 3010 quod

199 3019 444 3051 grammaticum
474 3020 617 3054 aliquem
642 3021 816 3055 opinantur
845 3021 1002 3049 intulisse

198 3064 333 3092 alterum
356 3072 463 3103 pars,
492 3066 549 3093 sed
579 3062 629 3094 ΡΙ.
657 3067 741 3095 delet
763 3074 851 3107 pars
876 3081 920 3086 —
943 3074 1002 3094 ra-

622 2289 800 2330 etiamqnc
843 2293 1005 2328 tremens,

1092 1238 1169 1270 493.
1202 1237 1350 1280 Exigua
1379 1248 1466 1275 vox,
1490 1242 1525 1267 ut
1550 1238 1748 1266 umbrarum
1799 1234 1854 1263 Sic

1046 1289 1105 1316 Ov.
1135 1287 1169 1315 F.
1198 1287 1233 1322 5,
1259 1283 1323 1314 457
1373 1282 1503 1313 Lmbra
1547 1279 1650 1311 Remi
1686 1278 1765 1309 visa
1804 1281 1855 1310 eet

1047 1329 1214 1361 assistere
1239 1329 1326 1360 lecto
1357 1332 1463 1370 atquc
1488 1326 1573 1358 hacc
1599 1325 1731 1368 exiguo
1759 1333 1855 1356 mur-

1047 1386 1145 1407 mure
1171 1375 1278 1407 verba
1303 1373 1411 1416 loqui.

1153 1453 1220 1485 494
1243 1453 1376 1485 -547.
1425 1451 1525 1483 Mors
1556 1447 1744 1492 Deiphobi.

1095 1509 1172 1541 495.
1206 1509 1408 1553 Deiphobus
1434 1519 1490 1546 per
1516 1515 1615 1539 totum
1639 1519 1757 1546 00111115
1775 1511 1855 1539 vul-

1048 1559 1181 1588 neribus
1207 1559 1360 1593 acceptis.
1386 1557 1586 1586 detruncatis
1610 1557 1774 1593 maninuS,
1793 1564 1854 1586 au-

1049 1606 1140 1633 ribus
1172 1605 1308 1634 naribus
1340 1608 1397 1632 est.
1448 1604 1538 1637 Quae
1568 1603 1675 1639 imago
1707 1611 1770 1631 non
1795 1604 1853 1631 ad-

1048 1652 1176 1679 modum
1202 1650 1323 1685 placuit
1348 1650 1478 1683 multis,
1501 1653 1532 1678 et
1556 1653 1657 1682 recte,
1685 1649 1715 1677 si
1741 1649 1851 1684 pinge-

1048 1702 1152 1733 retur;
1195 1698 1252 1725 sed
1277 1696 1381 1725 voluit
1407 1699 1502 1730 poeta
1525 1699 1639 1724 tetram
1666 1698 1696 1724 et
1727 1695 1853 1724 foedam

1050 1744 1126 1771 dare
1171 1742 1363 1778 imaginem,
1409 1748 1473 1776 qua
1515 1745 1680 1769 notaretur
1720 1741 1853 1775 perfidia

1050 1790 1246 1817 Graecorum
1269 1793 1296 1817 et
1317 1787 1503 1817 crudelitas.
1552 1789 1662 1821 Neque
1686 1786 1854 1816 foedarum

1050 1842 1158 1862 rerum
1190 1834 1363 1869 descriptio
1398 1834 1495 1868 plane
1531 1836 1581 1861 est
1609 1834 1806 1861 removenda
1833 1839 1855 1862 a

1050 1880 1158 1914 poesi,
1181 1888 1286 1914 neque
1311 1887 1383 1908 eam
1406 1879 1552 1907 vitarunt
1577 1882 1690 1913 poetae
1716 1879 1852 1913 antiqui.

1051 1925 1099 1955 Cf.
1135 1927 1173 1953 de
1204 1926 1364 1961 Harpyiis
1396 1922 1432 1961 3,
1465 1922 1529 1952 226
1555 1932 1603 1959 sc1.
1651 1925 1690 1952 de
1715 1926 1854 1961 Marsya
1879 1943 1883 1945 .

1050 1973 1110 2000 Ov.
1139 1973 1181 2000 M.
1207 1969 1238 2005 6,
1264 1969 1328 1999 387
1352 1979 1399 2005 sq.
1429 1974 1458 1999 et
1483 1971 1640 2005 quomodo
1657 1971 1776 1999 Fames
1799 1971 1854 1999 de-

1049 2018 1212 2046 scribatur
1241 2025 1293 2051 ap.
1320 2019 1379 2046 ov.
1413 2018 1456 2044 M.
1491 2014 1530 2053 S,
1557 2013 1634 2044 799.
1673 2031 1713 2036 -
1745 2017 1853 2052 Neque

1050 2064 1190 2092 Romani
1216 2064 1313 2092 bellis
1340 2062 1468 2091 adsueti
1493 2066 1523 2091 et
1547 2062 1751 2095 vulneribus,
1768 2069 1853 2097 quae

1048 2109 1147 2138 etiam
1174 2109 1216 2145 ii,
1243 2110 1297 2144 qui
1323 2109 1356 2137 in
1380 2109 1467 2137 bella
1493 2116 1556 2136 non
1580 2107 1771 2144 veniebant,
1798 2109 1851 2136 lu-

1049 2155 1101 2183 dis
1128 2158 1316 2189 spectabant
1339 2162 1403 2182 non
1427 2154 1498 2182 sine
1523 2154 1708 2188 voluptate,
1735 2160 1853 2188 corpus

1050 2203 1229 2230 laceratum
1257 2202 1286 2229 si
1312 2204 1406 2235 poeta
1432 2199 1670 2235 descripserat,
1704 2203 1739 2227 ut
1772 2204 1853 2236 erat,

1051 2247 1301 2275 offendebantur.
1350 2247 1419 2274 lam
1454 2245 1547 2279 vide,
1582 2248 1615 2273 ut
1647 2245 1854 2274 Claudianus

1051 2292 1084 2320 in
1115 2293 1275 2327 discerpto
1298 2292 1412 2320 Rufino
1436 2294 1648 2319 commoretur
1670 2291 1703 2319 in
1722 2290 1796 2320 Ruf.
1820 2289 1852 2327 2,

1051 2336 1128 2366 405.
1178 2340 1245 2367 Nec
1277 2338 1418 2365 Dantius
1459 2337 1545 2371 apud
1575 2336 1701 2365 Inferos
1737 2341 1853 2366 tetrum

1049 2387 1078 2412 et
1115 2384 1270 2412 horribile
1296 2382 1428 2411 vitavit.
1478 2384 1587 2417 Neque
1610 2390 1689 2411 vero
1719 2384 1852 2419 elegan-

1049 2429 1180 2458 tissima
1205 2429 1325 2458 femina
1348 2430 1475 2457 Helena
1497 2432 1529 2457 et
1554 2436 1647 2465 reges
1671 2429 1755 2463 quod
1779 2428 1852 2458 fue-

1049 2475 1111 2503 rint
1138 2477 1310 2503 Menelaus
1335 2479 1365 2503 et
1390 2475 1525 2511 Ulixes,
1552 2475 1661 2503 minus
1686 2475 1852 2509 probabile

1048 2525 1097 2548 est
1122 2523 1181 2549 hoc
1211 2521 1342 2549 factum.
1391 2521 1555 2557 Virgilius
1579 2525 1698 2556 autern,
1729 2525 1764 2549 ut
1785 2521 1851 2549 Ro-

1049 2573 1166 2595 manus
1192 2571 1221 2594 et
1248 2567 1302 2601 qui
1330 2566 1407 2595 belli
1437 2566 1549 2595 civilis
1581 2570 1611 2595 et
1642 2566 1851 2601 proscriptio-

1048 2620 1125 2640 num
1149 2613 1266 2641 viderit
1285 2613 1503 2649 crudelitates,
1532 2620 1595 2640 non
1618 2612 1741 2641 dubitat
1763 2613 1851 2641 anti-

1047 2657 1214 2691 quioribus
1250 2659 1386 2687 eandem
1427 2658 1566 2687 tribuere
1606 2658 1850 2695 immanitatem,

1047 2710 1131 2738 quae
1172 2708 1238 2732 tum
1282 2712 1337 2739 1101
1374 2707 1474 2732 totam
1512 2708 1639 2740 gentem
1681 2705 1849 2739 regnabat.

1048 2751 1157 2784 Neque
1178 2750 1300 2778 Fulvia
1329 2753 1396 2778 erat
1423 2750 1532 2778 minus
1564 2751 1698 2785 elegans
1729 2748 1851 2778 femina

1047 2803 1144 2829 quam
1167 2797 1309 2829 Helena:
1335 2797 1457 2824 laetata
1483 2799 1590 2824 tamen
1613 2798 1660 2823 est
1681 2794 1850 2824 Ciceronis

1047 2845 1142 2875 caput
1168 2842 1320 2870 manilius
1345 2845 1502 2874 tractare,
1538 2846 1720 2874 coenaeque
1747 2847 1849 2875 311110-

1047 2887 1146 2915 situm
1177 2894 1240 2914 non
1274 2887 1414 2922 horruit,
1455 2887 1511 2915 sed
1543 2886 1729 2914 insultavit.
1778 2888 1849 2916 lam

1046 2939 1146 2966 supra
1171 2933 1210 2960 att
1238 2930 1268 2965 2,
1295 2930 1360 2960 588
1391 2935 1477 2961 hunc
1508 2932 1613 2961 locum
1639 2939 1701 2959 non
1726 2932 1849 2961 discre-

1047 2984 1125 3011 pare
1159 2980 1199 3006 ab
1232 2979 1290 3006 illo
1325 2978 1521 3006 monuimus,
1569 2977 1679 3011 Atque
1714 2978 1848 3013 antiquo

1047 3023 1111 3051 iam
1147 3027 1288 3058 tempore
1322 3025 1422 3051 lectos
1456 3030 1530 3051 esse
1564 3024 1624 3051 hos
1658 3031 1779 3052 versus
1817 3027 1849 3053 et

1046 3069 1180 3103 virgilii
1205 3077 1278 3098 esse
1306 3069 1434 3098 habitos
1463 3069 1553 3097 docet
1575 3069 1748 3098 Ausonius
1770 3069 1848 3105 Epi-
