<?xml version="1.0" encoding="UTF-8"?>
<!DOCTYPE html PUBLIC "-//W3C//DTD XHTML 1.0 Transitional//EN"
    "http://www.w3.org/TR/xhtml1/DTD/xhtml1-transitional.dtd">
<html xmlns="http://www.w3.org/1999/xhtml" xml:lang="en" lang="en">
 <head>
  <title>
</title>
<meta http-equiv="Content-Type" content="text/html;charset=utf-8" />
  <meta name='ocr-system' content='tesseract 3.04.00' />
  <meta name='ocr-capabilities' content='ocr_page ocr_carea ocr_par ocr_line ocrx_word'/>
</head>
<body>
  <div class='ocr_page' id='page_1' title='image "aeneisvi00virguoft_0208.png"; bbox 0 0 2023 3350; ppageno 0'>
   <div class='ocr_carea' id='block_1_1' title="bbox 210 100 288 138">
    <p class='ocr_par' dir='ltr' id='par_1_1' title="bbox 210 100 288 138">
     <span class='ocr_line' id='line_1_1' title="bbox 210 100 288 138; baseline -0.026 0"><span class='ocrx_word' id='word_1_1' title='bbox 210 100 288 138; x_wconf 65' lang='lat'>132</span> 
     </span>
    </p>
   </div>
   <div class='ocr_carea' id='block_1_2' title="bbox 768 87 1277 121">
    <p class='ocr_par' dir='ltr' id='par_1_2' title="bbox 768 87 1277 121">
     <span class='ocr_line' id='line_1_2' title="bbox 768 87 1277 121; baseline -0.002 -1"><span class='ocrx_word' id='word_1_2' title='bbox 768 90 807 121; x_wconf 89' lang='lat' dir='ltr'>P.</span> <span class='ocrx_word' id='word_1_3' title='bbox 839 88 1034 121; x_wconf 83' lang='lat' dir='ltr'>VIRGILH</span> <span class='ocrx_word' id='word_1_4' title='bbox 1068 87 1277 121; x_wconf 73' lang='lat' dir='ltr'>MARONIS</span> 
     </span>
    </p>
   </div>
   <div class='ocr_carea' id='block_1_3' title="bbox 207 200 1419 369">
    <p class='ocr_par' dir='ltr' id='par_1_3' title="bbox 207 200 1419 369">
     <span class='ocr_line' id='line_1_3' title="bbox 207 200 1366 253; baseline -0.008 -4"><span class='ocrx_word' id='word_1_5' title='bbox 207 207 414 250; x_wconf 76' lang='lat' dir='ltr'><strong>Turribus</strong></span> <span class='ocrx_word' id='word_1_6' title='bbox 454 209 530 246; x_wconf 76' lang='lat' dir='ltr'>aut</span> <span class='ocrx_word' id='word_1_7' title='bbox 565 203 682 253; x_wconf 81' lang='lat' dir='ltr'>altis,</span> <span class='ocrx_word' id='word_1_8' title='bbox 730 205 773 242; x_wconf 86' lang='lat' dir='ltr'>et</span> <span class='ocrx_word' id='word_1_9' title='bbox 793 207 982 253; x_wconf 82' lang='lat' dir='ltr'>‘magnas</span> <span class='ocrx_word' id='word_1_10' title='bbox 1022 201 1196 242; x_wconf 84' lang='lat' dir='ltr'>territat</span> <span class='ocrx_word' id='word_1_11' title='bbox 1227 200 1366 250; x_wconf 79' lang='lat' dir='ltr'>urbes,</span> 
     </span>
     <span class='ocr_line' id='line_1_4' title="bbox 209 258 1373 314; baseline -0.007 -8"><span class='ocrx_word' id='word_1_12' title='bbox 209 266 312 306; x_wconf 81' lang='lat' dir='ltr'>Tam</span> <span class='ocrx_word' id='word_1_13' title='bbox 352 262 441 304; x_wconf 86' lang='lat' dir='ltr'>ficti</span> <span class='ocrx_word' id='word_1_14' title='bbox 477 260 683 314; x_wconf 78' lang='lat' dir='ltr'>pravique</span> <span class='ocrx_word' id='word_1_15' title='bbox 722 262 871 308; x_wconf 77' lang='lat' dir='ltr'>tenaX,</span> <span class='ocrx_word' id='word_1_16' title='bbox 915 270 1046 310; x_wconf 88' lang='lat' dir='ltr'>quam</span> <span class='ocrx_word' id='word_1_17' title='bbox 1083 258 1235 299; x_wconf 87' lang='lat' dir='ltr'>nuntia</span> <span class='ocrx_word' id='word_1_18' title='bbox 1271 258 1373 298; x_wconf 82' lang='lat' dir='ltr'>veri.</span> 
     </span>
     <span class='ocr_line' id='line_1_5' title="bbox 209 314 1419 369; baseline -0.006 -7"><span class='ocrx_word' id='word_1_19' title='bbox 209 322 327 363; x_wconf 84' lang='lat' dir='ltr'>Haec</span> <span class='ocrx_word' id='word_1_20' title='bbox 364 324 455 360; x_wconf 89' lang='lat' dir='ltr'>tum</span> <span class='ocrx_word' id='word_1_21' title='bbox 491 315 721 369; x_wconf 78' lang='lat' dir='ltr'>multiplici</span> <span class='ocrx_word' id='word_1_22' title='bbox 757 314 943 369; x_wconf 84' lang='lat' dir='ltr'>populos</span> <span class='ocrx_word' id='word_1_23' title='bbox 987 328 1183 356; x_wconf 82' lang='lat' dir='ltr'>sermone</span> <span class='ocrx_word' id='word_1_24' title='bbox 1223 314 1419 368; x_wconf 86' lang='lat' dir='ltr'>replebat</span> 
     </span>
    </p>
   </div>
   <div class='ocr_carea' id='block_1_4' title="bbox 210 371 1473 427">
    <p class='ocr_par' dir='ltr' id='par_1_4' title="bbox 210 371 1473 427">
     <span class='ocr_line' id='line_1_6' title="bbox 210 371 1473 427; baseline -0.006 -8"><span class='ocrx_word' id='word_1_25' title='bbox 210 376 412 420; x_wconf 74' lang='lat' dir='ltr'>Gauclens</span> <span class='ocrx_word' id='word_1_26' title='bbox 453 378 494 416; x_wconf 89' lang='lat' dir='ltr'>et</span> <span class='ocrx_word' id='word_1_27' title='bbox 533 374 699 427; x_wconf 86' lang='lat' dir='ltr'>pariter</span> <span class='ocrx_word' id='word_1_28' title='bbox 737 372 857 414; x_wconf 82' lang='lat' dir='ltr'>facta</span> <span class='ocrx_word' id='word_1_29' title='bbox 899 374 1029 424; x_wconf 84' lang='lat' dir='ltr'>atque</span> <span class='ocrx_word' id='word_1_30' title='bbox 1068 371 1230 412; x_wconf 83' lang='lat' dir='ltr'>infecta</span> <span class='ocrx_word' id='word_1_31' title='bbox 1270 371 1473 414; x_wconf 75' lang='lat' dir='ltr'>canebat:</span> 
     </span>
    </p>
   </div>
   <div class='ocr_carea' id='block_1_5' title="bbox 1776 369 1856 408">
    <p class='ocr_par' dir='ltr' id='par_1_5' title="bbox 1776 369 1856 408">
     <span class='ocr_line' id='line_1_7' title="bbox 1776 369 1856 408; baseline 0 0"><span class='ocrx_word' id='word_1_32' title='bbox 1776 369 1856 408; x_wconf 87' lang='lat'>190</span> 
     </span>
    </p>
   </div>
   <div class='ocr_carea' id='block_1_6' title="bbox 210 429 1505 658">
    <p class='ocr_par' dir='ltr' id='par_1_6' title="bbox 210 429 1283 482">
     <span class='ocr_line' id='line_1_8' title="bbox 210 429 1283 482; baseline -0.007 -6"><span class='ocrx_word' id='word_1_33' title='bbox 210 435 388 476; x_wconf 75' lang='lat' dir='ltr'>Venisse</span> <span class='ocrx_word' id='word_1_34' title='bbox 425 434 599 473; x_wconf 79' lang='lat' dir='ltr'>Aenean</span> <span class='ocrx_word' id='word_1_35' title='bbox 634 430 821 471; x_wconf 88' lang='lat' dir='ltr'>Troiano</span> <span class='ocrx_word' id='word_1_36' title='bbox 861 429 1070 482; x_wconf 85' lang='lat' dir='ltr'>sanguine</span> <span class='ocrx_word' id='word_1_37' title='bbox 1108 432 1283 479; x_wconf 86' lang='lat' dir='ltr'>cretum,</span> 
     </span>
    </p>

    <p class='ocr_par' dir='ltr' id='par_1_7' title="bbox 211 485 1505 658">
     <span class='ocr_line' id='line_1_9' title="bbox 212 485 1350 543; baseline -0.007 -10"><span class='ocrx_word' id='word_1_38' title='bbox 212 492 288 534; x_wconf 91' lang='lat' dir='ltr'>Cui</span> <span class='ocrx_word' id='word_1_39' title='bbox 326 505 370 531; x_wconf 89' lang='lat' dir='ltr'>se</span> <span class='ocrx_word' id='word_1_40' title='bbox 413 489 596 543; x_wconf 85' lang='lat' dir='ltr'>pulchra</span> <span class='ocrx_word' id='word_1_41' title='bbox 635 488 728 529; x_wconf 85' lang='lat' dir='ltr'>viro</span> <span class='ocrx_word' id='word_1_42' title='bbox 769 487 969 540; x_wconf 79' lang='lat' dir='ltr'>dignetur</span> <span class='ocrx_word' id='word_1_43' title='bbox 1000 487 1179 538; x_wconf 88' lang='lat' dir='ltr'>iungere</span> <span class='ocrx_word' id='word_1_44' title='bbox 1216 485 1350 536; x_wconf 71' lang='lat' dir='ltr'>Dido,</span> 
     </span>
     <span class='ocr_line' id='line_1_10' title="bbox 211 541 1505 596; baseline -0.005 -6"><span class='ocrx_word' id='word_1_45' title='bbox 211 550 334 591; x_wconf 74' lang='lat' dir='ltr'>Nunc</span> <span class='ocrx_word' id='word_1_46' title='bbox 373 547 556 587; x_wconf 88' lang='lat' dir='ltr'>hiemem</span> <span class='ocrx_word' id='word_1_47' title='bbox 595 545 707 586; x_wconf 88' lang='lat' dir='ltr'>inter</span> <span class='ocrx_word' id='word_1_48' title='bbox 746 559 791 587; x_wconf 90' lang='lat' dir='ltr'>se</span> <span class='ocrx_word' id='word_1_49' title='bbox 829 545 954 593; x_wconf 79' lang='lat' dir='ltr'>luxu,</span> <span class='ocrx_word' id='word_1_50' title='bbox 1000 556 1130 596; x_wconf 85' lang='lat' dir='ltr'>quam</span> <span class='ocrx_word' id='word_1_51' title='bbox 1163 542 1314 596; x_wconf 89' lang='lat' dir='ltr'>longa,</span> <span class='ocrx_word' id='word_1_52' title='bbox 1360 541 1505 583; x_wconf 78' lang='lat' dir='ltr'>fovere</span> 
     </span>
     <span class='ocr_line' id='line_1_11' title="bbox 212 599 1447 658; baseline -0.006 -12"><span class='ocrx_word' id='word_1_53' title='bbox 212 607 459 658; x_wconf 81' lang='lat' dir='ltr'>Regnorum</span> <span class='ocrx_word' id='word_1_54' title='bbox 493 604 767 644; x_wconf 83' lang='lat' dir='ltr'>immemores</span> <span class='ocrx_word' id='word_1_55' title='bbox 805 601 1009 654; x_wconf 78' lang='lat' dir='ltr'>turpique</span> <span class='ocrx_word' id='word_1_56' title='bbox 1050 599 1251 653; x_wconf 87' lang='lat' dir='ltr'>cupidine</span> <span class='ocrx_word' id='word_1_57' title='bbox 1284 603 1447 652; x_wconf 83' lang='lat' dir='ltr'>captos.</span> 
     </span>
    </p>
   </div>
   <div class='ocr_carea' id='block_1_7' title="bbox 211 656 1437 715">
    <p class='ocr_par' dir='ltr' id='par_1_8' title="bbox 211 656 1437 715">
     <span class='ocr_line' id='line_1_12' title="bbox 211 656 1437 715; baseline -0.007 -11"><span class='ocrx_word' id='word_1_58' title='bbox 211 663 330 704; x_wconf 84' lang='lat' dir='ltr'>Haec</span> <span class='ocrx_word' id='word_1_59' title='bbox 368 661 530 715; x_wconf 86' lang='lat' dir='ltr'>passim</span> <span class='ocrx_word' id='word_1_60' title='bbox 569 660 649 701; x_wconf 87' lang='lat' dir='ltr'>dea</span> <span class='ocrx_word' id='word_1_61' title='bbox 684 659 812 701; x_wconf 84' lang='lat' dir='ltr'>foeda</span> <span class='ocrx_word' id='word_1_62' title='bbox 849 660 987 700; x_wconf 83' lang='lat' dir='ltr'>virum</span> <span class='ocrx_word' id='word_1_63' title='bbox 1026 656 1227 698; x_wconf 86' lang='lat' dir='ltr'>diffundit</span> <span class='ocrx_word' id='word_1_64' title='bbox 1266 657 1310 698; x_wconf 88' lang='lat' dir='ltr'>in</span> <span class='ocrx_word' id='word_1_65' title='bbox 1350 670 1437 698; x_wconf 88' lang='lat' dir='ltr'>ora.</span> 
     </span>
    </p>
   </div>
   <div class='ocr_carea' id='block_1_8' title="bbox 1777 655 1857 695">
    <p class='ocr_par' dir='ltr' id='par_1_9' title="bbox 1777 655 1857 695">
     <span class='ocr_line' id='line_1_13' title="bbox 1777 655 1857 695; baseline -0.013 0"><span class='ocrx_word' id='word_1_66' title='bbox 1777 655 1857 695; x_wconf 80' lang='lat'>195</span> 
     </span>
    </p>
   </div>
   <div class='ocr_carea' id='block_1_9' title="bbox 211 713 1635 946">
    <p class='ocr_par' dir='ltr' id='par_1_10' title="bbox 211 713 1441 830">
     <span class='ocr_line' id='line_1_14' title="bbox 212 713 1343 771; baseline -0.006 -10"><span class='ocrx_word' id='word_1_67' title='bbox 212 720 412 762; x_wconf 79' lang='lat' dir='ltr'>Protinus</span> <span class='ocrx_word' id='word_1_68' title='bbox 450 718 505 760; x_wconf 83' lang='lat' dir='ltr'>ad</span> <span class='ocrx_word' id='word_1_69' title='bbox 540 731 686 771; x_wconf 88' lang='lat' dir='ltr'>regem</span> <span class='ocrx_word' id='word_1_70' title='bbox 728 731 877 758; x_wconf 87' lang='lat' dir='ltr'>cursus</span> <span class='ocrx_word' id='word_1_71' title='bbox 912 716 1141 768; x_wconf 78' lang='lat' dir='ltr'>detorquet</span> <span class='ocrx_word' id='word_1_72' title='bbox 1173 713 1343 763; x_wconf 84' lang='lat' dir='ltr'>Iarban,</span> 
     </span>
     <span class='ocr_line' id='line_1_15' title="bbox 211 772 1441 830; baseline -0.007 -11"><span class='ocrx_word' id='word_1_73' title='bbox 211 776 492 830; x_wconf 84' lang='lat' dir='ltr'>Incenditque</span> <span class='ocrx_word' id='word_1_74' title='bbox 524 776 713 817; x_wconf 86' lang='lat' dir='ltr'>animum</span> <span class='ocrx_word' id='word_1_75' title='bbox 757 774 902 825; x_wconf 85' lang='lat' dir='ltr'>dictis,</span> <span class='ocrx_word' id='word_1_76' title='bbox 952 777 1084 825; x_wconf 88' lang='lat' dir='ltr'>atque</span> <span class='ocrx_word' id='word_1_77' title='bbox 1123 775 1305 825; x_wconf 78' lang='lat' dir='ltr'>aggerat</span> <span class='ocrx_word' id='word_1_78' title='bbox 1341 772 1441 812; x_wconf 85' lang='lat' dir='ltr'>iras.</span> 
     </span>
    </p>

    <p class='ocr_par' dir='ltr' id='par_1_11' title="bbox 213 826 1635 946">
     <span class='ocr_line' id='line_1_16' title="bbox 326 826 1635 884; baseline -0.006 -9"><span class='ocrx_word' id='word_1_79' title='bbox 326 833 408 875; x_wconf 89' lang='lat' dir='ltr'>Hic</span> <span class='ocrx_word' id='word_1_80' title='bbox 447 833 686 874; x_wconf 80' lang='lat' dir='ltr'>Hammone</span> <span class='ocrx_word' id='word_1_81' title='bbox 723 836 860 883; x_wconf 89' lang='lat' dir='ltr'>satus,</span> <span class='ocrx_word' id='word_1_82' title='bbox 908 834 1037 884; x_wconf 84' lang='lat' dir='ltr'>rapta</span> <span class='ocrx_word' id='word_1_83' title='bbox 1075 828 1389 871; x_wconf 77' lang='lat' dir='ltr'>Garamantide</span> <span class='ocrx_word' id='word_1_84' title='bbox 1424 826 1635 881; x_wconf 82' lang='lat' dir='ltr'>Nympha,</span> 
     </span>
     <span class='ocr_line' id='line_1_17' title="bbox 213 887 1287 946; baseline -0.006 -13"><span class='ocrx_word' id='word_1_85' title='bbox 213 891 390 946; x_wconf 85' lang='lat' dir='ltr'>Templa</span> <span class='ocrx_word' id='word_1_86' title='bbox 423 891 517 932; x_wconf 81' lang='lat' dir='ltr'>Iovi</span> <span class='ocrx_word' id='word_1_87' title='bbox 552 894 723 932; x_wconf 87' lang='lat' dir='ltr'>centum</span> <span class='ocrx_word' id='word_1_88' title='bbox 757 889 858 931; x_wconf 85' lang='lat' dir='ltr'>latis</span> <span class='ocrx_word' id='word_1_89' title='bbox 893 887 1100 929; x_wconf 86' lang='lat' dir='ltr'>immania</span> <span class='ocrx_word' id='word_1_90' title='bbox 1131 887 1287 940; x_wconf 86' lang='lat' dir='ltr'>regnis,</span> 
     </span>
    </p>
   </div>
   <div class='ocr_carea' id='block_1_10' title="bbox 214 943 1472 1001">
    <p class='ocr_par' dir='ltr' id='par_1_12' title="bbox 214 943 1472 1001">
     <span class='ocr_line' id='line_1_18' title="bbox 214 943 1472 1001; baseline -0.007 -10"><span class='ocrx_word' id='word_1_91' title='bbox 214 950 396 992; x_wconf 87' lang='lat' dir='ltr'>Centum</span> <span class='ocrx_word' id='word_1_92' title='bbox 438 962 537 990; x_wconf 86' lang='lat' dir='ltr'>aras</span> <span class='ocrx_word' id='word_1_93' title='bbox 571 947 716 1001; x_wconf 86' lang='lat' dir='ltr'>posuit</span> <span class='ocrx_word' id='word_1_94' title='bbox 746 947 1007 1000; x_wconf 86' lang='lat' dir='ltr'>vigilemque</span> <span class='ocrx_word' id='word_1_95' title='bbox 1038 947 1285 986; x_wconf 80' lang='lat' dir='ltr'>sacraverat</span> <span class='ocrx_word' id='word_1_96' title='bbox 1318 943 1472 996; x_wconf 82' lang='lat' dir='ltr'>ignem,</span> 
     </span>
    </p>
   </div>
   <div class='ocr_carea' id='block_1_11' title="bbox 1781 941 1864 980">
    <p class='ocr_par' dir='ltr' id='par_1_13' title="bbox 1781 941 1864 980">
     <span class='ocr_line' id='line_1_19' title="bbox 1781 941 1864 980; baseline -0.012 0"><span class='ocrx_word' id='word_1_97' title='bbox 1781 941 1864 980; x_wconf 85' lang='lat'>200</span> 
     </span>
    </p>
   </div>
   <div class='ocr_carea' id='block_1_12' title="bbox 215 1002 1415 1118">
    <p class='ocr_par' dir='ltr' id='par_1_14' title="bbox 215 1002 1415 1118">
     <span class='ocr_line' id='line_1_20' title="bbox 215 1002 1410 1057; baseline -0.007 -9"><span class='ocrx_word' id='word_1_98' title='bbox 215 1007 432 1048; x_wconf 80' lang='lat' dir='ltr'>Excubias</span> <span class='ocrx_word' id='word_1_99' title='bbox 471 1005 613 1047; x_wconf 76' lang='lat' dir='ltr'>divom</span> <span class='ocrx_word' id='word_1_100' title='bbox 653 1008 873 1055; x_wconf 85' lang='lat' dir='ltr'>aeternas,</span> <span class='ocrx_word' id='word_1_101' title='bbox 918 1002 1218 1057; x_wconf 87' lang='lat' dir='ltr'>pecudumque</span> <span class='ocrx_word' id='word_1_102' title='bbox 1257 1013 1410 1042; x_wconf 87' lang='lat' dir='ltr'>cruore</span> 
     </span>
     <span class='ocr_line' id='line_1_21' title="bbox 217 1058 1415 1118; baseline -0.007 -12"><span class='ocrx_word' id='word_1_103' title='bbox 217 1065 382 1118; x_wconf 88' lang='lat' dir='ltr'>Pingue</span> <span class='ocrx_word' id='word_1_104' title='bbox 421 1063 559 1105; x_wconf 87' lang='lat' dir='ltr'>solum</span> <span class='ocrx_word' id='word_1_105' title='bbox 599 1066 641 1104; x_wconf 86' lang='lat' dir='ltr'>et</span> <span class='ocrx_word' id='word_1_106' title='bbox 678 1062 809 1104; x_wconf 81' lang='lat' dir='ltr'>variis</span> <span class='ocrx_word' id='word_1_107' title='bbox 845 1061 1046 1102; x_wconf 85' lang='lat' dir='ltr'>florentia</span> <span class='ocrx_word' id='word_1_108' title='bbox 1081 1060 1231 1101; x_wconf 90' lang='lat' dir='ltr'>limina</span> <span class='ocrx_word' id='word_1_109' title='bbox 1278 1058 1415 1100; x_wconf 86' lang='lat' dir='ltr'>sertis.</span> 
     </span>
    </p>
   </div>
   <div class='ocr_carea' id='block_1_13' title="bbox 216 1221 1027 3035">
    <p class='ocr_par' dir='ltr' id='par_1_15' title="bbox 216 1221 1021 1359">
     <span class='ocr_line' id='line_1_22' title="bbox 268 1221 1021 1257; baseline -0.007 -1"><span class='ocrx_word' id='word_1_110' title='bbox 268 1225 342 1256; x_wconf 69' lang='lat'>187.</span> <span class='ocrx_word' id='word_1_111' title='bbox 367 1223 535 1256; x_wconf 67' lang='lat' dir='ltr'>turribus.</span> <span class='ocrx_word' id='word_1_112' title='bbox 599 1227 646 1255; x_wconf 81' lang='lat' dir='ltr'>Cr&#39;.</span> <span class='ocrx_word' id='word_1_113' title='bbox 686 1227 725 1254; x_wconf 89' lang='lat' dir='ltr'>H.</span> <span class='ocrx_word' id='word_1_114' title='bbox 761 1225 794 1254; x_wconf 81' lang='lat' dir='ltr'>C.</span> <span class='ocrx_word' id='word_1_115' title='bbox 841 1222 875 1252; x_wconf 92' lang='grc'>1.</span> <span class='ocrx_word' id='word_1_116' title='bbox 909 1222 943 1257; x_wconf 77' lang='grc'>4,</span> <span class='ocrx_word' id='word_1_117' title='bbox 983 1221 1021 1251; x_wconf 87' lang='grc'>13</span> 
     </span>
     <span class='ocr_line' id='line_1_23' title="bbox 226 1267 1021 1311; baseline -0.006 -9"><span class='ocrx_word' id='word_1_118' title='bbox 226 1271 368 1303; x_wconf 79' lang='lat' dir='ltr'>Pallida</span> <span class='ocrx_word' id='word_1_119' title='bbox 400 1270 495 1301; x_wconf 82' lang='lat' dir='ltr'>Mors</span> <span class='ocrx_word' id='word_1_120' title='bbox 525 1279 634 1311; x_wconf 85' lang='lat' dir='ltr'>aequo</span> <span class='ocrx_word' id='word_1_121' title='bbox 670 1267 791 1310; x_wconf 79' lang='lat' dir='ltr'>pulsat</span> <span class='ocrx_word' id='word_1_122' title='bbox 820 1267 908 1309; x_wconf 77' lang='lat' dir='ltr'>petie</span> <span class='ocrx_word' id='word_1_123' title='bbox 931 1277 1021 1309; x_wconf 82' lang='lat' dir='ltr'>pau-</span> 
     </span>
     <span class='ocr_line' id='line_1_24' title="bbox 216 1316 894 1359; baseline -0.006 -12"><span class='ocrx_word' id='word_1_124' title='bbox 216 1327 336 1359; x_wconf 77' lang='lat' dir='ltr'>perum</span> <span class='ocrx_word' id='word_1_125' title='bbox 362 1316 527 1347; x_wconf 84' lang='lat' dir='ltr'>tabernas</span> <span class='ocrx_word' id='word_1_126' title='bbox 551 1324 744 1357; x_wconf 78' lang='lat' dir='ltr'>regumque</span> <span class='ocrx_word' id='word_1_127' title='bbox 770 1318 894 1344; x_wconf 81' lang='lat' dir='ltr'>turres.</span> 
     </span>
    </p>

    <p class='ocr_par' dir='ltr' id='par_1_16' title="bbox 218 1358 1023 1664">
     <span class='ocr_line' id='line_1_25' title="bbox 270 1358 1023 1403; baseline -0.005 -11"><span class='ocrx_word' id='word_1_128' title='bbox 270 1362 342 1393; x_wconf 68' lang='lat'>1239.</span> <span class='ocrx_word' id='word_1_129' title='bbox 367 1359 517 1403; x_wconf 81' lang='lat' dir='ltr'>populos</span> <span class='ocrx_word' id='word_1_130' title='bbox 551 1370 704 1391; x_wconf 83' lang='lat' dir='ltr'>sermone</span> <span class='ocrx_word' id='word_1_131' title='bbox 741 1358 910 1400; x_wconf 74' lang='lat' dir='ltr'>replebat.</span> <span class='ocrx_word' id='word_1_132' title='bbox 969 1360 1023 1389; x_wconf 88' lang='lat' dir='ltr'>Sic</span> 
     </span>
     <span class='ocr_line' id='line_1_26' title="bbox 225 1403 1020 1447; baseline -0.006 -9"><span class='ocrx_word' id='word_1_133' title='bbox 225 1407 336 1438; x_wconf 82' lang='lat' dir='ltr'>Fama</span> <span class='ocrx_word' id='word_1_134' title='bbox 367 1405 484 1437; x_wconf 83' lang='lat' dir='ltr'>domos</span> <span class='ocrx_word' id='word_1_135' title='bbox 513 1405 671 1447; x_wconf 88' lang='lat' dir='ltr'>replebat</span> <span class='ocrx_word' id='word_1_136' title='bbox 706 1404 758 1443; x_wconf 86' lang='lat'>11,</span> <span class='ocrx_word' id='word_1_137' title='bbox 787 1403 849 1434; x_wconf 72' lang='lat'>140</span> <span class='ocrx_word' id='word_1_138' title='bbox 882 1410 911 1434; x_wconf 81' lang='lat' dir='ltr'>et</span> <span class='ocrx_word' id='word_1_139' title='bbox 943 1403 1020 1434; x_wconf 76' lang='lat'>896.</span> 
     </span>
     <span class='ocr_line' id='line_1_27' title="bbox 225 1449 1020 1492; baseline -0.004 -10"><span class='ocrx_word' id='word_1_140' title='bbox 225 1452 379 1483; x_wconf 79' lang='lat' dir='ltr'>Turnum</span> <span class='ocrx_word' id='word_1_141' title='bbox 405 1450 525 1492; x_wconf 83' lang='lat' dir='ltr'>implet</span> <span class='ocrx_word' id='word_1_142' title='bbox 548 1451 705 1481; x_wconf 50' lang='lat' dir='ltr'>nuntius</span> <span class='ocrx_word' id='word_1_143' title='bbox 757 1453 815 1481; x_wconf 88' lang='lat' dir='ltr'>Ov.</span> <span class='ocrx_word' id='word_1_144' title='bbox 836 1453 878 1480; x_wconf 84' lang='lat' dir='ltr'>M.</span> <span class='ocrx_word' id='word_1_145' title='bbox 906 1449 936 1487; x_wconf 85' lang='lat'>9,</span> <span class='ocrx_word' id='word_1_146' title='bbox 959 1449 1020 1479; x_wconf 70' lang='lat'>134</span> 
     </span>
     <span class='ocr_line' id='line_1_28' title="bbox 220 1495 1020 1539; baseline -0.005 -11"><span class='ocrx_word' id='word_1_147' title='bbox 220 1497 310 1528; x_wconf 79' lang='lat' dir='ltr'>Acta</span> <span class='ocrx_word' id='word_1_148' title='bbox 340 1496 463 1539; x_wconf 78' lang='lat' dir='ltr'>magni</span> <span class='ocrx_word' id='word_1_149' title='bbox 491 1495 652 1527; x_wconf 76' lang='lat' dir='ltr'>Herculis</span> <span class='ocrx_word' id='word_1_150' title='bbox 683 1495 871 1537; x_wconf 82' lang='lat' dir='ltr'>implerant</span> <span class='ocrx_word' id='word_1_151' title='bbox 897 1498 1020 1526; x_wconf 81' lang='lat' dir='ltr'>terras.</span> 
     </span>
     <span class='ocr_line' id='line_1_29' title="bbox 218 1539 1022 1580; baseline -0.002 -7"><span class='ocrx_word' id='word_1_152' title='bbox 218 1554 250 1574; x_wconf 89' lang='lat' dir='ltr'>v.</span> <span class='ocrx_word' id='word_1_153' title='bbox 285 1544 348 1572; x_wconf 77' lang='grc'>665</span> <span class='ocrx_word' id='word_1_154' title='bbox 394 1541 506 1573; x_wconf 82' lang='lat' dir='ltr'>Fama</span> <span class='ocrx_word' id='word_1_155' title='bbox 546 1541 628 1572; x_wconf 83' lang='lat' dir='ltr'>novi</span> <span class='ocrx_word' id='word_1_156' title='bbox 761 1539 862 1571; x_wconf 81' lang='lat' dir='ltr'>urbes</span> <span class='ocrx_word' id='word_1_157' title='bbox 903 1539 1022 1580; x_wconf 81' lang='lat' dir='ltr'>implet</span> 
     </span>
     <span class='ocr_line' id='line_1_30' title="bbox 219 1584 1022 1628; baseline -0.002 -10"><span class='ocrx_word' id='word_1_158' title='bbox 219 1587 377 1618; x_wconf 66' lang='lat' dir='ltr'>monstri.</span> <span class='ocrx_word' id='word_1_159' title='bbox 428 1590 482 1618; x_wconf 84' lang='lat' dir='ltr'>Sic</span> <span class='ocrx_word' id='word_1_160' title='bbox 505 1590 546 1618; x_wconf 89' lang='lat' dir='ltr'>A.</span> <span class='ocrx_word' id='word_1_161' title='bbox 574 1587 603 1627; x_wconf 89' lang='lat'>1,</span> <span class='ocrx_word' id='word_1_162' title='bbox 626 1587 691 1617; x_wconf 80' lang='lat'>460</span> <span class='ocrx_word' id='word_1_163' title='bbox 717 1589 766 1618; x_wconf 87' lang='lat' dir='ltr'>est</span> <span class='ocrx_word' id='word_1_164' title='bbox 791 1584 892 1628; x_wconf 82' lang='lat' dir='ltr'>regio</span> <span class='ocrx_word' id='word_1_165' title='bbox 915 1584 1022 1627; x_wconf 80' lang='lat' dir='ltr'>plena</span> 
     </span>
     <span class='ocr_line' id='line_1_31' title="bbox 219 1632 495 1664; baseline 0 -1"><span class='ocrx_word' id='word_1_166' title='bbox 219 1632 349 1664; x_wconf 84' lang='lat' dir='ltr'>laboris</span> <span class='ocrx_word' id='word_1_167' title='bbox 373 1632 495 1664; x_wconf 79' lang='lat' dir='ltr'>nostri.</span> 
     </span>
    </p>

    <p class='ocr_par' dir='ltr' id='par_1_17' title="bbox 220 1677 1021 1990">
     <span class='ocr_line' id='line_1_32' title="bbox 267 1677 1020 1721; baseline -0.003 -13"><span class='ocrx_word' id='word_1_168' title='bbox 267 1677 534 1721; x_wconf 70' lang='lat' dir='ltr'>190.»gandens</span> <span class='ocrx_word' id='word_1_169' title='bbox 570 1684 717 1715; x_wconf 83' lang='lat' dir='ltr'>„propter</span> <span class='ocrx_word' id='word_1_170' title='bbox 752 1679 920 1707; x_wconf 82' lang='lat' dir='ltr'>inventam</span> <span class='ocrx_word' id='word_1_171' title='bbox 950 1685 1020 1707; x_wconf 86' lang='lat' dir='ltr'>ma-</span> 
     </span>
     <span class='ocr_line' id='line_1_33' title="bbox 222 1724 1021 1760; baseline -0.004 -6"><span class='ocrx_word' id='word_1_172' title='bbox 222 1726 368 1755; x_wconf 52' lang='lat' dir='ltr'>teriam*</span> <span class='ocrx_word' id='word_1_173' title='bbox 403 1728 434 1754; x_wconf 90' lang='lat' dir='ltr'>S.</span> <span class='ocrx_word' id='word_1_174' title='bbox 489 1727 598 1755; x_wconf 80' lang='lat' dir='ltr'>Solent</span> <span class='ocrx_word' id='word_1_175' title='bbox 634 1725 720 1753; x_wconf 89' lang='lat' dir='ltr'>enim</span> <span class='ocrx_word' id='word_1_176' title='bbox 755 1724 901 1752; x_wconf 83' lang='lat' dir='ltr'>homines</span> <span class='ocrx_word' id='word_1_177' title='bbox 939 1732 1021 1760; x_wconf 81' lang='lat' dir='ltr'>gan-</span> 
     </span>
     <span class='ocr_line' id='line_1_34' title="bbox 222 1770 1017 1807; baseline -0.004 -7"><span class='ocrx_word' id='word_1_178' title='bbox 222 1773 312 1807; x_wconf 78' lang='lat' dir='ltr'>dere,</span> <span class='ocrx_word' id='word_1_179' title='bbox 347 1772 376 1800; x_wconf 83' lang='lat' dir='ltr'>si</span> <span class='ocrx_word' id='word_1_180' title='bbox 402 1772 478 1806; x_wconf 80' lang='lat' dir='ltr'>quid</span> <span class='ocrx_word' id='word_1_181' title='bbox 501 1772 579 1800; x_wconf 80' lang='lat' dir='ltr'>novi</span> <span class='ocrx_word' id='word_1_182' title='bbox 606 1770 806 1806; x_wconf 83' lang='lat' dir='ltr'>acceperint,</span> <span class='ocrx_word' id='word_1_183' title='bbox 834 1770 916 1804; x_wconf 77' lang='lat' dir='ltr'>quod</span> <span class='ocrx_word' id='word_1_184' title='bbox 940 1770 1017 1798; x_wconf 85' lang='lat' dir='ltr'>aliis</span> 
     </span>
     <span class='ocr_line' id='line_1_35' title="bbox 221 1816 1020 1852; baseline -0.003 -7"><span class='ocrx_word' id='word_1_185' title='bbox 221 1818 345 1852; x_wconf 80' lang='lat' dir='ltr'>possint</span> <span class='ocrx_word' id='word_1_186' title='bbox 370 1824 520 1851; x_wconf 77' lang='lat' dir='ltr'>narrare,</span> <span class='ocrx_word' id='word_1_187' title='bbox 561 1817 720 1850; x_wconf 82' lang='lat' dir='ltr'>facileque</span> <span class='ocrx_word' id='word_1_188' title='bbox 747 1816 958 1848; x_wconf 75' lang='lat' dir='ltr'>inducuntur.</span> <span class='ocrx_word' id='word_1_189' title='bbox 988 1819 1020 1844; x_wconf 88' lang='lat' dir='ltr'>ut</span> 
     </span>
     <span class='ocr_line' id='line_1_36' title="bbox 221 1861 1020 1891; baseline -0.004 0"><span class='ocrx_word' id='word_1_190' title='bbox 221 1863 418 1891; x_wconf 80' lang='lat' dir='ltr'>renarramlo</span> <span class='ocrx_word' id='word_1_191' title='bbox 451 1864 570 1891; x_wconf 82' lang='lat' dir='ltr'>addant</span> <span class='ocrx_word' id='word_1_192' title='bbox 601 1869 688 1890; x_wconf 77' lang='lat' dir='ltr'>nova</span> <span class='ocrx_word' id='word_1_193' title='bbox 719 1866 749 1890; x_wconf 87' lang='lat' dir='ltr'>et</span> <span class='ocrx_word' id='word_1_194' title='bbox 781 1861 909 1890; x_wconf 82' lang='lat' dir='ltr'>infecta.</span> <span class='ocrx_word' id='word_1_195' title='bbox 967 1861 1020 1889; x_wconf 90' lang='lat' dir='ltr'>Sic</span> 
     </span>
     <span class='ocr_line' id='line_1_37' title="bbox 220 1903 1020 1943; baseline -0.004 -7"><span class='ocrx_word' id='word_1_196' title='bbox 220 1911 249 1936; x_wconf 85' lang='lat' dir='ltr'>h.</span> <span class='ocrx_word' id='word_1_197' title='bbox 285 1910 306 1936; x_wconf 96' lang='lat' dir='ltr'>l.</span> <span class='ocrx_word' id='word_1_198' title='bbox 339 1908 457 1937; x_wconf 83' lang='lat' dir='ltr'>infecta</span> <span class='ocrx_word' id='word_1_199' title='bbox 487 1913 580 1943; x_wconf 87' lang='lat' dir='ltr'>sunt,</span> <span class='ocrx_word' id='word_1_200' title='bbox 619 1915 702 1942; x_wconf 85' lang='lat' dir='ltr'>quae</span> <span class='ocrx_word' id='word_1_201' title='bbox 733 1915 765 1936; x_wconf 73' lang='lat' dir='ltr'>v.</span> <span class='ocrx_word' id='word_1_202' title='bbox 794 1904 858 1935; x_wconf 80' lang='lat'>193</span> <span class='ocrx_word' id='word_1_203' title='bbox 894 1911 923 1935; x_wconf 85' lang='lat' dir='ltr'>et</span> <span class='ocrx_word' id='word_1_204' title='bbox 958 1903 1020 1934; x_wconf 73' lang='lat'>194</span> 
     </span>
     <span class='ocr_line' id='line_1_38' title="bbox 220 1956 378 1990; baseline -0.006 -8"><span class='ocrx_word' id='word_1_205' title='bbox 220 1956 378 1990; x_wconf 80' lang='lat' dir='ltr'>leguntur.</span> 
     </span>
    </p>

    <p class='ocr_par' dir='ltr' id='par_1_18' title="bbox 220 1994 1025 2489">
     <span class='ocr_line' id='line_1_39' title="bbox 272 1994 1019 2037; baseline -0.004 -11"><span class='ocrx_word' id='word_1_206' title='bbox 272 1997 343 2027; x_wconf 89' lang='grc'><strong>191.</strong></span> <span class='ocrx_word' id='word_1_207' title='bbox 376 1996 527 2028; x_wconf 86' lang='lat' dir='ltr'>Troiano</span> <span class='ocrx_word' id='word_1_208' title='bbox 552 2006 572 2026; x_wconf 89' lang='lat' dir='ltr'>a</span> <span class='ocrx_word' id='word_1_209' title='bbox 598 1995 775 2037; x_wconf 82' lang='lat' dir='ltr'>sanguine</span> <span class='ocrx_word' id='word_1_210' title='bbox 806 1999 844 2026; x_wconf 87' lang='lat' dir='ltr'>R.</span> <span class='ocrx_word' id='word_1_211' title='bbox 871 2002 901 2026; x_wconf 88' lang='lat' dir='ltr'>et</span> <span class='ocrx_word' id='word_1_212' title='bbox 932 1994 1019 2036; x_wconf 79' lang='lat' dir='ltr'>Wg.</span> 
     </span>
     <span class='ocr_line' id='line_1_40' title="bbox 221 2039 1021 2082; baseline -0.003 -10"><span class='ocrx_word' id='word_1_213' title='bbox 221 2047 263 2073; x_wconf 84' lang='lat' dir='ltr'>al.</span> <span class='ocrx_word' id='word_1_214' title='bbox 293 2060 331 2064; x_wconf 90' lang='lat'>—</span> <span class='ocrx_word' id='word_1_215' title='bbox 365 2041 516 2073; x_wconf 82' lang='lat' dir='ltr'>Troiano</span> <span class='ocrx_word' id='word_1_216' title='bbox 543 2041 722 2082; x_wconf 70' lang='lat' dir='ltr'>sangnine</span> <span class='ocrx_word' id='word_1_217' title='bbox 747 2045 817 2071; x_wconf 77' lang='lat' dir='ltr'>MP.</span> <span class='ocrx_word' id='word_1_218' title='bbox 840 2045 882 2071; x_wconf 83' lang='lat' dir='ltr'>al.</span> <span class='ocrx_word' id='word_1_219' title='bbox 907 2048 935 2071; x_wconf 85' lang='lat' dir='ltr'>et</span> <span class='ocrx_word' id='word_1_220' title='bbox 956 2039 1021 2073; x_wconf 77' lang='lat' dir='ltr'>Ld.</span> 
     </span>
     <span class='ocr_line' id='line_1_41' title="bbox 225 2087 1022 2127; baseline -0.003 -9"><span class='ocrx_word' id='word_1_221' title='bbox 225 2087 290 2118; x_wconf 75' lang='grc' dir='ltr'><strong>ΕΙ).</strong></span> <span class='ocrx_word' id='word_1_222' title='bbox 347 2087 468 2119; x_wconf 83' lang='lat' dir='ltr'>Cretas</span> <span class='ocrx_word' id='word_1_223' title='bbox 507 2089 650 2125; x_wconf 79' lang='lat' dir='ltr'>iungitur</span> <span class='ocrx_word' id='word_1_224' title='bbox 692 2090 837 2117; x_wconf 79' lang='lat' dir='ltr'>ablativo</span> <span class='ocrx_word' id='word_1_225' title='bbox 878 2088 916 2118; x_wconf 87' lang='lat' dir='ltr'>cf.</span> <span class='ocrx_word' id='word_1_226' title='bbox 956 2096 1022 2127; x_wconf 81' lang='lat' dir='ltr'>qno</span> 
     </span>
     <span class='ocr_line' id='line_1_42' title="bbox 222 2131 1022 2175; baseline 0 -14"><span class='ocrx_word' id='word_1_227' title='bbox 222 2132 399 2175; x_wconf 72' lang='lat' dir='ltr'>sangnine</span> <span class='ocrx_word' id='word_1_228' title='bbox 422 2136 535 2163; x_wconf 83' lang='lat' dir='ltr'>cretus</span> <span class='ocrx_word' id='word_1_229' title='bbox 560 2133 591 2171; x_wconf 80' lang='lat'>2,</span> <span class='ocrx_word' id='word_1_230' title='bbox 611 2131 664 2162; x_wconf 74' lang='lat'>74.</span> <span class='ocrx_word' id='word_1_231' title='bbox 694 2132 724 2171; x_wconf 82' lang='lat'>3,</span> <span class='ocrx_word' id='word_1_232' title='bbox 751 2132 826 2162; x_wconf 76' lang='lat'>608.</span> <span class='ocrx_word' id='word_1_233' title='bbox 881 2131 1022 2162; x_wconf 82' lang='lat' dir='ltr'>Electra</span> 
     </span>
     <span class='ocr_line' id='line_1_43' title="bbox 221 2176 1022 2215; baseline -0.004 -6"><span class='ocrx_word' id='word_1_234' title='bbox 221 2183 334 2209; x_wconf 82' lang='lat' dir='ltr'>cretus</span> <span class='ocrx_word' id='word_1_235' title='bbox 370 2178 401 2215; x_wconf 75' lang='lat'>8.</span> <span class='ocrx_word' id='word_1_236' title='bbox 432 2178 506 2208; x_wconf 83' lang='lat'>135.</span> <span class='ocrx_word' id='word_1_237' title='bbox 567 2177 740 2209; x_wconf 82' lang='lat' dir='ltr'>Alcanore</span> <span class='ocrx_word' id='word_1_238' title='bbox 769 2177 855 2208; x_wconf 84' lang='lat' dir='ltr'>creti</span> <span class='ocrx_word' id='word_1_239' title='bbox 892 2177 922 2215; x_wconf 82' lang='grc'>9,</span> <span class='ocrx_word' id='word_1_240' title='bbox 946 2176 1022 2206; x_wconf 75' lang='grc'><strong>672.</strong></span> 
     </span>
     <span class='ocr_line' id='line_1_44' title="bbox 220 2221 1023 2262; baseline -0.002 -8"><span class='ocrx_word' id='word_1_241' title='bbox 220 2227 345 2255; x_wconf 80' lang='lat' dir='ltr'>Iudicat</span> <span class='ocrx_word' id='word_1_242' title='bbox 370 2232 492 2262; x_wconf 83' lang='lat' dir='ltr'>autem,</span> <span class='ocrx_word' id='word_1_243' title='bbox 529 2230 562 2254; x_wconf 91' lang='lat' dir='ltr'>ut</span> <span class='ocrx_word' id='word_1_244' title='bbox 590 2222 619 2262; x_wconf 92' lang='grc'>1,</span> <span class='ocrx_word' id='word_1_245' title='bbox 650 2223 714 2253; x_wconf 81' lang='lat'>626</span> <span class='ocrx_word' id='word_1_246' title='bbox 746 2227 861 2253; x_wconf 83' lang='lat' dir='ltr'>cretus</span> <span class='ocrx_word' id='word_1_247' title='bbox 886 2222 928 2253; x_wconf 87' lang='lat' dir='ltr'>ab</span> <span class='ocrx_word' id='word_1_248' title='bbox 956 2221 1023 2253; x_wconf 87' lang='lat' dir='ltr'>ali-</span> 
     </span>
     <span class='ocr_line' id='line_1_45' title="bbox 223 2268 1023 2311; baseline 0 -13"><span class='ocrx_word' id='word_1_249' title='bbox 223 2280 288 2311; x_wconf 82' lang='lat' dir='ltr'>quo</span> <span class='ocrx_word' id='word_1_250' title='bbox 314 2272 502 2307; x_wconf 82' lang='lat' dir='ltr'>oriundum,</span> <span class='ocrx_word' id='word_1_251' title='bbox 525 2273 637 2300; x_wconf 82' lang='lat' dir='ltr'>cretus</span> <span class='ocrx_word' id='word_1_252' title='bbox 663 2268 800 2309; x_wconf 82' lang='lat' dir='ltr'>aliquo,</span> <span class='ocrx_word' id='word_1_253' title='bbox 825 2276 937 2305; x_wconf 83' lang='lat' dir='ltr'>ortum,</span> <span class='ocrx_word' id='word_1_254' title='bbox 964 2277 1023 2298; x_wconf 86' lang='lat' dir='ltr'>na-</span> 
     </span>
     <span class='ocr_line' id='line_1_46' title="bbox 223 2314 1024 2352; baseline -0.002 -7"><span class='ocrx_word' id='word_1_255' title='bbox 223 2322 298 2345; x_wconf 84' lang='lat' dir='ltr'>tum.</span> <span class='ocrx_word' id='word_1_256' title='bbox 350 2317 396 2345; x_wconf 82' lang='lat' dir='ltr'>Cf.</span> <span class='ocrx_word' id='word_1_257' title='bbox 436 2319 487 2346; x_wconf 88' lang='lat' dir='ltr'>Gr.</span> <span class='ocrx_word' id='word_1_258' title='bbox 523 2317 544 2351; x_wconf 56' lang='grc' dir='ltr'>ς</span> <span class='ocrx_word' id='word_1_259' title='bbox 580 2314 656 2344; x_wconf 84' lang='grc'><strong>315.</strong></span> <span class='ocrx_word' id='word_1_260' title='bbox 712 2317 889 2350; x_wconf 84' lang='lat' dir='ltr'>Utrumque</span> <span class='ocrx_word' id='word_1_261' title='bbox 925 2316 1024 2352; x_wconf 84' lang='lat' dir='ltr'>igitur</span> 
     </span>
     <span class='ocr_line' id='line_1_47' title="bbox 221 2361 1024 2396; baseline -0.001 -6"><span class='ocrx_word' id='word_1_262' title='bbox 221 2365 251 2390; x_wconf 91' lang='lat' dir='ltr'>h.</span> <span class='ocrx_word' id='word_1_263' title='bbox 282 2364 302 2390; x_wconf 95' lang='lat' dir='ltr'>l.</span> <span class='ocrx_word' id='word_1_264' title='bbox 344 2367 447 2396; x_wconf 87' lang='lat' dir='ltr'>potest</span> <span class='ocrx_word' id='word_1_265' title='bbox 480 2362 552 2391; x_wconf 87' lang='lat' dir='ltr'>dici.</span> <span class='ocrx_word' id='word_1_266' title='bbox 609 2363 679 2389; x_wconf 78' lang='lat' dir='ltr'>Non</span> <span class='ocrx_word' id='word_1_267' title='bbox 714 2361 835 2390; x_wconf 83' lang='lat' dir='ltr'>Afrum</span> <span class='ocrx_word' id='word_1_268' title='bbox 873 2361 1024 2396; x_wconf 75' lang='lat' dir='ltr'>aliquem,</span> 
     </span>
     <span class='ocr_line' id='line_1_48' title="bbox 224 2408 1025 2436; baseline -0.002 0"><span class='ocrx_word' id='word_1_269' title='bbox 224 2409 279 2436; x_wconf 83' lang='lat' dir='ltr'>sed</span> <span class='ocrx_word' id='word_1_270' title='bbox 308 2408 483 2436; x_wconf 83' lang='lat' dir='ltr'>Troianum</span> <span class='ocrx_word' id='word_1_271' title='bbox 512 2409 673 2436; x_wconf 82' lang='lat' dir='ltr'>advenam</span> <span class='ocrx_word' id='word_1_272' title='bbox 704 2412 735 2435; x_wconf 83' lang='lat' dir='ltr'>et</span> <span class='ocrx_word' id='word_1_273' title='bbox 768 2414 830 2435; x_wconf 85' lang='lat' dir='ltr'>sua</span> <span class='ocrx_word' id='word_1_274' title='bbox 862 2415 903 2435; x_wconf 86' lang='lat' dir='ltr'>ex</span> <span class='ocrx_word' id='word_1_275' title='bbox 939 2411 1025 2435; x_wconf 76' lang='lat' dir='ltr'>terra</span> 
     </span>
     <span class='ocr_line' id='line_1_49' title="bbox 225 2452 727 2489; baseline -0.004 -8"><span class='ocrx_word' id='word_1_276' title='bbox 225 2453 397 2488; x_wconf 74' lang='lat' dir='ltr'>profugum</span> <span class='ocrx_word' id='word_1_277' title='bbox 422 2454 503 2482; x_wconf 80' lang='lat' dir='ltr'>Dido</span> <span class='ocrx_word' id='word_1_278' title='bbox 529 2453 593 2481; x_wconf 88' lang='lat' dir='ltr'>sibi</span> <span class='ocrx_word' id='word_1_279' title='bbox 621 2452 727 2489; x_wconf 86' lang='lat' dir='ltr'>elegit.</span> 
     </span>
    </p>

    <p class='ocr_par' dir='ltr' id='par_1_19' title="bbox 224 2493 1026 2760">
     <span class='ocr_line' id='line_1_50' title="bbox 272 2493 1026 2538; baseline -0.003 -12"><span class='ocrx_word' id='word_1_280' title='bbox 272 2497 345 2527; x_wconf 75' lang='lat'>192.</span> <span class='ocrx_word' id='word_1_281' title='bbox 372 2496 542 2538; x_wconf 77' lang='lat' dir='ltr'>dignetur</span> <span class='ocrx_word' id='word_1_282' title='bbox 585 2496 734 2536; x_wconf 81' lang='lat' dir='ltr'>iungere</span> <span class='ocrx_word' id='word_1_283' title='bbox 782 2493 893 2525; x_wconf 75' lang='lat' dir='ltr'>Dido.-</span> <span class='ocrx_word' id='word_1_284' title='bbox 949 2497 1026 2530; x_wconf 88' lang='lat' dir='ltr'>Ipsa</span> 
     </span>
     <span class='ocr_line' id='line_1_51' title="bbox 227 2542 1026 2575; baseline -0.005 -2"><span class='ocrx_word' id='word_1_285' title='bbox 227 2545 315 2573; x_wconf 79' lang='lat' dir='ltr'>fama</span> <span class='ocrx_word' id='word_1_286' title='bbox 348 2545 459 2573; x_wconf 75' lang='lat' dir='ltr'>verbis</span> <span class='ocrx_word' id='word_1_287' title='bbox 492 2544 591 2572; x_wconf 88' lang='lat' dir='ltr'>utitur</span> <span class='ocrx_word' id='word_1_288' title='bbox 622 2545 737 2571; x_wconf 84' lang='lat' dir='ltr'>Iarbae</span> <span class='ocrx_word' id='word_1_289' title='bbox 771 2542 852 2570; x_wconf 79' lang='lat' dir='ltr'>iram</span> <span class='ocrx_word' id='word_1_290' title='bbox 886 2548 1026 2575; x_wconf 84' lang='lat' dir='ltr'>exaspe-</span> 
     </span>
     <span class='ocr_line' id='line_1_52' title="bbox 225 2587 1025 2629; baseline -0.006 -11"><span class='ocrx_word' id='word_1_291' title='bbox 225 2591 381 2618; x_wconf 77' lang='lat' dir='ltr'>rantibus,</span> <span class='ocrx_word' id='word_1_292' title='bbox 426 2587 564 2629; x_wconf 77' lang='lat' dir='ltr'>Dignor</span> <span class='ocrx_word' id='word_1_293' title='bbox 589 2597 661 2617; x_wconf 83' lang='lat' dir='ltr'>cum</span> <span class='ocrx_word' id='word_1_294' title='bbox 680 2587 736 2616; x_wconf 84' lang='lat' dir='ltr'>inf.</span> <span class='ocrx_word' id='word_1_295' title='bbox 764 2588 917 2623; x_wconf 79' lang='lat' dir='ltr'>iungitur.</span> <span class='ocrx_word' id='word_1_296' title='bbox 943 2587 1025 2620; x_wconf 79' lang='lat' dir='ltr'>quod</span> 
     </span>
     <span class='ocr_line' id='line_1_53' title="bbox 225 2630 1021 2663; baseline -0.004 0"><span class='ocrx_word' id='word_1_297' title='bbox 225 2635 306 2663; x_wconf 82' lang='lat' dir='ltr'>inest</span> <span class='ocrx_word' id='word_1_298' title='bbox 341 2636 425 2663; x_wconf 86' lang='lat' dir='ltr'>notio</span> <span class='ocrx_word' id='word_1_299' title='bbox 457 2634 638 2663; x_wconf 78' lang='lat' dir='ltr'>voluntatis</span> <span class='ocrx_word' id='word_1_300' title='bbox 675 2634 723 2662; x_wconf 85' lang='lat' dir='ltr'>sic</span> <span class='ocrx_word' id='word_1_301' title='bbox 760 2631 814 2660; x_wconf 85' lang='lat'>10.</span> <span class='ocrx_word' id='word_1_302' title='bbox 843 2630 918 2660; x_wconf 78' lang='lat'>732.</span> <span class='ocrx_word' id='word_1_303' title='bbox 945 2630 1021 2660; x_wconf 66' lang='lat'>866.</span> 
     </span>
     <span class='ocr_line' id='line_1_54' title="bbox 224 2677 1022 2714; baseline -0.005 -6"><span class='ocrx_word' id='word_1_304' title='bbox 224 2687 274 2714; x_wconf 84' lang='lat' dir='ltr'>ap.</span> <span class='ocrx_word' id='word_1_305' title='bbox 310 2682 385 2709; x_wconf 85' lang='lat' dir='ltr'>Hor.</span> <span class='ocrx_word' id='word_1_306' title='bbox 419 2682 477 2709; x_wconf 79' lang='lat' dir='ltr'>Ov.</span> <span class='ocrx_word' id='word_1_307' title='bbox 513 2685 542 2708; x_wconf 86' lang='lat' dir='ltr'>et</span> <span class='ocrx_word' id='word_1_308' title='bbox 584 2680 618 2707; x_wconf 91' lang='lat' dir='ltr'>in</span> <span class='ocrx_word' id='word_1_309' title='bbox 653 2685 749 2713; x_wconf 86' lang='lat' dir='ltr'>prosa</span> <span class='ocrx_word' id='word_1_310' title='bbox 788 2685 838 2712; x_wconf 84' lang='lat' dir='ltr'>ap.</span> <span class='ocrx_word' id='word_1_311' title='bbox 878 2677 1022 2705; x_wconf 87' lang='lat' dir='ltr'>Plinium</span> 
     </span>
     <span class='ocr_line' id='line_1_55' title="bbox 225 2723 1020 2760; baseline -0.003 -8"><span class='ocrx_word' id='word_1_312' title='bbox 225 2727 305 2753; x_wconf 85' lang='lat' dir='ltr'>Pan.</span> <span class='ocrx_word' id='word_1_313' title='bbox 327 2723 380 2753; x_wconf 74' lang='lat' dir='ltr'>Sl).</span> <span class='ocrx_word' id='word_1_314' title='bbox 409 2723 462 2753; x_wconf 67' lang='lat'>57.</span> <span class='ocrx_word' id='word_1_315' title='bbox 490 2723 531 2753; x_wconf 74' lang='lat'>92</span> <span class='ocrx_word' id='word_1_316' title='bbox 560 2727 602 2753; x_wconf 82' lang='lat' dir='ltr'>al.</span> <span class='ocrx_word' id='word_1_317' title='bbox 635 2725 798 2760; x_wconf 84' lang='lat' dir='ltr'>Curtium,</span> <span class='ocrx_word' id='word_1_318' title='bbox 824 2723 1020 2751; x_wconf 84' lang='lat' dir='ltr'>Suetonium.</span> 
     </span>
    </p>

    <p class='ocr_par' dir='ltr' id='par_1_20' title="bbox 225 2767 1027 3035">
     <span class='ocr_line' id='line_1_56' title="bbox 274 2767 1023 2805; baseline -0.001 -8"><span class='ocrx_word' id='word_1_319' title='bbox 274 2768 345 2798; x_wconf 83' lang='lat'>193.</span> <span class='ocrx_word' id='word_1_320' title='bbox 376 2767 530 2799; x_wconf 80' lang='lat' dir='ltr'>Hiemem</span> <span class='ocrx_word' id='word_1_321' title='bbox 556 2769 676 2805; x_wconf 79' lang='lat' dir='ltr'>fouere</span> <span class='ocrx_word' id='word_1_322' title='bbox 699 2767 781 2797; x_wconf 70' lang='lat' dir='ltr'>luxu</span> <span class='ocrx_word' id='word_1_323' title='bbox 810 2769 829 2796; x_wconf 93' lang='lat' dir='ltr'>i.</span> <span class='ocrx_word' id='word_1_324' title='bbox 849 2777 875 2796; x_wconf 89' lang='lat' dir='ltr'>e.</span> <span class='ocrx_word' id='word_1_325' title='bbox 904 2769 1023 2796; x_wconf 82' lang='lat' dir='ltr'>transi-</span> 
     </span>
     <span class='ocr_line' id='line_1_57' title="bbox 225 2814 1022 2851; baseline -0.004 -7"><span class='ocrx_word' id='word_1_326' title='bbox 225 2823 299 2851; x_wconf 75' lang='lat' dir='ltr'>gere</span> <span class='ocrx_word' id='word_1_327' title='bbox 349 2817 427 2844; x_wconf 88' lang='lat' dir='ltr'>luxu</span> <span class='ocrx_word' id='word_1_328' title='bbox 479 2816 615 2844; x_wconf 86' lang='lat' dir='ltr'>hiemem</span> <span class='ocrx_word' id='word_1_329' title='bbox 667 2815 810 2844; x_wconf 82' lang='lat' dir='ltr'>maxime</span> <span class='ocrx_word' id='word_1_330' title='bbox 858 2814 1022 2842; x_wconf 80' lang='lat' dir='ltr'>amoribus</span> 
     </span>
     <span class='ocr_line' id='line_1_58' title="bbox 226 2857 1024 2896; baseline -0.003 -7"><span class='ocrx_word' id='word_1_331' title='bbox 226 2865 351 2895; x_wconf 81' lang='lat' dir='ltr'>aptam:</span> <span class='ocrx_word' id='word_1_332' title='bbox 395 2861 432 2889; x_wconf 82' lang='lat' dir='ltr'>cf.</span> <span class='ocrx_word' id='word_1_333' title='bbox 473 2862 547 2890; x_wconf 82' lang='lat' dir='ltr'>Tac.</span> <span class='ocrx_word' id='word_1_334' title='bbox 584 2862 648 2889; x_wconf 79' lang='lat' dir='ltr'>An.</span> <span class='ocrx_word' id='word_1_335' title='bbox 686 2858 743 2896; x_wconf 73' lang='lat'>14,</span> <span class='ocrx_word' id='word_1_336' title='bbox 776 2859 818 2886; x_wconf 88' lang='grc'>55</span> <span class='ocrx_word' id='word_1_337' title='bbox 863 2857 1024 2894; x_wconf 70' lang='lat' dir='ltr'>Ratione,</span> 
     </span>
     <span class='ocr_line' id='line_1_59' title="bbox 225 2902 1027 2945; baseline -0.002 -11"><span class='ocrx_word' id='word_1_338' title='bbox 225 2903 385 2941; x_wconf 80' lang='lat' dir='ltr'>consilia,</span> <span class='ocrx_word' id='word_1_339' title='bbox 404 2903 602 2945; x_wconf 80' lang='lat' dir='ltr'>praeceptis</span> <span class='ocrx_word' id='word_1_340' title='bbox 623 2902 811 2945; x_wconf 74' lang='lat' dir='ltr'>pueritiam</span> <span class='ocrx_word' id='word_1_341' title='bbox 836 2912 947 2932; x_wconf 80' lang='lat' dir='ltr'>meam</span> <span class='ocrx_word' id='word_1_342' title='bbox 968 2903 1027 2940; x_wconf 87' lang='lat' dir='ltr'>fo-</span> 
     </span>
     <span class='ocr_line' id='line_1_60' title="bbox 225 2948 1026 2991; baseline -0.002 -12"><span class='ocrx_word' id='word_1_343' title='bbox 225 2948 318 2980; x_wconf 71' lang='lat' dir='ltr'>visti.</span> <span class='ocrx_word' id='word_1_344' title='bbox 343 2966 386 2971; x_wconf 90' lang='lat'><strong>—</strong></span> <span class='ocrx_word' id='word_1_345' title='bbox 417 2948 529 2989; x_wconf 77' lang='lat' dir='ltr'>Quam</span> <span class='ocrx_word' id='word_1_346' title='bbox 555 2948 666 2991; x_wconf 80' lang='lat' dir='ltr'>longa</span> <span class='ocrx_word' id='word_1_347' title='bbox 691 2960 736 2981; x_wconf 87' lang='lat' dir='ltr'>sc.</span> <span class='ocrx_word' id='word_1_348' title='bbox 764 2954 814 2978; x_wconf 86' lang='lat' dir='ltr'>est</span> <span class='ocrx_word' id='word_1_349' title='bbox 837 2950 857 2978; x_wconf 91' lang='lat' dir='ltr'>i.</span> <span class='ocrx_word' id='word_1_350' title='bbox 875 2958 902 2979; x_wconf 87' lang='lat' dir='ltr'>e.</span> <span class='ocrx_word' id='word_1_351' title='bbox 928 2953 1026 2978; x_wconf 85' lang='lat' dir='ltr'>totam</span> 
     </span>
     <span class='ocr_line' id='line_1_61' title="bbox 225 2993 1025 3035; baseline 0.001 -12"><span class='ocrx_word' id='word_1_352' title='bbox 225 2995 263 3023; x_wconf 83' lang='lat' dir='ltr'>cf.</span> <span class='ocrx_word' id='word_1_353' title='bbox 299 2994 337 3031; x_wconf 75' lang='lat' dir='ltr'>S,</span> <span class='ocrx_word' id='word_1_354' title='bbox 372 2993 414 3024; x_wconf 77' lang='lat'>86</span> <span class='ocrx_word' id='word_1_355' title='bbox 462 2993 582 3035; x_wconf 78' lang='lat' dir='ltr'>Tybris</span> <span class='ocrx_word' id='word_1_356' title='bbox 625 3004 665 3025; x_wconf 85' lang='lat' dir='ltr'>ea</span> <span class='ocrx_word' id='word_1_357' title='bbox 695 2993 873 3035; x_wconf 82' lang='lat' dir='ltr'>fluvium,</span> <span class='ocrx_word' id='word_1_358' title='bbox 921 3002 1025 3033; x_wconf 81' lang='lat' dir='ltr'>quam</span> 
     </span>
    </p>
   </div>
   <div class='ocr_carea' id='block_1_14' title="bbox 1060 2951 1206 2985">
    <p class='ocr_par' dir='ltr' id='par_1_21' title="bbox 1060 2951 1206 2985">
     <span class='ocr_line' id='line_1_62' title="bbox 1060 2951 1206 2985; baseline 0 -8"><span class='ocrx_word' id='word_1_359' title='bbox 1060 2951 1206 2985; x_wconf 67' lang='lat' dir='ltr'>vbantur,</span> 
     </span>
    </p>
   </div>
   <div class='ocr_carea' id='block_1_15' title="bbox 1066 1219 1871 1851">
    <p class='ocr_par' dir='ltr' id='par_1_22' title="bbox 1069 1219 1871 1351">
     <span class='ocr_line' id='line_1_63' title="bbox 1070 1219 1871 1263; baseline -0.007 -12"><span class='ocrx_word' id='word_1_360' title='bbox 1070 1219 1181 1263; x_wconf 81' lang='lat' dir='ltr'>longa</span> <span class='ocrx_word' id='word_1_361' title='bbox 1208 1223 1257 1251; x_wconf 85' lang='lat' dir='ltr'>est</span> <span class='ocrx_word' id='word_1_362' title='bbox 1283 1222 1348 1256; x_wconf 80' lang='lat' dir='ltr'>(sc.</span> <span class='ocrx_word' id='word_1_363' title='bbox 1368 1228 1441 1250; x_wconf 88' lang='lat' dir='ltr'>esse</span> <span class='ocrx_word' id='word_1_364' title='bbox 1464 1219 1584 1257; x_wconf 81' lang='lat' dir='ltr'>solet),</span> <span class='ocrx_word' id='word_1_365' title='bbox 1610 1219 1709 1247; x_wconf 77' lang='lat' dir='ltr'>nocte</span> <span class='ocrx_word' id='word_1_366' title='bbox 1737 1219 1871 1246; x_wconf 81' lang='lat' dir='ltr'>lumen-</span> 
     </span>
     <span class='ocr_line' id='line_1_64' title="bbox 1069 1262 1870 1302; baseline -0.009 -5"><span class='ocrx_word' id='word_1_367' title='bbox 1069 1270 1134 1297; x_wconf 82' lang='lat' dir='ltr'>tem</span> <span class='ocrx_word' id='word_1_368' title='bbox 1166 1264 1293 1299; x_wconf 79' lang='lat' dir='ltr'>Leniit.</span> <span class='ocrx_word' id='word_1_369' title='bbox 1342 1268 1400 1296; x_wconf 80' lang='lat' dir='ltr'>Ov.</span> <span class='ocrx_word' id='word_1_370' title='bbox 1428 1267 1504 1295; x_wconf 87' lang='lat' dir='ltr'>Am.</span> <span class='ocrx_word' id='word_1_371' title='bbox 1531 1263 1560 1302; x_wconf 93' lang='grc'>1,</span> <span class='ocrx_word' id='word_1_372' title='bbox 1584 1262 1614 1300; x_wconf 82' lang='grc'>2,</span> <span class='ocrx_word' id='word_1_373' title='bbox 1635 1262 1653 1292; x_wconf 83' lang='grc'>3</span> <span class='ocrx_word' id='word_1_374' title='bbox 1681 1265 1713 1292; x_wconf 84' lang='lat' dir='ltr'>et</span> <span class='ocrx_word' id='word_1_375' title='bbox 1737 1270 1870 1291; x_wconf 80' lang='lat' dir='ltr'>vacuus</span> 
     </span>
     <span class='ocr_line' id='line_1_65' title="bbox 1070 1305 1810 1351; baseline -0.011 -8"><span class='ocrx_word' id='word_1_376' title='bbox 1070 1322 1188 1343; x_wconf 85' lang='lat' dir='ltr'>somno</span> <span class='ocrx_word' id='word_1_377' title='bbox 1214 1316 1360 1348; x_wconf 83' lang='lat' dir='ltr'>noctem,</span> <span class='ocrx_word' id='word_1_378' title='bbox 1390 1319 1493 1351; x_wconf 84' lang='lat' dir='ltr'>quam</span> <span class='ocrx_word' id='word_1_379' title='bbox 1525 1308 1648 1350; x_wconf 79' lang='lat' dir='ltr'>longa,</span> <span class='ocrx_word' id='word_1_380' title='bbox 1674 1305 1810 1348; x_wconf 80' lang='lat' dir='ltr'>peregi.</span> 
     </span>
    </p>

    <p class='ocr_par' dir='ltr' id='par_1_23' title="bbox 1069 1352 1871 1440">
     <span class='ocr_line' id='line_1_66' title="bbox 1115 1352 1871 1398; baseline -0.007 -11"><span class='ocrx_word' id='word_1_381' title='bbox 1115 1356 1190 1387; x_wconf 75' lang='lat'>194.</span> <span class='ocrx_word' id='word_1_382' title='bbox 1218 1365 1406 1398; x_wconf 83' lang='lat' dir='ltr'>regnorum</span> <span class='ocrx_word' id='word_1_383' title='bbox 1431 1355 1659 1393; x_wconf 78' lang='lat' dir='ltr'>immemores,</span> <span class='ocrx_word' id='word_1_384' title='bbox 1683 1355 1765 1383; x_wconf 88' lang='lat' dir='ltr'>Dido</span> <span class='ocrx_word' id='word_1_385' title='bbox 1779 1352 1871 1383; x_wconf 81' lang='lat' dir='ltr'>Afri-</span> 
     </span>
     <span class='ocr_line' id='line_1_67' title="bbox 1069 1403 1445 1440; baseline -0.008 -7"><span class='ocrx_word' id='word_1_386' title='bbox 1069 1411 1136 1440; x_wconf 86' lang='lat' dir='ltr'>cae,</span> <span class='ocrx_word' id='word_1_387' title='bbox 1163 1405 1295 1433; x_wconf 81' lang='lat' dir='ltr'>Aeneas</span> <span class='ocrx_word' id='word_1_388' title='bbox 1319 1403 1445 1432; x_wconf 86' lang='lat' dir='ltr'>Italiae.</span> 
     </span>
    </p>

    <p class='ocr_par' dir='ltr' id='par_1_24' title="bbox 1069 1442 1869 1532">
     <span class='ocr_line' id='line_1_68' title="bbox 1117 1442 1869 1486; baseline -0.005 -8"><span class='ocrx_word' id='word_1_389' title='bbox 1117 1447 1191 1478; x_wconf 88' lang='grc'><strong>195.</strong></span> <span class='ocrx_word' id='word_1_390' title='bbox 1216 1447 1253 1478; x_wconf 81' lang='lat' dir='ltr'>in</span> <span class='ocrx_word' id='word_1_391' title='bbox 1274 1457 1337 1478; x_wconf 87' lang='lat' dir='ltr'>ora</span> <span class='ocrx_word' id='word_1_392' title='bbox 1362 1446 1475 1477; x_wconf 87' lang='lat' dir='ltr'>virnm</span> <span class='ocrx_word' id='word_1_393' title='bbox 1503 1442 1692 1486; x_wconf 69' lang='lat' dir='ltr'>diffundit:</span> <span class='ocrx_word' id='word_1_394' title='bbox 1723 1447 1774 1474; x_wconf 89' lang='lat' dir='ltr'>Ita</span> <span class='ocrx_word' id='word_1_395' title='bbox 1798 1446 1869 1474; x_wconf 80' lang='lat' dir='ltr'>Ter.</span> 
     </span>
     <span class='ocr_line' id='line_1_69' title="bbox 1069 1487 1801 1532; baseline -0.007 -8"><span class='ocrx_word' id='word_1_396' title='bbox 1069 1496 1131 1524; x_wconf 76' lang='lat' dir='ltr'>Ad.</span> <span class='ocrx_word' id='word_1_397' title='bbox 1159 1493 1187 1531; x_wconf 88' lang='grc'>1,</span> <span class='ocrx_word' id='word_1_398' title='bbox 1212 1493 1242 1532; x_wconf 84' lang='grc'>2,</span> <span class='ocrx_word' id='word_1_399' title='bbox 1269 1492 1308 1522; x_wconf 85' lang='grc'><strong>13</strong></span> <span class='ocrx_word' id='word_1_400' title='bbox 1337 1492 1372 1523; x_wconf 87' lang='lat' dir='ltr'>in</span> <span class='ocrx_word' id='word_1_401' title='bbox 1395 1501 1452 1522; x_wconf 84' lang='lat' dir='ltr'>ore</span> <span class='ocrx_word' id='word_1_402' title='bbox 1479 1494 1527 1522; x_wconf 79' lang='lat' dir='ltr'>est</span> <span class='ocrx_word' id='word_1_403' title='bbox 1548 1487 1641 1521; x_wconf 84' lang='lat' dir='ltr'>omni</span> <span class='ocrx_word' id='word_1_404' title='bbox 1659 1488 1801 1530; x_wconf 79' lang='lat' dir='ltr'>populo.</span> 
     </span>
    </p>

    <p class='ocr_par' dir='ltr' id='par_1_25' title="bbox 1068 1538 1870 1661">
     <span class='ocr_line' id='line_1_70' title="bbox 1117 1538 1870 1573; baseline -0.005 -4"><span class='ocrx_word' id='word_1_405' title='bbox 1117 1538 1192 1569; x_wconf 76' lang='grc'><strong>196.</strong></span> <span class='ocrx_word' id='word_1_406' title='bbox 1224 1538 1346 1569; x_wconf 83' lang='lat' dir='ltr'>Iarbas</span> <span class='ocrx_word' id='word_1_407' title='bbox 1368 1548 1436 1573; x_wconf 83' lang='lat' dir='ltr'>rex,</span> <span class='ocrx_word' id='word_1_408' title='bbox 1461 1539 1516 1573; x_wconf 89' lang='lat' dir='ltr'>qui</span> <span class='ocrx_word' id='word_1_409' title='bbox 1533 1538 1688 1566; x_wconf 85' lang='lat' dir='ltr'>Didonem</span> <span class='ocrx_word' id='word_1_410' title='bbox 1710 1543 1870 1566; x_wconf 84' lang='lat' dir='ltr'>concessa</span> 
     </span>
     <span class='ocr_line' id='line_1_71' title="bbox 1068 1583 1869 1620; baseline -0.005 -5"><span class='ocrx_word' id='word_1_411' title='bbox 1068 1590 1156 1615; x_wconf 86' lang='lat' dir='ltr'>terra</span> <span class='ocrx_word' id='word_1_412' title='bbox 1182 1587 1215 1614; x_wconf 87' lang='lat' dir='ltr'>in</span> <span class='ocrx_word' id='word_1_413' title='bbox 1240 1586 1479 1615; x_wconf 81' lang='lat' dir='ltr'>matrimonium</span> <span class='ocrx_word' id='word_1_414' title='bbox 1508 1583 1613 1620; x_wconf 83' lang='lat' dir='ltr'>petiit,</span> <span class='ocrx_word' id='word_1_415' title='bbox 1653 1583 1711 1612; x_wconf 82' lang='lat' dir='ltr'>sed</span> <span class='ocrx_word' id='word_1_416' title='bbox 1741 1586 1869 1618; x_wconf 85' lang='lat' dir='ltr'>spretus</span> 
     </span>
     <span class='ocr_line' id='line_1_72' title="bbox 1068 1636 1126 1661; baseline 0.017 -1"><span class='ocrx_word' id='word_1_417' title='bbox 1068 1636 1126 1661; x_wconf 87' lang='lat' dir='ltr'>est.</span> 
     </span>
    </p>

    <p class='ocr_par' dir='ltr' id='par_1_26' title="bbox 1066 1671 1871 1851">
     <span class='ocr_line' id='line_1_73' title="bbox 1116 1671 1871 1714; baseline -0.003 -9"><span class='ocrx_word' id='word_1_418' title='bbox 1116 1674 1190 1705; x_wconf 88' lang='lat'>197.</span> <span class='ocrx_word' id='word_1_419' title='bbox 1217 1673 1370 1705; x_wconf 83' lang='lat' dir='ltr'>incendit</span> <span class='ocrx_word' id='word_1_420' title='bbox 1395 1671 1549 1704; x_wconf 83' lang='lat' dir='ltr'>animum</span> <span class='ocrx_word' id='word_1_421' title='bbox 1577 1675 1684 1712; x_wconf 80' lang='lat' dir='ltr'>atque</span> <span class='ocrx_word' id='word_1_422' title='bbox 1713 1675 1871 1714; x_wconf 78' lang='lat' dir='ltr'>aggerat</span> 
     </span>
     <span class='ocr_line' id='line_1_74' title="bbox 1068 1719 1868 1756; baseline -0.004 -5"><span class='ocrx_word' id='word_1_423' title='bbox 1068 1719 1159 1751; x_wconf 81' lang='lat' dir='ltr'>iras.-</span> <span class='ocrx_word' id='word_1_424' title='bbox 1207 1723 1295 1756; x_wconf 86' lang='lat' dir='ltr'>Quas</span> <span class='ocrx_word' id='word_1_425' title='bbox 1327 1722 1393 1750; x_wconf 86' lang='lat' dir='ltr'>iam</span> <span class='ocrx_word' id='word_1_426' title='bbox 1424 1729 1466 1750; x_wconf 84' lang='lat' dir='ltr'>ex</span> <span class='ocrx_word' id='word_1_427' title='bbox 1503 1721 1636 1755; x_wconf 88' lang='lat' dir='ltr'>repulsa</span> <span class='ocrx_word' id='word_1_428' title='bbox 1669 1723 1868 1756; x_wconf 84' lang='lat' dir='ltr'>conceperat,</span> 
     </span>
     <span class='ocr_line' id='line_1_75' title="bbox 1066 1765 1868 1804; baseline -0.002 -8"><span class='ocrx_word' id='word_1_429' title='bbox 1066 1772 1159 1804; x_wconf 80' lang='lat' dir='ltr'>auget</span> <span class='ocrx_word' id='word_1_430' title='bbox 1178 1768 1256 1804; x_wconf 75' lang='lat' dir='ltr'>iras,</span> <span class='ocrx_word' id='word_1_431' title='bbox 1277 1769 1360 1801; x_wconf 79' lang='lat' dir='ltr'>quod</span> <span class='ocrx_word' id='word_1_432' title='bbox 1384 1766 1563 1801; x_wconf 83' lang='lat' dir='ltr'>praefertur</span> <span class='ocrx_word' id='word_1_433' title='bbox 1591 1765 1680 1794; x_wconf 85' lang='lat' dir='ltr'>alius</span> <span class='ocrx_word' id='word_1_434' title='bbox 1703 1769 1734 1794; x_wconf 86' lang='lat' dir='ltr'>et</span> <span class='ocrx_word' id='word_1_435' title='bbox 1756 1766 1868 1802; x_wconf 80' lang='lat' dir='ltr'>multo,</span> 
     </span>
     <span class='ocr_line' id='line_1_76' title="bbox 1066 1813 1395 1851; baseline -0.006 -9"><span class='ocrx_word' id='word_1_436' title='bbox 1066 1819 1099 1842; x_wconf 89' lang='lat' dir='ltr'>ut</span> <span class='ocrx_word' id='word_1_437' title='bbox 1124 1818 1221 1851; x_wconf 84' lang='lat' dir='ltr'>putat,</span> <span class='ocrx_word' id='word_1_438' title='bbox 1253 1813 1395 1841; x_wconf 82' lang='lat' dir='ltr'>inferior.</span> 
     </span>
    </p>
   </div>
   <div class='ocr_carea' id='block_1_16' title="bbox 1193 1885 1755 1922">
    <p class='ocr_par' dir='ltr' id='par_1_27' title="bbox 1193 1885 1755 1922">
     <span class='ocr_line' id='line_1_77' title="bbox 1193 1885 1755 1922; baseline -0.009 0"><span class='ocrx_word' id='word_1_439' title='bbox 1193 1890 1256 1921; x_wconf 75' lang='lat'>198</span> <span class='ocrx_word' id='word_1_440' title='bbox 1274 1908 1318 1911; x_wconf 87' lang='lat'>—</span> <span class='ocrx_word' id='word_1_441' title='bbox 1334 1889 1413 1922; x_wconf 76' lang='lat'>218.</span> <span class='ocrx_word' id='word_1_442' title='bbox 1462 1889 1591 1920; x_wconf 86' lang='lat' dir='ltr'>Preces</span> <span class='ocrx_word' id='word_1_443' title='bbox 1622 1885 1755 1918; x_wconf 78' lang='lat' dir='ltr'>Iarbae.</span> 
     </span>
    </p>
   </div>
   <div class='ocr_carea' id='block_1_17' title="bbox 1070 1946 1871 2229">
    <p class='ocr_par' dir='ltr' id='par_1_28' title="bbox 1070 1946 1871 2123">
     <span class='ocr_line' id='line_1_78' title="bbox 1118 1946 1870 1983; baseline -0.005 -5"><span class='ocrx_word' id='word_1_444' title='bbox 1118 1947 1192 1978; x_wconf 78' lang='lat'>198.</span> <span class='ocrx_word' id='word_1_445' title='bbox 1219 1950 1325 1978; x_wconf 86' lang='lat' dir='ltr'>Filius</span> <span class='ocrx_word' id='word_1_446' title='bbox 1350 1953 1397 1978; x_wconf 86' lang='lat' dir='ltr'>est</span> <span class='ocrx_word' id='word_1_447' title='bbox 1420 1948 1512 1977; x_wconf 81' lang='lat' dir='ltr'>Iovis</span> <span class='ocrx_word' id='word_1_448' title='bbox 1539 1948 1748 1983; x_wconf 87' lang='lat' dir='ltr'>Hammonis,</span> <span class='ocrx_word' id='word_1_449' title='bbox 1775 1946 1870 1976; x_wconf 90' lang='lat' dir='ltr'>cuius</span> 
     </span>
     <span class='ocr_line' id='line_1_79' title="bbox 1071 1993 1870 2030; baseline -0.004 -7"><span class='ocrx_word' id='word_1_450' title='bbox 1071 1994 1105 2023; x_wconf 90' lang='lat' dir='ltr'>in</span> <span class='ocrx_word' id='word_1_451' title='bbox 1130 1996 1238 2030; x_wconf 79' lang='lat' dir='ltr'>Libya</span> <span class='ocrx_word' id='word_1_452' title='bbox 1263 1997 1389 2025; x_wconf 79' lang='lat' dir='ltr'>celebre</span> <span class='ocrx_word' id='word_1_453' title='bbox 1414 1995 1582 2023; x_wconf 87' lang='lat' dir='ltr'>oraculum</span> <span class='ocrx_word' id='word_1_454' title='bbox 1606 1996 1692 2029; x_wconf 84' lang='lat' dir='ltr'>erat,</span> <span class='ocrx_word' id='word_1_455' title='bbox 1723 2001 1740 2021; x_wconf 91' lang='lat' dir='ltr'>e</span> <span class='ocrx_word' id='word_1_456' title='bbox 1766 1993 1870 2022; x_wconf 85' lang='lat' dir='ltr'>Gara-</span> 
     </span>
     <span class='ocr_line' id='line_1_80' title="bbox 1071 2041 1871 2077; baseline -0.004 -8"><span class='ocrx_word' id='word_1_457' title='bbox 1071 2041 1212 2069; x_wconf 86' lang='lat' dir='ltr'>mantide</span> <span class='ocrx_word' id='word_1_458' title='bbox 1261 2043 1417 2077; x_wconf 74' lang='lat' dir='ltr'>nympha.</span> <span class='ocrx_word' id='word_1_459' title='bbox 1493 2041 1708 2069; x_wconf 82' lang='lat' dir='ltr'>Garamantes</span> <span class='ocrx_word' id='word_1_460' title='bbox 1763 2042 1871 2067; x_wconf 83' lang='lat' dir='ltr'>autem</span> 
     </span>
     <span class='ocr_line' id='line_1_81' title="bbox 1070 2086 1319 2123; baseline 0 -8"><span class='ocrx_word' id='word_1_461' title='bbox 1070 2094 1149 2123; x_wconf 81' lang='lat' dir='ltr'>gens</span> <span class='ocrx_word' id='word_1_462' title='bbox 1175 2086 1319 2116; x_wconf 82' lang='lat' dir='ltr'>Africae.</span> 
     </span>
    </p>

    <p class='ocr_par' dir='ltr' id='par_1_29' title="bbox 1071 2136 1870 2229">
     <span class='ocr_line' id='line_1_82' title="bbox 1119 2136 1870 2182; baseline -0.005 -12"><span class='ocrx_word' id='word_1_463' title='bbox 1119 2139 1194 2171; x_wconf 78' lang='lat'>199.</span> <span class='ocrx_word' id='word_1_464' title='bbox 1222 2140 1298 2172; x_wconf 79' lang='lat' dir='ltr'>lata</span> <span class='ocrx_word' id='word_1_465' title='bbox 1332 2150 1447 2182; x_wconf 73' lang='lat' dir='ltr'>regna</span> <span class='ocrx_word' id='word_1_466' title='bbox 1483 2141 1521 2171; x_wconf 83' lang='lat' dir='ltr'>cf.</span> <span class='ocrx_word' id='word_1_467' title='bbox 1556 2139 1590 2178; x_wconf 94' lang='grc'>1,</span> <span class='ocrx_word' id='word_1_468' title='bbox 1617 2138 1658 2167; x_wconf 77' lang='lat'>25</span> <span class='ocrx_word' id='word_1_469' title='bbox 1693 2136 1764 2168; x_wconf 82' lang='lat' dir='ltr'>lale</span> <span class='ocrx_word' id='word_1_470' title='bbox 1800 2147 1870 2168; x_wconf 72' lang='lat' dir='ltr'>rer.</span> 
     </span>
     <span class='ocr_line' id='line_1_83' title="bbox 1071 2183 1811 2229; baseline -0.004 -12"><span class='ocrx_word' id='word_1_471' title='bbox 1071 2190 1121 2218; x_wconf 87' lang='lat' dir='ltr'>Ita</span> <span class='ocrx_word' id='word_1_472' title='bbox 1147 2186 1222 2217; x_wconf 84' lang='lat' dir='ltr'>lata</span> <span class='ocrx_word' id='word_1_473' title='bbox 1248 2197 1361 2229; x_wconf 81' lang='lat' dir='ltr'>regna</span> <span class='ocrx_word' id='word_1_474' title='bbox 1387 2188 1468 2216; x_wconf 76' lang='lat' dir='ltr'>dixit</span> <span class='ocrx_word' id='word_1_475' title='bbox 1492 2189 1565 2215; x_wconf 87' lang='lat' dir='ltr'>Sen.</span> <span class='ocrx_word' id='word_1_476' title='bbox 1593 2187 1706 2214; x_wconf 76' lang='lat' dir='ltr'>Troac.</span> <span class='ocrx_word' id='word_1_477' title='bbox 1733 2183 1811 2214; x_wconf 78' lang='lat'>881.</span> 
     </span>
    </p>
   </div>
   <div class='ocr_carea' id='block_1_18' title="bbox 1071 2241 1871 2693">
    <p class='ocr_par' dir='ltr' id='par_1_30' title="bbox 1071 2241 1871 2693">
     <span class='ocr_line' id='line_1_84' title="bbox 1118 2241 1871 2279; baseline -0.003 -7"><span class='ocrx_word' id='word_1_478' title='bbox 1118 2243 1194 2272; x_wconf 74' lang='lat'>200.</span> <span class='ocrx_word' id='word_1_479' title='bbox 1227 2241 1346 2273; x_wconf 78' lang='lat' dir='ltr'>Posuit</span> <span class='ocrx_word' id='word_1_480' title='bbox 1373 2244 1545 2279; x_wconf 84' lang='lat' dir='ltr'>perfectum</span> <span class='ocrx_word' id='word_1_481' title='bbox 1571 2244 1659 2270; x_wconf 89' lang='lat' dir='ltr'>nullo</span> <span class='ocrx_word' id='word_1_482' title='bbox 1691 2243 1794 2271; x_wconf 83' lang='lat' dir='ltr'>relatu</span> <span class='ocrx_word' id='word_1_483' title='bbox 1822 2241 1871 2270; x_wconf 85' lang='lat' dir='ltr'>di-</span> 
     </span>
     <span class='ocr_line' id='line_1_85' title="bbox 1071 2288 1869 2325; baseline -0.004 -6"><span class='ocrx_word' id='word_1_484' title='bbox 1071 2295 1154 2319; x_wconf 87' lang='lat' dir='ltr'>ctum</span> <span class='ocrx_word' id='word_1_485' title='bbox 1179 2290 1217 2319; x_wconf 84' lang='lat' dir='ltr'>cf.</span> <span class='ocrx_word' id='word_1_486' title='bbox 1246 2289 1276 2325; x_wconf 77' lang='grc'>6,</span> <span class='ocrx_word' id='word_1_487' title='bbox 1301 2288 1383 2325; x_wconf 65' lang='lat'>524;</span> <span class='ocrx_word' id='word_1_488' title='bbox 1411 2290 1613 2317; x_wconf 75' lang='lat' dir='ltr'>sacraverat</span> <span class='ocrx_word' id='word_1_489' title='bbox 1639 2289 1745 2323; x_wconf 78' lang='lat' dir='ltr'>plusq.</span> <span class='ocrx_word' id='word_1_490' title='bbox 1772 2289 1813 2316; x_wconf 82' lang='lat' dir='ltr'>ad</span> <span class='ocrx_word' id='word_1_491' title='bbox 1836 2295 1869 2316; x_wconf 80' lang='lat' dir='ltr'>v.</span> 
     </span>
     <span class='ocr_line' id='line_1_86' title="bbox 1074 2334 1869 2370; baseline -0.001 -8"><span class='ocrx_word' id='word_1_492' title='bbox 1074 2334 1138 2363; x_wconf 79' lang='lat'>203</span> <span class='ocrx_word' id='word_1_493' title='bbox 1164 2339 1295 2370; x_wconf 86' lang='lat' dir='ltr'>spectat.</span> <span class='ocrx_word' id='word_1_494' title='bbox 1344 2336 1520 2369; x_wconf 80' lang='lat' dir='ltr'>Utrumque</span> <span class='ocrx_word' id='word_1_495' title='bbox 1550 2338 1675 2368; x_wconf 87' lang='lat' dir='ltr'>tempus</span> <span class='ocrx_word' id='word_1_496' title='bbox 1701 2338 1786 2363; x_wconf 89' lang='lat' dir='ltr'>recte</span> <span class='ocrx_word' id='word_1_497' title='bbox 1811 2341 1869 2368; x_wconf 89' lang='lat' dir='ltr'>po-</span> 
     </span>
     <span class='ocr_line' id='line_1_87' title="bbox 1073 2378 1871 2416; baseline -0.003 -7"><span class='ocrx_word' id='word_1_498' title='bbox 1073 2381 1171 2409; x_wconf 86' lang='lat' dir='ltr'>situm</span> <span class='ocrx_word' id='word_1_499' title='bbox 1203 2385 1269 2416; x_wconf 85' lang='lat' dir='ltr'>est,</span> <span class='ocrx_word' id='word_1_500' title='bbox 1303 2385 1332 2409; x_wconf 88' lang='lat' dir='ltr'>et</span> <span class='ocrx_word' id='word_1_501' title='bbox 1362 2385 1456 2415; x_wconf 83' lang='lat' dir='ltr'>poeta</span> <span class='ocrx_word' id='word_1_502' title='bbox 1481 2388 1537 2415; x_wconf 86' lang='lat' dir='ltr'>pro</span> <span class='ocrx_word' id='word_1_503' title='bbox 1563 2381 1732 2408; x_wconf 80' lang='lat' dir='ltr'>voluntate</span> <span class='ocrx_word' id='word_1_504' title='bbox 1756 2378 1871 2407; x_wconf 84' lang='lat' dir='ltr'>varia-</span> 
     </span>
     <span class='ocr_line' id='line_1_88' title="bbox 1072 2425 1867 2461; baseline -0.001 -7"><span class='ocrx_word' id='word_1_505' title='bbox 1072 2426 1130 2454; x_wconf 73' lang='lat' dir='ltr'>vit.</span> <span class='ocrx_word' id='word_1_506' title='bbox 1157 2441 1194 2445; x_wconf 92' lang='lat'>—</span> <span class='ocrx_word' id='word_1_507' title='bbox 1222 2426 1313 2461; x_wconf 80' lang='lat' dir='ltr'>Ignis</span> <span class='ocrx_word' id='word_1_508' title='bbox 1337 2426 1370 2454; x_wconf 89' lang='lat' dir='ltr'>in</span> <span class='ocrx_word' id='word_1_509' title='bbox 1395 2425 1586 2454; x_wconf 84' lang='lat' dir='ltr'>Hammonis</span> <span class='ocrx_word' id='word_1_510' title='bbox 1611 2427 1726 2459; x_wconf 84' lang='lat' dir='ltr'>templo</span> <span class='ocrx_word' id='word_1_511' title='bbox 1755 2432 1867 2460; x_wconf 84' lang='lat' dir='ltr'>perpe-</span> 
     </span>
     <span class='ocr_line' id='line_1_89' title="bbox 1072 2469 1867 2511; baseline -0.001 -12"><span class='ocrx_word' id='word_1_512' title='bbox 1072 2477 1146 2500; x_wconf 88' lang='lat' dir='ltr'>tuus</span> <span class='ocrx_word' id='word_1_513' title='bbox 1184 2469 1296 2511; x_wconf 73' lang='lat' dir='ltr'>(vig-i!</span> <span class='ocrx_word' id='word_1_514' title='bbox 1337 2472 1375 2501; x_wconf 82' lang='lat' dir='ltr'>cf.</span> <span class='ocrx_word' id='word_1_515' title='bbox 1408 2470 1444 2500; x_wconf 77' lang='lat'>8.</span> <span class='ocrx_word' id='word_1_516' title='bbox 1473 2469 1560 2507; x_wconf 79' lang='lat'>410]</span> <span class='ocrx_word' id='word_1_517' title='bbox 1601 2474 1752 2500; x_wconf 82' lang='lat' dir='ltr'>sacratus</span> <span class='ocrx_word' id='word_1_518' title='bbox 1789 2474 1867 2507; x_wconf 84' lang='lat' dir='ltr'>erat,</span> 
     </span>
     <span class='ocr_line' id='line_1_90' title="bbox 1072 2515 1868 2551; baseline -0.003 -6"><span class='ocrx_word' id='word_1_519' title='bbox 1072 2525 1166 2551; x_wconf 83' lang='lat' dir='ltr'>quem</span> <span class='ocrx_word' id='word_1_520' title='bbox 1199 2522 1231 2545; x_wconf 93' lang='lat' dir='ltr'>ut</span> <span class='ocrx_word' id='word_1_521' title='bbox 1268 2521 1435 2546; x_wconf 78' lang='lat' dir='ltr'>servarent</span> <span class='ocrx_word' id='word_1_522' title='bbox 1469 2517 1616 2546; x_wconf 85' lang='lat' dir='ltr'>custodes</span> <span class='ocrx_word' id='word_1_523' title='bbox 1651 2520 1744 2544; x_wconf 86' lang='lat' dir='ltr'>erant</span> <span class='ocrx_word' id='word_1_524' title='bbox 1774 2515 1868 2544; x_wconf 80' lang='lat' dir='ltr'>insti-</span> 
     </span>
     <span class='ocr_line' id='line_1_91' title="bbox 1073 2561 1870 2592; baseline -0.001 -2"><span class='ocrx_word' id='word_1_525' title='bbox 1073 2562 1190 2591; x_wconf 80' lang='lat' dir='ltr'>tuendi.</span> <span class='ocrx_word' id='word_1_526' title='bbox 1247 2563 1460 2592; x_wconf 82' lang='lat' dir='ltr'>Centenarius</span> <span class='ocrx_word' id='word_1_527' title='bbox 1497 2569 1651 2591; x_wconf 83' lang='lat' dir='ltr'>numerus</span> <span class='ocrx_word' id='word_1_528' title='bbox 1688 2561 1722 2590; x_wconf 87' lang='lat' dir='ltr'>in</span> <span class='ocrx_word' id='word_1_529' title='bbox 1764 2561 1870 2590; x_wconf 79' lang='lat' dir='ltr'>sacris</span> 
     </span>
     <span class='ocr_line' id='line_1_92' title="bbox 1073 2602 1867 2644; baseline -0.004 -8"><span class='ocrx_word' id='word_1_530' title='bbox 1073 2608 1241 2637; x_wconf 84' lang='lat' dir='ltr'>sollemnis</span> <span class='ocrx_word' id='word_1_531' title='bbox 1267 2608 1305 2638; x_wconf 88' lang='lat' dir='ltr'>cf.</span> <span class='ocrx_word' id='word_1_532' title='bbox 1337 2607 1363 2644; x_wconf 90' lang='lat'>1,</span> <span class='ocrx_word' id='word_1_533' title='bbox 1391 2605 1467 2636; x_wconf 81' lang='lat'>417.</span> <span class='ocrx_word' id='word_1_534' title='bbox 1499 2610 1534 2636; x_wconf 82' lang='lat' dir='ltr'>G.</span> <span class='ocrx_word' id='word_1_535' title='bbox 1557 2606 1586 2644; x_wconf 89' lang='grc'>3,</span> <span class='ocrx_word' id='word_1_536' title='bbox 1608 2603 1661 2635; x_wconf 75' lang='grc'><strong>18.</strong></span> <span class='ocrx_word' id='word_1_537' title='bbox 1686 2606 1743 2635; x_wconf 85' lang='lat' dir='ltr'>Sil.</span> <span class='ocrx_word' id='word_1_538' title='bbox 1762 2602 1792 2643; x_wconf 92' lang='lat'>1,</span> <span class='ocrx_word' id='word_1_539' title='bbox 1814 2603 1867 2634; x_wconf 77' lang='lat'>92.</span> 
     </span>
     <span class='ocr_line' id='line_1_93' title="bbox 1071 2647 1340 2693; baseline 0 -11"><span class='ocrx_word' id='word_1_540' title='bbox 1071 2653 1117 2682; x_wconf 85' lang='lat' dir='ltr'>Cf.</span> <span class='ocrx_word' id='word_1_541' title='bbox 1144 2647 1340 2693; x_wconf 73' lang='grc' dir='ltr'><strong>ἑκατόμβη.</strong></span> 
     </span>
    </p>
   </div>
   <div class='ocr_carea' id='block_1_19' title="bbox 1070 2707 1873 2791">
    <p class='ocr_par' dir='ltr' id='par_1_31' title="bbox 1070 2707 1873 2791">
     <span class='ocr_line' id='line_1_94' title="bbox 1117 2707 1873 2739; baseline -0.001 -2"><span class='ocrx_word' id='word_1_542' title='bbox 1117 2708 1191 2739; x_wconf 80' lang='grc'><strong>201.</strong></span> <span class='ocrx_word' id='word_1_543' title='bbox 1224 2707 1400 2739; x_wconf 71' lang='lat' dir='ltr'>Escubias</span> <span class='ocrx_word' id='word_1_544' title='bbox 1429 2707 1544 2738; x_wconf 82' lang='lat' dir='ltr'>divom</span> <span class='ocrx_word' id='word_1_545' title='bbox 1570 2710 1732 2738; x_wconf 83' lang='lat' dir='ltr'>aeternas</span> <span class='ocrx_word' id='word_1_546' title='bbox 1761 2707 1873 2736; x_wconf 81' lang='lat' dir='ltr'>defini-</span> 
     </span>
     <span class='ocr_line' id='line_1_95' title="bbox 1070 2756 1526 2791; baseline -0.004 -7"><span class='ocrx_word' id='word_1_547' title='bbox 1070 2756 1112 2784; x_wconf 91' lang='lat' dir='ltr'>tio</span> <span class='ocrx_word' id='word_1_548' title='bbox 1134 2761 1181 2784; x_wconf 90' lang='lat' dir='ltr'>est</span> <span class='ocrx_word' id='word_1_549' title='bbox 1204 2757 1328 2784; x_wconf 81' lang='lat' dir='ltr'>aeterni</span> <span class='ocrx_word' id='word_1_550' title='bbox 1350 2756 1469 2791; x_wconf 69' lang='lat' dir='ltr'>ignis.“</span> <span class='ocrx_word' id='word_1_551' title='bbox 1494 2757 1526 2783; x_wconf 89' lang='lat' dir='ltr'>S.</span> 
     </span>
    </p>
   </div>
   <div class='ocr_carea' id='block_1_20' title="bbox 1072 2808 1873 3032">
    <p class='ocr_par' dir='ltr' id='par_1_32' title="bbox 1072 2808 1873 3032">
     <span class='ocr_line' id='line_1_96' title="bbox 1118 2808 1873 2847; baseline -0.007 -6"><span class='ocrx_word' id='word_1_552' title='bbox 1118 2810 1193 2840; x_wconf 78' lang='lat'>202.</span> <span class='ocrx_word' id='word_1_553' title='bbox 1225 2810 1364 2847; x_wconf 76' lang='lat' dir='ltr'>Solum,</span> <span class='ocrx_word' id='word_1_554' title='bbox 1401 2809 1525 2840; x_wconf 80' lang='lat' dir='ltr'>limina</span> <span class='ocrx_word' id='word_1_555' title='bbox 1564 2808 1760 2838; x_wconf 78' lang='lat' dir='ltr'>nominativi</span> <span class='ocrx_word' id='word_1_556' title='bbox 1787 2812 1873 2837; x_wconf 83' lang='lat' dir='ltr'>-sunt</span> 
     </span>
     <span class='ocr_line' id='line_1_97' title="bbox 1072 2855 1870 2892; baseline -0.006 -5"><span class='ocrx_word' id='word_1_557' title='bbox 1072 2857 1110 2887; x_wconf 84' lang='lat' dir='ltr'>cf.</span> <span class='ocrx_word' id='word_1_558' title='bbox 1131 2856 1162 2890; x_wconf 78' lang='lat'>2,</span> <span class='ocrx_word' id='word_1_559' title='bbox 1186 2855 1261 2886; x_wconf 82' lang='lat'>170.</span> <span class='ocrx_word' id='word_1_560' title='bbox 1311 2860 1414 2892; x_wconf 81' lang='lat' dir='ltr'>Saepe</span> <span class='ocrx_word' id='word_1_561' title='bbox 1437 2857 1470 2885; x_wconf 87' lang='lat' dir='ltr'>in</span> <span class='ocrx_word' id='word_1_562' title='bbox 1495 2857 1538 2884; x_wconf 91' lang='lat' dir='ltr'>iis</span> <span class='ocrx_word' id='word_1_563' title='bbox 1562 2855 1718 2884; x_wconf 77' lang='lat' dir='ltr'>victimae</span> <span class='ocrx_word' id='word_1_564' title='bbox 1743 2858 1870 2884; x_wconf 79' lang='lat' dir='ltr'>macta-</span> 
     </span>
     <span class='ocr_line' id='line_1_98' title="bbox 1072 2900 1868 2933; baseline -0.005 -1"><span class='ocrx_word' id='word_1_565' title='bbox 1072 2905 1189 2933; x_wconf 83' lang='lat' dir='ltr'>bantur</span> <span class='ocrx_word' id='word_1_566' title='bbox 1217 2907 1245 2932; x_wconf 87' lang='lat' dir='ltr'>et</span> <span class='ocrx_word' id='word_1_567' title='bbox 1274 2903 1391 2932; x_wconf 85' lang='lat' dir='ltr'>limina</span> <span class='ocrx_word' id='word_1_568' title='bbox 1423 2902 1553 2931; x_wconf 80' lang='lat' dir='ltr'>floribus</span> <span class='ocrx_word' id='word_1_569' title='bbox 1583 2904 1613 2929; x_wconf 88' lang='lat' dir='ltr'>et</span> <span class='ocrx_word' id='word_1_570' title='bbox 1643 2900 1739 2929; x_wconf 88' lang='lat' dir='ltr'>sertis</span> <span class='ocrx_word' id='word_1_571' title='bbox 1770 2906 1868 2929; x_wconf 68' lang='lat' dir='ltr'>orna-</span> 
     </span>
     <span class='ocr_line' id='line_1_99' title="bbox 1245 2945 1871 2983; baseline -0.008 -5"><span class='ocrx_word' id='word_1_572' title='bbox 1245 2950 1328 2983; x_wconf 87' lang='lat' dir='ltr'>quod</span> <span class='ocrx_word' id='word_1_573' title='bbox 1358 2952 1527 2982; x_wconf 82' lang='lat' dir='ltr'>utrumque</span> <span class='ocrx_word' id='word_1_574' title='bbox 1558 2946 1651 2975; x_wconf 83' lang='lat' dir='ltr'>fiebat</span> <span class='ocrx_word' id='word_1_575' title='bbox 1684 2945 1778 2974; x_wconf 83' lang='lat' dir='ltr'>festis</span> <span class='ocrx_word' id='word_1_576' title='bbox 1802 2945 1871 2974; x_wconf 81' lang='lat' dir='ltr'>die-</span> 
     </span>
     <span class='ocr_line' id='line_1_100' title="bbox 1073 2988 1732 3032; baseline -0.006 -9"><span class='ocrx_word' id='word_1_577' title='bbox 1073 2997 1144 3031; x_wconf 83' lang='lat' dir='ltr'>bus,</span> <span class='ocrx_word' id='word_1_578' title='bbox 1169 2998 1204 3023; x_wconf 85' lang='lat' dir='ltr'>ut</span> <span class='ocrx_word' id='word_1_579' title='bbox 1232 2991 1259 3032; x_wconf 89' lang='grc'>1,</span> <span class='ocrx_word' id='word_1_580' title='bbox 1285 2991 1361 3022; x_wconf 86' lang='lat'>417.</span> <span class='ocrx_word' id='word_1_581' title='bbox 1391 3008 1428 3014; x_wconf 84' lang='lat'>-</span> <span class='ocrx_word' id='word_1_582' title='bbox 1451 2989 1587 3032; x_wconf 83' lang='lat' dir='ltr'>pingue</span> <span class='ocrx_word' id='word_1_583' title='bbox 1611 2990 1651 3020; x_wconf 80' lang='lat' dir='ltr'>cf.</span> <span class='ocrx_word' id='word_1_584' title='bbox 1678 2988 1732 3020; x_wconf 80' lang='lat'>62.</span> 
     </span>
    </p>
   </div>
   <div class='ocr_carea' id='block_1_21' title="bbox 1947 0 2005 2298">
    <p class='ocr_par' dir='ltr' id='par_1_33' title="bbox 1947 0 2005 2298">
     <span class='ocr_line' id='line_1_101' title="bbox 1947 0 2005 2298; baseline 0 0"><span class='ocrx_word' id='word_1_585' title='bbox 1947 0 2005 2298; x_wconf 95' lang='lat' dir='ltr'> </span> 
     </span>
    </p>
   </div>
  </div>
 </body>
</html>
