2023 3350
723 125 955 159 AENEmos
982 127 1065 162 Lm.
1095 127 1168 160 xii.
1679 127 1759 167 633

137 239 372 282 Condicio?
413 252 582 294 possem
618 240 763 281 tantos
798 238 919 281 finire
960 239 1131 282 dolores

1677 241 1761 280 880

137 297 261 339 Nunc
295 301 429 347 certe,
465 299 508 337 et
543 294 699 338 misero
738 296 864 338 fratri
904 312 1043 339 comes
1078 297 1141 338 ire
1171 310 1248 350 per
1280 295 1465 339 umbras.

136 355 395 396 Immortalis
433 352 539 407 ego?
577 358 654 395 aut
693 355 928 409 quidquam
966 355 1072 396 mihi
1107 354 1230 395 dulce
1269 368 1460 396 meorum

136 412 194 454 Te
229 412 336 460 sine,
372 410 524 461 frater,
565 411 674 453 erit?
733 412 766 454 O

807 427 916 466 quae
957 412 1062 454 satis
1099 412 1186 453 ima
1226 411 1419 454 dehiscat

136 470 270 511 Terra
301 468 423 518 mihi,
461 468 696 523 Manesque
736 469 860 511 deam
897 470 1098 511 demittat
1129 468 1184 510 ad
1215 468 1352 510 imos‘?

137 527 319 569 Tantum
355 525 486 567 effata
526 531 656 580 caput
686 527 837 580 glauco
873 527 1062 569 contexit
1094 526 1253 567 amictu

1681 527 1763 567 885

136 584 274 626 Multa
307 597 476 637 gemens
513 587 555 625 et
589 599 632 626 se
662 584 788 627 fluvio
822 584 904 626 dea
941 582 1135 626 condidit
1173 583 1274 624 alto.

250 641 416 682 Aeneas
453 641 588 683 instat
630 646 797 693 contra,
832 642 1050 695 telumque
1085 643 1284 681 coruscat

135 699 290 752 Ingens
323 698 567 750 arboreum,
603 703 645 741 et
681 713 807 741 saevo
845 700 907 740 sic
938 702 1111 752 pectore
1143 697 1285 738 fatur:

137 756 253 807 Quae
290 770 402 798 nunc
442 756 594 798 deinde
628 771 750 799 mora
786 757 875 798 est?
914 760 990 798 aut
1024 755 1128 809 quid
1157 755 1263 806 iam
1300 752 1454 805 Turne,
1498 754 1740 796 retractas?

134 813 231 855 Non
269 827 416 865 cursu,
450 815 587 856 saevis
624 814 875 856 certandum
909 817 974 855 est
1011 812 1245 854 comminus
1278 811 1422 853 armis

1684 814 1767 854 890

135 871 266 913 Verte
301 885 447 913 omnes
479 875 567 913 tete
601 872 645 913 in
683 871 815 913 facies
852 874 895 913 et
926 869 1132 912 contrahe
1165 867 1377 934 quidquid

137 928 234 971 Sive
264 929 416 970 animis
450 929 537 971 sive
575 933 669 970 alte
704 929 841 981 vales3
881 932 984 983 opta
1023 928 1160 970 ardua
1188 927 1338 982 pennis

137 987 268 1029 Astra
305 987 443 1040 sequi,
482 987 759 1040 clausumque
804 1000 908 1028 cava
945 990 987 1027 te
1025 986 1207 1028 condere
1238 989 1365 1027 teira.

137 1043 214 1086 Ille
250 1048 380 1098 caput
411 1058 639 1098 quassans,
676 1045 772 1086 Non
812 1058 880 1086 me
917 1048 993 1086 tua
1026 1043 1192 1085 fervida
1227 1044 1394 1085 terrent

138 1101 282 1153 Dicta,
321 1101 458 1153 fer0x3
503 1101 547 1143 di
585 1101 645 1143 mi
677 1106 843 1144 terrent
874 1106 916 1144 et
951 1101 1144 1156 Iuppiter
1180 1100 1328 1143 hostis.

137 1159 226 1201 Nec
265 1158 392 1213 plura
431 1158 602 1211 effatus,
643 1173 794 1201 saxum
828 1159 1120 1213 circumspicit
1156 1159 1316 1213 ingens,

139 1216 297 1259 Saxum
325 1217 571 1271 antiquum,
610 1218 780 1272 ingens,
818 1231 970 1271 campo
1006 1217 1122 1271 quod
1158 1216 1271 1259 forte
1304 1214 1484 1267 iacebat,

139 1274 279 1316 Limes
317 1288 422 1329 agro
458 1275 640 1329 positus,
673 1276 793 1318 litem
829 1279 879 1317 ut
910 1275 1172 1317 discerneret
1202 1274 1327 1316 arvis.

139 1436 218 1469 licet
251 1441 370 1469 tantos
410 1436 496 1468 mihi
525 1440 634 1468 morte
671 1436 829 1473 dolores,-
877 1434 935 1466 sed

136 1487 237 1515 ‘nocet
267 1493 339 1514 esse
375 1482 494 1521 deum,
535 1482 790 1525 praeclusaque
825 1482 935 1513 ianua

138 1527 200 1562 leti
240 1534 416 1560 aeternum
452 1533 590 1560 nostros
626 1527 739 1559 luctus
782 1527 938 1559 extendit

140 1573 176 1606 in
203 1584 338 1605 aevum.

184 1630 264 1662 880.
286 1629 445 1661 condicio
473 1632 522 1661 sic
542 1633 685 1671 Mpnyb.

189 1688 266 1719 882.
290 1691 358 1726 Ego
387 1697 482 1724 quam
509 1689 640 1723 misera,
683 1691 766 1724 quod
807 1689 937 1718 immor-

144 1737 223 1766 talis
247 1744 332 1769 sum,
373 1740 427 1764 aut
452 1735 510 1764 erit
536 1736 709 1770 quidquam
739 1735 819 1764 mihi
846 1736 939 1764 dulce

141 1786 248 1818 erepto
273 1782 389 1811 fratre!
438 1783 500 1810 Per
536 1782 739 1810 enuntiatum
776 1781 940 1816 particula

143 1830 205 1858 ant
229 1828 390 1862 incipiens
415 1834 536 1855 caussa
568 1827 710 1856 redditur
738 1827 853 1862 prioris
880 1836 939 1856 ex-

143 1874 358 1904 clamationis.
385 1888 429 1892 -—
453 1880 603 1901 meorum
633 1878 781 1902 neutrum
813 1877 873 1906 est,
916 1873 937 1901 i.

143 1929 169 1949 e.
197 1928 302 1949 rerum
326 1926 481 1948 mearum.
504 1918 542 1948 cf.
571 1916 600 1951 1,
627 1917 701 1947 599.

187 1973 264 2005 883.
293 1972 448 2005 dehiscat
476 1975 515 2005 cf.
547 1972 577 2011 4,
605 1973 658 2004 2⁴.
710 1990 748 1995 —
790 1983 807 2004 ο
834 1983 940 2015 qnae:

142 2023 196 2052 Sic
220 2024 256 2051 G.
280 2019 311 2058 2,
335 2019 400 2050 488
432 2018 460 2049 O
485 2018 544 2061 qui
569 2030 620 2050 me
646 2017 777 2061 gelidi<
801 2017 943 2049 convul-

145 2065 234 2097 Ιίὺιιε
268 2064 396 2096 Haemi
421 2064 535 2096 sistat.
583 2068 653 2096 Ter.
687 2068 814 2095 Phorm.
851 2064 879 2101 1,
911 2065 941 2101 2,

143 2112 185 2142 73
212 2110 325 2143 Homo
351 2110 543 2152 confidens.-
570 2110 630 2153 qui
651 2110 750 2141 illum
769 2109 805 2141 di
826 2120 943 2141 omnes

143 2156 322 2200 perduint.
378 2155 405 2187 O
427 2156 504 2198 quis
526 2163 575 2187 est
611 2159 695 2188 idem
732 2166 771 2188 ac
805 2155 940 2187 utinam

145 2202 234 2246 quis,
270 2220 316 2226 -·
351 2201 504 2233 dehiscat
545 2205 669 2244 Mssybc
711 2200 862 2232 dehiscet
905 2205 942 2233 P.

147 2251 224 2287 (sed
247 2250 394 2286 perfosso
419 2258 434 2279 e
450 2254 479 2280 et
498 2252 719 2286 suprascripto
737 2250 778 2285 a]
798 2259 860 2279 rec.
876 2247 939 2279 Πὸ.

149 2312 187 2317 -
215 2297 338 2326 Deinde
372 2293 447 2324 alta
475 2296 584 2325 intulit
613 2293 674 2325 Hs.
699 2296 775 2332 „qui
802 2293 876 2325 olla
902 2304 943 2324 ex

146 2342 437 2378 praestantioribus
462 2343 565 2371 dedic·
593 2339 661 2371 Ηη.
686 2342 816 2371 retinuit
847 2339 943 2382 ls'g.

149 2389 211 2418 etsi
233 2392 389 2418 memorat.
414 2385 484 2417 ima
505 2389 570 2425 legi
591 2388 624 2416 in
644 2389 717 2422 MR,
745 2389 825 2423 quod
842 2388 944 2416 firmat

151 2432 226 2471 Rb..
268 2435 324 2470 qui
349 2434 393 2462 ait
433 2442 506 2463 esse
536 2435 570 2463 in
595 2435 630 2463 P.
680 2435 792 2468 Itaque
824 2441 945 2463 caussa

150 2481 215 2510 iam
237 2489 301 2510 non
325 2483 371 2509 est
390 2480 529 2509 retinere
547 2477 634 2512 alta,
658 2488 754 2515 quum
775 2483 944 2515 praestan-

150 2526 249 2556 tiores
274 2526 404 2555 Heinsii
428 2527 484 2560 qui
505 2526 568 2554 sint
594 2535 658 2555 non
680 2531 801 2556 certum
824 2526 876 2555 sit.

193 2580 273 2612 884.
302 2579 602 2622 demittatMRyc2
628 2579 777 2612 demittit
802 2583 946 2618 perfosso

151 2626 164 2658 i
204 2633 232 2657 et
271 2628 490 2663 suprascripto
529 2636 549 2656 a
586 2630 621 2657 P.
661 2637 723 2658 rec.
763 2625 823 2657 Bb.
867 2629 946 2664 „Bis

152 2675 236 2703 idem
255 2674 448 2709 exprimitur
462 2682 494 2701 v.
510 2671 611 2701 879—-
624 2671 684 2702 88!
707 2678 735 2703 et
753 2672 947 2709 882-884,

153 2721 210 2750 sed
233 2720 289 2754 ita,
315 2723 349 2748 ut
368 2719 544 2748 ternionem
569 2725 738 2755 utrumque
762 2726 853 2755 poeta
878 2721 949 2755 ipse

153 2765 364 2802 proposuisse
403 2766 579 2793 credendus
620 2764 695 2794 sit.“
756 2768 824 2795 Non
864 2766 948 2795 idem

156 2820 230 2841 esse
255 2813 382 2840 doctum
412 2814 461 2838 est
490 2812 530 2838 ad
551 2808 615 2838 879
641 2814 668 2840 et
696 2809 773 2840 882.

199 2853 433 2933 835.33glauco
456 2853 597 2893 amictu,
631 2863 705 2885 nam
727 2859 877 2893 Nympha
903 2861 951 2886 est.

155 2904 194 2934 cf.
244 2925 252 2941 ‚
278 2905 285 2911 “
323 2924 330 2931 .

260 2978 450 3011 set—952.
502 2977 643 3009 Turnus
668 2977 849 3010 occiditur.

202 3037 279 3068 887.
311 3037 440 3070 Contra
467 3039 487 3068 i.
506 3047 533 3068 e.
558 3040 691 3067 Iuturna
714 3038 852 3067 deseruit
869 3039 950 3067 Tur-

982 1446 1073 1469 num:
1103 1437 1200 1466 instat
1225 1438 1372 1471 Aeneas;
1417 1443 1508 1464 soror
1530 1436 1632 1471 abest,
1671 1433 1776 1462 hostis

982 1488 1083 1519 urget.

1028 1527 1106 1558 888.
1131 1526 1250 1565 Ingens
1273 1528 1405 1557 Aeneas
1428 1530 1574 1556 coruscat
1595 1527 1694 1554 telum
1718 1530 1777 1552 ar-

983 1573 1142 1607 boreum:
1167 1575 1209 1604 cf.
1236 1571 1301 1602 294
1329 1570 1433 1602 hasta
1454 1569 1616 1601 trabalis.
1642 1572 1679 1599 Et
1697 1573 1778 1599 haec

983 1622 1024 1650 ad
1072 1620 1314 1655 exprimendam
1358 1621 1489 1648 heroum
1523 1617 1778 1654 magnitudinem

983 1667 1164 1701 composita
1204 1670 1289 1695 sunt.
1337 1665 1376 1694 cf.
1417 1661 1493 1693 700.
1541 1664 1612 1693 Alii
1649 1660 1778 1703 ingens

985 1714 1120 1749 iungunt
1152 1720 1224 1742 cum
1251 1708 1368 1745 telum,
1409 1711 1466 1739 sed
1491 1710 1606 1746 ingens
1632 1717 1707 1738 esse
1731 1713 1778 1737 te-

984 1761 1050 1787 lum
1077 1759 1141 1787 iam
1165 1759 1348 1787 declaratur
1374 1764 1455 1785 voce
1480 1754 1674 1784 arboreum.

1029 1802 1107 1834 889.
1133 1801 1260 1832 deinde
1281 1802 1320 1832 cf.
1345 1801 1376 1838 5,
1403 1799 1454 1830 14.
1508 1816 1546 1821 —-
1597 1801 1781 1838 retractm,

984 1857 1119 1880 recusas
1140 1849 1177 1879 cf.
1208 1847 1258 1877 11.

1030 1893 1177 1924 sot—3.
1210 1892 1310 1923 I‘ertc
1347 1895 1378 1922 te
1404 1888 1437 1921 in
1463 1890 1580 1929 facies
1607 1899 1722 1920 omnes
1746 1895 1781 1920 ut

986 1944 1137 1974 Proteus:
1186 1947 1296 1969 omnes
1329 1944 1415 1968 artes
1447 1938 1572 1970 adhibe,
1609 1942 1640 1966 te
1674 1942 1779 1966 tamen

987 1991 1108 2017 tenebo.
1147 1995 1249 2020 neque
1286 1984 1429 2021 effugies.
1484 1980 1575 2023 Opta
1601 1983 1780 2019 significat:

988 2035 1141 2069 Equidem
1165 2033 1247 2061 nihil
1269 2031 1418 2066 impedio.
1444 2030 1603 2065 optionem
1623 2029 1680 2058 tibi
1706 2031 1755 2058 do.

1034 2078 1111 2108 893.
1137 2075 1363 2116 clausumque
1377 2077 1501 2116 MRybc
1518 2084 1575 2104 -ve
1590 2077 1626 2105 P.
1640 2084 1702 2105 rec.
1715 2072 1780 2105 Rb.

989 2125 1217 2161 Copulativam
1243 2130 1345 2158 paene
1366 2123 1483 2157 ubique
1502 2130 1558 2157 pro
1581 2121 1783 2151 disiunctiva.

988 2172 1062 2207 poni
1093 2179 1204 2206 posse.
1244 2170 1370 2204 quando
1399 2167 1536 2197 sufficiat
1566 2168 1706 2197 indicari
1731 2176 1782 2196 re-

988 2217 1065 2246 ferri
1088 2217 1171 2245 inter
1195 2224 1230 2244 se
1253 2215 1431 2246 enuntiata,
1463 2218 1491 2242 et
1516 2222 1557 2242 ex
1578 2213 1661 2248 ipsis
1684 2213 1782 2242 facile

990 2267 1144 2298 appareat
1170 2262 1326 2296 quomodo
1346 2260 1538 2293 referantur,
1564 2259 1623 2288 vix
1641 2267 1721 2294 opus
1735 2263 1785 2288 est

990 2308 1212 2338 demonstrari.
1239 2307 1277 2337 cf.
1297 2305 1327 2342 2,
1353 2304 1407 2335 37.
1456 2306 1544 2340 Quae
1566 2307 1596 2333 11.
1622 2306 1642 2332 l.
1670 2305 1783 2335 dicun-

992 2361 1041 2384 tur
1066 2357 1103 2383 de
1121 2355 1199 2390 fuga
1217 2353 1351 2389 difficili
1378 2352 1468 2387 talia,
1494 2356 1527 2380 ut
1544 2350 1709 2386 probabile
1725 2355 1784 2387 est,

991 2402 1139 2431 dicuntur
1164 2404 1327 2433 tamquam
1360 2397 1538 2433 proxerbio.
1590 2398 1665 2427 Eur.
1688 2398 1782 2426 Herc.

991 2449 1065 2476 Fur.
1095 2443 1181 2475 1157
1212 2441 1286 2474 Ποῖ
1327 2439 1447 2472 κακῶν
1487 2436 1638 2491 ἐρημίαν
1677 2433 1785 2479 εὕρω,

990 2485 1173 2531 πτερωτὸς
1196 2481 1217 2529 ἢ
1238 2481 1332 2519 κατὰ
1348 2482 1486 2528 χθονὸς
1509 2480 1642 2527 {toi-uim
1667 2489 1742 2517 Val
1755 2485 1786 2526 4,

991 2535 1171 2577 217f11ga
1208 2534 1267 2564 ab
1296 2538 1419 2565 terra
1457 2534 1552 2574 juga
1591 2530 1690 2562 nulla
1725 2541 1788 2573 per

993 2592 1119 2619 auras,
1166 2582 1254 2611 alibi.
1302 2596 1344 2602 --
1391 2581 1427 2608 In
1466 2581 1598 2608 Aeneae
1644 2580 1787 2609 oratione

992 2626 1172 2659 889-893
1200 2635 1297 2663 quum
1323 2624 1411 2663 „890
1437 2634 1596 2654 summam
1628 2625 1788 2654 contineat

995 2675 1200 2705 sententiam.
1239 2678 1292 2702 aut
1326 2672 1517 2708 praecedere
1549 2673 1703 2700 debebant
1735 2680 1789 2700 se-

994 2721 1126 2757 quentia
1148 2716 1331 2749 891-893
1352 2723 1407 2746 aut
1431 2718 1498 2746 alia
1512 2719 1674 2754 clausula,
1700 2719 1789 2747 velut

994 2774 1158 2801 nunquam
1182 2765 1276 2794 hodie
1307 2760 1461 2799 effugies“
1481 2764 1671 2798 excipienda
1697 2768 1789 2793 erant

997 2810 1187 2842 Rb.1³0e1a
1211 2811 1307 2839 aliter
1330 2809 1462 2838 iudicax
1464 2809 1497 2837 11

1041 2855 1117 2885 89⁴.
1143 2859 1248 2896 caput
1284 2863 1456 2895 quassans
1491 2854 1690 2891 indignantis
1729 2859 1788 2893 est,

995 2903 1041 2932 ita
1066 2900 1098 2935 7
1122 2900 1197 2931 292.

1041 2945 1117 2976 897.
1145 2955 1264 2976 saxum
1297 2943 1498 2985 antiquum,
1535 2942 1661 2986 ingens
1692 2947 1730 2976 cf.
1757 2944 1789 2985 6,

996 2991 1072 3023 283.
1123 2990 1173 3023 ΡΙ.
1197 2994 1277 3022 delet
1307 2988 1437 3020 Saxum
1465 2999 1497 3020 a.
1523 2988 1544 3020 ἰ.
1571 2995 1601 3021 et
1623 2988 1716 3022 litem
1744 3009 1788 3014 —

997 3047 1102 3068 arms.
