2023 3350
234 119 318 158 454

799 113 835 143 P.
862 111 1058 143 VIRGILI!
1087 110 1302 144 MARONJS

235 229 353 270 Haec
387 227 522 279 rapit,
563 228 696 277 atque
732 223 925 265 humeris
965 223 1259 278 nequidquam
1293 221 1482 265 fortibus
1519 224 1656 276 aptat,

235 287 343 327 Tum
385 283 554 337 galeam
586 281 775 335 Messapi
811 279 1000 322 habilem
1037 281 1264 335 cristisque
1305 281 1505 323 decoram

457 339 685 381 Excedunt
722 338 897 388 castris,
940 340 983 379 et-
1019 341 1117 379 tuta
1155 342 1398 393 capessunt.

238 343 286 384 In
292 341 366 383 dui

1805 277 1887 317 365

350 397 402 439 In
425 410 500 439 era
537 396 764 451 praemissi
803 395 969 449 equites
1010 408 1063 436 ex
1095 395 1203 437 urbe
1240 396 1409 446 Latina,

240 457 395 497 Cetera
433 454 535 495 duni
570 454 684 507 legio
727 453 891 506 campis
928 451 1144 493 instructa
1181 457 1389 505 moratur,

237 512 386 564 Ibant,
429 515 473 553 et
507 512 650 553 Turno
688 511 779 564 regi
818 523 1026 563 responsa
1065 509 1274 562 ferebant,

238 569 514 620 Tercentum,
552 568 713 610 scutati
753 581 920 618 omnes,
961 567 1193 609 Volscente
1228 568 1452 621 magistro.

1810 564 1893 601 370

240 627 418 680 Iamque
458 625 813 680 propinquabant
849 624 1004 667 castris
1039 638 1250 678 muroque
1287 625 1505 674 subibant,

240 685 380 735 Quum
413 684 566 738 procul
604 684 684 724 lios
722 683 845 724 laevo
884 681 1106 723 flectentes
1142 682 1279 723 limite
1320 684 1510 731 cernunt,

240 742 297 783 Et
335 741 458 794 galea
489 740 726 795 Euryalum
764 739 977 782 sublustri
1015 739 1158 781 noctis
1195 740 1240 780 in
1280 739 1435 780 umbra

242 798 443 841 Prodidit
479 798 794 849 immemorem,
835 796 1057 851 radiisque

241 951 298 986 qui
338 950 530 985 interpretes
567 952 653 980 hunc
694 957 827 979 versum
879 949 1048 985 explicare

243 997 460 1032 despera-rint,
514 996 700 1025 verisimile
735 1005 798 1024 non
844 1000 893 1025 est
945 996 1051 1025 exsti-

243 1042 325 1071 tisse
341 1042 529 1080 vestigium,
554 1050 616 1077 quo
634 1043 673 1070 ad
693 1041 840 1070 fraudem
860 1042 952 1070 illam
978 1050 1051 1077 per-

244 1088 422 1117 veniretur.
470 1089 509 1116 Et
545 1088 575 1116 si
613 1096 732 1116 versus
769 1088 820 1116 hie
859 1088 1050 1123 aliquando,

244 1142 306 1162 non
325 1137 405 1170 erat,
433 1141 496 1162 uon
520 1134 702 1163 verisimile
727 1136 774 1161 est
795 1141 990 1168 quemquam
1015 1134 1053 1162 de

244 1180 426 1208 Rhamnete
459 1179 592 1208 Remuli
620 1183 735 1214 nepote
769 1179 954 1215 duhitasse;
996 1180 1052 1207 sed

247 1225 304 1253 ille
327 1225 452 1262 Asper,
479 1228 510 1253 et
536 1225 616 1262 alii,
642 1233 741 1259 quum
764 1226 896 1253 adesset
916 1233 948 1254 v.
974 1222 1052 1261 363,

247 1279 309 1299 non
335 1274 482 1305 poterant
503 1271 718 1299 Rhamnetem
749 1270 951 1307 intelligere,
990 1279 1052 1305 quo

246 1316 347 1345 eiecto
382 1317 420 1344 cle
445 1324 482 1345 eo
509 1324 573 1345 non
609 1317 823 1345 dubitassent.
873 1318 944 1345 Iam
974 1324 1052 1345 vero

246 1363 376 1396 qualem
400 1361 465 1390 sibi
489 1362 649 1391 fluxerunt
682 1362 775 1390 illum
800 1362 973 1400 hominem,
998 1361 1053 1396 qui

248 1410 333 1437 hunc
367 1415 502 1436 versum
542 1407 674 1436 intulit?
723 1409 792 1435 Non
834 1408 932 1443 vidit,
979 1407 1052 1442 quis

247 1457 333 1481 esset
361 1460 478 1488 nepos3
517 1453 639 1481 addidit
669 1453 767 1488 igitur
803 1460 956 1488 versum,
990 1461 1052 1486 quo

247 1498 331 1527 illud
357 1498 454 1526 etiam
472 1499 579 1534 magis
603 1500 839 1527 obscuraretur.
890 1499 1052 1532 Quomodo

248 1545 290 1572 ad
316 1544 529 1573 Rhamnetem
553 1544 781 1579 pervenissent
805 1545 978 1579 phalerae,
1003 1544 1052 1571 di-

248 1598 320 1619 cere
344 1589 466 1624 voluit;
491 1589 600 1624 itaque
624 1590 745 1618 addidit
763 1597 906 1625 versum,
931 1590 963 1617 in
991 1597 1052 1623 quo

249 1636 281 1663 id
306 1643 370 1663 non
396 1635 535 1670 dicitur3
572 1635 726 1664 formavit
752 1639 859 1663 autem
885 1636 924 1663 ad
950 1635 1053 1663 alium

251 1680 399 1717 Virgilii,
427 1681 484 1709 sed
509 1682 618 1715 talem,
645 1682 794 1715 quemad
813 1688 914 1709 unum
940 1688 1054 1709 omnes

251 1730 378 1760 propter
403 1726 632 1755 obscuritatem
658 1730 814 1754 notarent.
864 1727 963 1755 Recte
987 1726 1053 1753 iam

249 1772 438 1805 explicuere
477 1780 609 1800 versum
646 1772 783 1800 Servius
819 1776 849 1800 et
893 1771 1053 1806 Heynius.

253 1818 352 1845 Recte
385 1817 502 1854 etiam,
542 1818 625 1852 quod
663 1817 773 1845 omisit
813 1817 894 1845 illud
929 1813 1055 1845 Rutuli

257 1859 446 1892 Rhamnete·
485 1864 524 1892 ut
560 1860 702 1891 virtutis
735 1864 822 1891 esset
857 1859 1054 1902 praemium

252 1905 494 1945 donaverunt,
528 1912 623 1943 poeta
650 1908 856 1942 vituperatus
884 1912 944 1937 est.
994 1909 1055 1936 Sed

252 1953 350 1988 putuit
380 1955 461 1983 haec
487 1955 669 1989 supplenda
702 1954 885 1989 relinquere
920 1954 1057 1990 legenti-

255 2002 314 2027 hus
342 2002 373 2027 et
397 1999 427 2027 si
451 1999 503 2028 hic
528 2000 598 2029 illic
623 2000 719 2028 etiam
746 2000 778 2027 in
805 2002 864 2029 hoc
888 2001 971 2028 libro
995 2000 1056 2028 im—

254 2044 388 2079 perfecti
407 2045 514 2079 operis
539 2045 636 2081 signa
660 2045 898 2081 cognoscimus,
924 2054 985 2074 non
1010 2049 1059 2073 est

252 2096 390 2126 caussa,
425 2094 456 2118 ut
480 2099 613 2119 versum
639 2091 828 2127 eliciamus,
854 2099 947 2125 quem
973 2099 1059 2119 unus

253 2135 417 2171 Virgilius
439 2136 581 2165 scribere
607 2137 724 2171 potuit,
750 2137 840 2165 alius
865 2145 929 2165 non
948 2137 1058 2171 potuit.

299 2178 377 2209 364.
403 2177 489 2210 haec
522 2179 639 2221 rapit.-
678 2183 724 2211 De
761 2186 943 2211 structurae
983 2190 1060 2212 con-

254 2226 447 2255 formatione
491 2227 530 2257 cf.
571 2225 605 2264 l,
649 2225 702 2256 29.
736 2243 774 2247 -—
820 2225 1059 2267 nequidquam

255 2273 358 2310 aptat
397 2280 485 2310 „uon
523 2271 711 2303 fructurus“
744 2275 776 2302 S.
809 2289 846 2293 —
881 2275 1008 2313 aptare
1034 2282 1060 2302 c.

255 2319 321 2347 dat.
349 2314 403 2355 12,
430 2315 485 2347 88.

301 2361 377 2391 365.
403 2360 551 2404 galeam
591 2360 762 2403 Messapi,
804 2371 901 2399 quam
936 2364 1062 2393 invenit

257 2409 417 2438 iacentem
439 2413 470 2438 et
495 2409 648 2447 sustulit,
682 2410 776 2439 cuius
799 2411 970 2445 splendore
996 2411 1062 2439 Eu-

259 2456 374 2490 ryalus
400 2455 554 2490 proditur.

303 2498 379 2528 366.
407 2501 485 2530 tuta
517 2501 706 2538 capessunt
736 2500 757 2529 i.
790 2509 816 2529 e.
843 2504 953 2535 petunt
981 2501 1064 2537 loca,

259 2545 314 2574 ubi
338 2549 423 2575 tutos
444 2554 480 2575 se
503 2545 570 2575 fore
595 2549 717 2580 putant.
762 2546 803 2575 cf.
833 2544 893 2583 11,
919 2543 996 2574 882.

257 2620 465 2653 367—449.
514 2621 621 2653 Nisus
649 2625 682 2653 et
706 2621 879 2664 Euryalus
905 2625 1064 2663 pereunt.

303 2677 381 2708 367.
407 2681 538 2710 Turnus
563 2688 637 2710 cum
662 2681 796 2710 Rutulis
822 2686 849 2710 et
877 2682 978 2711 sociis
1000 2683 1066 2710 La-

260 2725 347 2754 tinos
367 2726 538 2763 excitavit,
561 2731 591 2756 et
610 2728 684 2755 dum
708 2727 733 2755 ii
754 2732 932 2764 armantur,
957 2735 1068 2756 morae

259 2771 436 2806 impatiens
459 2772 531 2807 ipse
552 2778 788 2807 praecesserat.
838 2775 931 2802 Nunc
956 2781 1067 2802 eorum

260 2818 345 2853 legio
382 2818 609 2855 subsequitur,
652 2825 735 2853 quae
774 2820 849 2847 dum
887 2820 920 2847 in
954 2827 1068 2854 campo

260 2866 444 2900 morantur,
484 2864 610 2899 equites
642 2862 796 2898 (trecenti
829 2869 938 2894 autem
976 2869 1070 2894 erant

261 2908 294 2935 in
346 2909 466 2943 quavis
514 2909 643 2945 legione
692 2911 863 2946 Romana]
912 2911 1069 2947 magistro

262 2953 406 2993 equitum
430 2955 510 2983 duce
535 2959 646 2984 eastra
671 2960 780 2989 petunt
806 2956 918 2993 '1'urni,
945 2958 1070 2985 adven-

262 3001 328 3027 tum
360 2997 558 3030 'Latinorum
593 3001 785 3031 nuntiaturi.
835 3001 882 3031 Iis
919 3010 956 3031 eo
995 3003 1066 3031 loco

1095 796 1279 839 adversa
1318 797 1500 839 refulsit.

1094 955 1204 980 castra
1226 951 1419 979 Rutulorum
1440 950 1582 978 ineunda
1608 952 1699 984 sunt,
1732 957 1795 983 quo
1820 957 1899 977 exe-

1094 1001 1151 1025 unt
1181 997 1282 1024 Nisus
1315 1001 1345 1024 et
1374 997 1556 1032 Euryalus,
1595 994 1651 1029 qui
1694 995 1733 1022 ad
1767 996 1899 1022 laevam

1095 1042 1272 1075 deflectunt,
1300 1048 1332 1070 ut
1353 1044 1391 1071 ad
1410 1042 1551 1070 Tiberim
1578 1044 1606 1069 et
1630 1040 1809 1068 Pallatium
1828 1048 1900 1075 per-

1095 1089 1240 1117 veniant.
1291 1089 1339 1117 Pl.
1364 1088 1448 1118 coni.
1485 1083 1616 1115 Latini.

1143 1132 1220 1162 369.
1245 1132 1335 1173 regi.
1364 1136 1402 1163 In
1415 1134 1534 1167 aliquot
1548 1131 1657 1161 Servii
1675 1131 1810 1164 legitur:
1843 1133 1901 1167 „In

1096 1180 1246 1209 omuibus
1271 1181 1365 1209 bonis
1390 1177 1486 1218 regis
1506 1178 1665 1207 dicitur
1696 1174 1901 1206 inventum.“

1096 1228 1323 1260 Improbarunt
1359 1222 1468 1265 regis,
1513 1224 1569 1259 qui
1610 1230 1770 1252 memores
1810 1227 1903 1252 erant

1096 1280 1216 1300 versus
1249 1268 1286 1306 7,
1332 1269 1416 1305 60ος
1452 1271 1507 1299 sed
1533 1269 1687 1298 Latinum
1718 1276 1782 1296 nou
1809 1277 1904 1297 omne

1097 1317 1289 1352 deposuisse
1327 1317 1508 1352 imperium,
1558 1323 1595 1344 eo
1637 1307 1781 1352 apparet,
1821 1315 1905 1349 quod

1098 1367 1209 1398 postea
1243 1368 1371 1397 praeest
1404 1361 1532 1391 senatui
1570 1362 1607 1389 de
1638 1368 1745 1389 rerum
1776 1367 1906 1389 summa

1097 1409 1290 1438 consulenti.
1352 1411 1463 1442 Neque
1509 1408 1615 1435 solum
1642 1407 1689 1443 iS,
1737 1407 1777 1434 ad
1800 1414 1905 1443 quem,

1096 1455 1153 1483 sed
1176 1455 1276 1483 etiam
1299 1454 1338 1487 is,
1368 1454 1462 1483 cuius
1494 1459 1652 1487 responsa
1687 1453 1813 1486 dantur,
1849 1460 1907 1481 no-

1097 1500 1272 1528 minandus
1316 1504 1375 1528 est.
1430 1501 1544 1533 Itaque
1585 1494 1685 1538 regis
1730 1498 1906 1533 probabile,

1097 1547 1266 1579 probatum
1304 1553 1324 1573 a
1363 1541 1435 1573 Plo.
1493 1543 1617 1577 Quibus
1667 1543 1701 1570 in
1744 1545 1824 1571 Mss.
1865 1543 1909 1572 sit

1097 1587 1192 1630 regi,
1226 1590 1401 1624 inquibus
1422 1586 1520 1626 regis
1553 1589 1574 1616 i.
1600 1597 1627 1616 e.
1655 1587 1807 1624 (Latini)
1843 1586 1907 1618 Rb.

1098 1644 1161 1664 non
1194 1635 1286 1671 dicim
1336 1636 1365 1664 is
1396 1639 1426 1664 et
1459 1631 1544 1673 Wg.
1571 1637 1599 1662 et
1634 1630 1695 1661 [nl.
1721 1635 1796 1662 daut
1818 1631 1908 1675 rugi.

1099 1682 1187 1715 Quae
1213 1682 1326 1709 deinde
1350 1688 1389 1709 ea
1416 1687 1573 1715 respousa
1599 1679 1734 1713 fuerint,
1786 1679 1910 1709 frustra

1098 1731 1255 1761 quaerunt
1286 1728 1476 1761 interpretes
1512 1729 1540 1754 et
1575 1722 1655 1761 Rb„
1698 1733 1796 1760 quum
1827 1733 1911 1761 quae

1099 1773 1132 1800 iu
1156 1777 1305 1806 promptu
1341 1773 1405 1800 sint
1440 1772 1618 1808 negligant.
1669 1773 1720 1800 Sc.
1757 1771 1910 1810 referunt,

1100 1818 1256 1852 subsequi
1282 1818 1467 1853 peditatum.

1148 1872 1225 1902 370.
1253 1871 1403 1903 scutati.-
1451 1874 1592 1912 „Clypei
1636 1874 1776 1909 peditum
1824 1878 1911 1911 sunt,

1103 1924 1198 1949 scuta
1214 1919 1390 1954 equitum.“
1417 1922 1448 1949 S.
1497 1922 1532 1949 Id
1557 1920 1687 1949 omuino
1707 1927 1822 1948 verum
1847 1928 1912 1948 non

1105 1970 1165 1995 est.
1217 1966 1336 1999 Sentis.
1367 1970 1399 1994 ut
1424 1971 1520 1995 autea
1546 1966 1671 2001 clipeiS,
1696 1966 1813 1994 armati
1837 1968 1914 1994 sunt

1106 2012 1239 2046 pedites.
1290 2011 1338 2040 Cf.
1365 2009 1403 2041 S.
1431 2010 1507 2040 662.
1557 2011 1713 2047 Equidem
1735 2020 1797 2040 non
1825 2011 1913 2047 potui

1106 2058 1263 2091 indagare
1288 2059 1394 2086 locum
1421 2060 1575 2087 alterum.
1607 2057 1663 2086 ubi
1696 2057 1822 2092 equites
1845 2058 1914 2085 Ro-

1106 2104 1196 2131 mani
1223 2103 1341 2133 scutati
1364 2103 1469 2132 fuisse
1493 2104 1662 2137 dicuntum
1694 2103 1756 2131 etsi
1780 2105 1840 2131 hoc
1865 2107 1914 2131 te-

1108 2157 1194 2178 mere
1222 2157 1241 2178 a
1267 2149 1409 2183 Virgilio
1440 2149 1561 2179 factum
1595 2157 1659 2177 non
1692 2149 1850 2184 arbitror,
1884 2151 1916 2177 et

1108 2196 1221 2230 Lydus
1248 2202 1299 2230 ap.
1324 2195 1447 2224 Lersch
1470 2203 1501 2230 p.
1537 2193 1579 2221 70
1612 2194 1741 2223 videtur
1777 2194 1913 2223 firmare.

1155 2249 1231 2280 371.
1261 2259 1428 2290 muroque
1446 2248 1595 2280 MRh202
1614 2255 1641 2279 et
1668 2252 1761 2280 Serv.
1784 2251 1818 2279 in
1842 2252 1917 2286 plu-

1107 2298 1200 2327 rimis
1227 2297 1331 2325 libris.
1361 2312 1399 2316 —-
1427 2304 1614 2335 murosque
1634 2293 1779 2335 Pyhtct.
1805 2297 1848 2325 al.
1873 2296 1914 2326 cf.

1109 2342 1141 2381 8,
1170 2341 1243 2372 123.
1270 2352 1332 2372 rec.
1362 2339 1425 2371 Rb.
1476 2343 1592 2371 Castra
1609 2347 1685 2371 sunt
1708 2343 1916 2380 Rutulorum,

1109 2390 1229 2425 quibus
1253 2389 1401 2417 Voscens
1427 2388 1664 2423 appropinquat
1689 2389 1800 2417 eodem
1837 2393 1917 2417 tem-

1109 2444 1196 2471 pore,
1217 2442 1279 2470 quo
1306 2436 1343 2463 N.
1370 2437 1400 2462 et
1424 2436 1459 2462 Ε.
1483 2438 1616 2463 exeunt.

1156 2488 1234 2519 373.
1261 2487 1431 2518 sublustri
1459 2488 1492 2518 in
1519 2487 1659 2527 umbra,
1691 2497 1823 2528 parum,
1854 2497 1920 2519 non

1111 2537 1195 2565 satis
1231 2536 1372 2570 illustri3
1418 2537 1497 2565 luna
1530 2536 1617 2564 euim
1649 2537 1736 2565 lucet
1770 2544 1804 2565 v.
1841 2533 1920 2571 403,

1112 2583 1170 2611 sed
1199 2582 1356 2617 maligna.
1406 2582 1454 2610 Cf.
1497 2583 1573 2611 Hor.
1618 2582 1653 2610 C.
1695 2580 1734 2619 3,
1774 2579 1835 2618 27,
1875 2578 1916 2608 31

1117 2624 1225 2657 Nocte
1252 2623 1423 2655 sublustri
1440 2624 1528 2655 nihil
1551 2629 1650 2655 astra
1669 2628 1812 2662 practer
1830 2622 1920 2655 vidit

1115 2675 1146 2702 et
1174 2669 1307 2704 unda-5¹3
1342 2676 1372 2701 et
1396 2680 1448 2707 ap.
1475 2673 1548 2701 Liv.
1574 2672 1611 2709 5,
1647 2669 1687 2700 47
1715 2673 1814 2700 nocte
1841 2668 1920 2698 sub-

1115 2715 1220 2747 lustri
1253 2718 1340 2746 Galli
1368 2719 1567 2753 Capitolium
1605 2718 1802 2753 ascendunt,
1836 2718 1921 2751 quod

1115 2767 1255 2793 obscura
1279 2768 1372 2793 nocte
1395 2773 1460 2793 non
1489 2767 1644 2799 poterant.

1163 2816 1239 2848 374.
1267 2816 1519 2856 immemorem,
1545 2820 1601 2854 qui
1633 2826 1696 2847 non
1726 2819 1854 2853 putavit
1885 2826 1922 2847 se

1117 2867 1213 2902 galea
1236 2866 1337 2900 prodi.
1365 2881 1404 2886 —-
1433 2873 1498 2904 que
1522 2865 1562 2895 cf.
1587 2862 1624 2899 8,
1658 2861 1735 2892 12⁵.
1792 2861 1841 2892 ΡΙ.
1867 2865 1922 2893 dat

1117 2920 1150 2941 v.
1183 2909 1224 2939 73
1257 2908 1363 2949 Quem
1389 2908 1499 2952 galea
1525 2918 1581 2945 pro
1607 2911 1638 2937 et
1661 2906 1784 2949 galea,
1809 2909 1922 2939 deinde

1119 2965 1150 2985 v.
1177 2954 1232 2993 74,
1264 2962 1378 2991 postea
1411 2965 1443 2985 v.
1482 2953 1524 2983 72
1555 2957 1676 2985 mutato
1710 2963 1815 2995 quum
1841 2963 1923 2996 pro-

1115 2999 1170 3032 cul
1196 3003 1230 3031 iu
1257 3004 1290 3032 et
1314 2998 1448 3042 procul.
