2023 3350
690 112 920 148 AENEIDOS
952 116 1040 149 LtR.
1069 117 1148 149 XII.

1649 118 1732 157 587

106 229 329 283 Deponas,
364 228 579 280 letumque
614 226 729 269 sinas
770 242 848 282 pro
888 228 1015 271 laude
1050 229 1222 284 pacisci.

106 286 163 327 Et
200 300 276 327 nos
309 285 412 336 tela,
446 287 591 337 pater,
632 284 878 339 ferrumque
911 286 1030 329 haud
1068 287 1205 329 debile
1247 286 1401 328 dextra

109 343 380 397 Spargimus,
416 345 458 383 et
486 345 634 383 nostro
676 343 868 397 sequitur
906 344 958 386 de
989 345 1160 386 volnere
1195 344 1379 397 sanguis.

107 401 252 454 Longe
290 400 353 441 illi
390 398 471 440 dea
505 403 644 441 mater
681 402 782 453 erit,
823 416 933 456 quae
971 401 1082 444 nube
1113 402 1308 455 fugacem

107 458 306 500 Feminea
347 460 469 510 tegat
511 460 554 498 et
588 458 708 500 vanis
745 472 836 501 sese
873 460 1043 501 occulat
1074 459 1249 501 umbris.

219 515 276 555 At
308 514 477 567 regina,
512 529 623 557 nova
655 530 823 570 pugnae
854 517 1089 559 conterrita
1127 520 1254 567 sorte,

54 587 58 590 ’
104 571 276 622 Flebat,
313 575 356 612 et
391 571 614 614 ardentem
655 588 857 627 generum
896 575 1108 616 moritura
1141 573 1333 616 tenebat:

106 629 262 680 Turne,
301 643 378 682 per
414 629 494 671 has
526 645 603 684 ego
637 634 680 672 te
716 632 938 683 lacrimas,
972 646 1049 686 per
1089 632 1124 673 si
1161 631 1256 685 quis
1296 632 1477 673 Amatae

105 686 259 740 Tangit
297 686 433 728 honos
471 689 680 738 animum,
704 715 761 719 —
790 704 886 743 spes
924 693 971 731 tu
1007 703 1117 731 nunc
1154 703 1256 739 una,
1300 693 1495 731 senectae

104 744 165 785 Tu
199 745 370 797 requies
409 745 610 798 miserae,
648 746 774 789 decus
808 748 1117 801 imperiumque
1153 746 1296 787 Latini

105 801 162 842 Te
199 816 350 855 penes,
392 803 435 844 in
471 807 514 845 te
549 805 684 846 omnis
721 805 871 847 domus
906 805 1113 846 inclinata
1150 803 1362 846 recumbit
1386 829 1442 834 —

104 859 245 901 Unum
279 873 372 902 oro:
411 860 569 904 desiste
602 876 774 904 manum
809 862 1076 904 committere
1111 861 1296 903 Teucris.

1682 867 1735 905 60

105 917 187 967 Qui
225 917 278 960 de
319 932 484 973 cunque
520 924 694 962 manent
731 920 815 962 isto
855 920 1088 962 certamine
1125 933 1259 970 casus,

104 974 161 1016 Et
196 989 283 1027 me,
318 976 476 1027 Turne,
513 982 704 1029 manent,
743 978 868 1019 simul
901 977 1008 1020 haec
1044 977 1181 1019 invisa
1217 976 1456 1030 relinquam

104 1032 285 1075 Lumina
321 1047 398 1075 nec
435 1048 636 1087 generum
669 1036 842 1077 Aenean
878 1035 1048 1090 captiva
1084 1034 1249 1076 videbo.

104 1196 180 1232 sita,
212 1204 308 1232 quam
333 1200 371 1227 de
396 1207 446 1228 mc
468 1202 585 1229 habere
606 1202 760 1238 simulas,
793 1205 901 1235 patere

105 1250 155 1271 me
180 1248 313 1273 mortem
337 1250 495 1280 oppetere.
534 1247 582 1275 Tu
606 1248 697 1276 niodo
724 1255 775 1275 me
790 1251 901 1282 terres,

105 1293 139 1317 ut
172 1296 193 1318 a
223 1291 398 1319 certamine
435 1292 592 1320 absistam
623 1293 818 1327 Aeneaeque
848 1296 901 1321 tuo

104 1334 282 1364 Laviniam
307 1344 346 1366 ac
370 1345 502 1373 regnum
527 1338 717 1373 permittam.
766 1340 814 1367 'l'u
837 1346 900 1366 non

105 1389 162 1416 pro
194 1389 260 1416 me,
305 1383 361 1411 sed
399 1391 455 1418 pro
481 1384 595 1412 Aenea
619 1384 747 1412 metuis.
797 1383 901 1412 Simul

106 1431 331 1465 exacerbatur,
354 1429 435 1463 quod
454 1431 588 1458 hahetur
607 1429 739 1458 inferior
756 1430 900 1458 Aeneae.

151 1482 205 1513 49.
231 1482 336 1514 Ictum
361 1493 425 1526 pro
442 1483 549 1514 lande
570 1483 704 1525 pacisci
721 1486 759 1515 cf.
776 1485 807 1520 5,
824 1483 900 1513 230.

150 1538 204 1570 51.
231 1549 400 1581 spargere
432 1539 514 1571 tela.
551 1542 605 1571 Sic
626 1540 657 1576 7,
684 1540 748 1571 687
767 1543 903 1579 glandes

106 1587 238 1622 plumbi.
266 1584 298 1623 8,
323 1586 387 1615 695
413 1587 540 1617 ferrum.
570 1585 619 1619 11.
646 1587 710 1616 650
735 1589 878 1618 hastilia.

152 1641 206 1672 52.
239 1641 360 1684 Longe
384 1642 494 1674 alicui
524 1653 596 1674 ess-e
623 1646 643 1674 i.
670 1655 698 1674 e.
722 1655 786 1674 non
810 1646 902 1674 adiu-

106 1697 199 1719 vare.
225 1691 448 1727 Longinquum
471 1691 555 1720 enim
569 1692 731 1720 auxilium
756 1693 789 1720 in
809 1699 903 1726 prae-

108 1736 192 1765 senti
229 1737 371 1771 periculo
403 1739 527 1766 nullum
559 1742 618 1766 est.
667 1738 706 1767 cf.
733 1740 792 1766 Ov.
829 1738 902 1766 Her.

110 1779 163 1816 12,
188 1779 242 1810 53.
267 1785 340 1811 Met.
363 1782 396 1817 8,
415 1780 490 1811 434.
526 1784 609 1811 Plin.
635 1785 714 1812 Pan.
745 1780 796 1811 49.
819 1784 902 1811 Flor.

109 1826 141 1862 2,
167 1825 198 1864 2,
223 1825 254 1856 8.
291 1827 322 1865 6,
347 1826 398 1856 3⁴.
448 1830 497 1857 lta
521 1826 628 1868 longe
653 1826 771 1858 abesse
795 1826 904 1857 alicui

111 1874 206 1903 caes,
232 1874 295 1902 BG.
326 1871 353 1909 1,
379 1872 432 1903 36.
465 1876 524 1903 ov.
551 1877 592 1902 M.
616 1874 645 1911 4,
671 1872 748 1903 648.
781 1875 850 1903 Tib.
876 1871 903 1911 1,

110 1919 149 1956 5,
185 1917 215 1948 2.
261 1917 368 1959 longe
399 1928 471 1949 esse
503 1922 562 1949 (bv.
593 1923 634 1948 Μ.
668 1918 722 1948 11.
764 1918 839 1948 479.
860 1936 904 1940 -

105 1964 291 2004 fugacem,
312 1965 367 2000 qui
391 1968 470 1995 solet
496 1966 614 2002 sugere.

160 2020 213 2051 53.
240 2023 327 2051 Nihil
348 2023 484 2058 proderit
511 2023 541 2052 ei
566 2028 683 2054 mater,
721 2030 804 2058 quae
835 2031 906 2051 eum

114 2072 201 2105 tegat-
226 2071 327 2105 nube,
370 2070 444 2098 dum
472 2070 546 2104 ipsa
572 2078 608 2098 se
631 2070 747 2098 occulit
772 2069 909 2106 umbris,

114 2123 154 2143 ne
178 2115 398 2150 conspiciatur
424 2120 452 2144 et
484 2117 686 2149 vulneretur,
727 2119 761 2144 ut
789 2122 809 2144 a
830 2115 907 2143 Dio-

115 2161 204 2189 mede
229 2163 404 2190 vulnerata
423 2166 471 2190 est
502 2161 561 2195 (cf.
584 2162 675 2190 Hom.
697 2163 734 2190 11.
753 2160 784 2193 5,
803 2158 906 2196 314];

116 2206 223 2241 itaque
247 2207 363 2236 debilis
388 2211 419 2236 et
442 2207 554 2236 timida
577 2207 697 2236 femina
725 2215 789 2235 non
815 2215 908 2242 prae-

116 2253 215 2281 stabit
251 2253 282 2282 ei
311 2253 472 2282 auxilium
508 2257 619 2282 contra
649 2253 757 2282 virum
787 2252 911 2287 fortem,

118 2298 226 2333 quatis
251 2307 309 2335 ego
334 2306 416 2328 sum.
465 2299 518 2328 Sic
545 2307 618 2328 sese
645 2299 728 2328 satis
757 2299 911 2327 usitatum

119 2345 364 2379 deprehenditur
394 2349 425 2374 et
460 2347 491 2374 et
527 2346 673 2381 adiungit
711 2345 911 2374 enuntiatum

119 2391 364 2428 secundarium,
400 2391 441 2420 cf.
466 2389 501 2429 8,
528 2388 603 2420 125.
659 2387 708 2419 ΡΙ.
734 2391 817 2420 coni.
844 2394 917 2426 post

123 2432 221 2464 Schr.
239 2438 277 2466 ut
301 2433 411 2466 vanis.

121 2513 164 2545 54
179 2531 221 2535 --
236 2514 290 2546 80.
338 2514 431 2546 Idem
460 2513 587 2547 frustra
608 2514 733 2546 Amata
757 2518 913 2546 conatur.

168 2572 221 2601 54.
245 2574 411 2603 Deterrere
454 2575 551 2603 etiam
593 2575 697 2603 studet
737 2574 858 2602 Amata
898 2581 918 2602 a

123 2619 307 2648 certamine.
356 2621 416 2648 Sed
449 2620 531 2648 niun
563 2619 676 2658 efficit,
711 2628 771 2649 nec
804 2624 917 2655 potest.

125 2667 206 2694 Nam
229 2667 423 2694 lamentatur
447 2669 480 2693 ut
508 2665 637 2700 femina,
673 2666 829 2694 rationem
855 2672 919 2700 qua

124 2712 227 2746 possit
238 2711 336 2739 vitari
348 2711 503 2746 proelium
514 2711 554 2747 ei,
571 2711 604 2739 in
618 2720 678 2746 quo
690 2712 794 2740 omnis
807 2712 919 2740 domus

124 2757 294 2793 recumbit,
338 2765 400 2785 non
425 2757 582 2791 adstruit:
623 2757 745 2786 accedit
766 2757 920 2793 Lavinia,

125 2810 190 2838 qua
228 2803 304 2831 visa
337 2804 466 2831 Turnus
504 2802 608 2838 inagis
649 2803 838 2832 incenditur.
879 2817 916 2827 ,-

125 2857 218 2877 nova
245 2850 335 2877 sorte
359 2855 506 2889 pugnae
537 2848 558 2876 i.
583 2856 610 2876 e.
643 2848 815 2877 certamine
851 2848 920 2877 sin-

127 2895 245 2932 gulari.

171 2940 224 2969 55.
250 2941 311 2969 Pro
342 2936 512 2968 moritura
537 2938 618 2968 coni.
647 2935 709 2967 Rb.
734 2936 921 2975 monitura,

132 2988 216 3021 quod
258 2994 320 3015 non
365 2986 473 3014 statim
507 2984 660 3014 moritura
703 2984 754 3013 sit.
801 2985 922 3014 Tamen

134 3037 182 3061 est
205 3031 244 3062 cf.
269 3029 413 3060 61—63.

994 1198 1048 1228 36.
1080 1195 1195 1228 'l'urne
1213 1200 1334 1227 nudum
1352 1206 1467 1227 nomen
1482 1199 1626 1228 vocativi
1641 1200 1742 1235 primo

947 1247 1016 1275 loco
1026 1245 1165 1280 positum
1173 1249 1202 1273 et
1220 1244 1475 1273 familiaritatem
1488 1245 1595 1280 signat
1608 1246 1744 1275 dicentis

948 1296 976 1320 et
997 1292 1151 1320 ardorem.
1168 1305 1205 1310 —
1223 1297 1296 1328 per,
1316 1288 1425 1329 siquis
1434 1291 1471 1319 de
1486 1295 1647 1320 structura
1660 1292 1699 1321 ct‘.
1712 1290 1742 1328 2,

950 1334 1024 1365 142.
1049 1336 1162 1364 Simile
1187 1333 1218 1371 7,
1245 1333 1322 1364 40¹.
1354 1337 1576 1365 obtestaturae
1600 1338 1743 1367 Turnum

948 1382 977 1410 ei
1004 1382 1036 1409 in
1060 1385 1197 1410 mentem
1224 1380 1330 1417 venit,
1370 1389 1443 1410 eum
1478 1381 1615 1411 fortasse
1637 1383 1743 1418 ipsam

947 1436 1010 1455 non
1035 1434 1158 1456 curare.

994 1493 1049 1523 59.
1075 1495 1122 1523 'Pu
1149 1503 1184 1523 es
1207 1496 1356 1523 columen
1379 1495 1542 1533 familiae,
1576 1500 1606 1524 te
1637 1502 1744 1533 erepto

948 1541 1073 1576 peribit.

995 1608 1048 1638 60.
1081 1606 1131 1638 ΡΙ.
1156 1610 1239 1640 coni.
1271 1606 1414 1639 'I'eucro.

996 1675 1049 1706 61.
1079 1679 1111 1706 tc
1137 1680 1278 1707 manent
1303 1686 1403 1707 casus
1423 1678 1462 1708 cf.
1483 1676 1513 1714 2,
1531 1676 1606 1708 194.
1632 1681 1744 1715 Itaque

951 1724 1073 1752 Amata
1102 1723 1154 1752 sui
1189 1731 1296 1752 amore
1330 1725 1402 1753 vult
1441 1724 1474 1753 in
1504 1725 1574 1753 vita
1607 1726 1745 1755 retinere

951 1770 1105 1805 Turnum,
1130 1769 1219 1798 vitae
1243 1777 1323 1798 suae
1348 1770 1526 1806 prodigum.

997 1835 1050 1866 63.
1083 1834 1233 1866 Lumina
1262 1840 1292 1866 h.
1317 1839 1337 1866 l.
1365 1838 1480 1867 dicitur
1504 1838 1589 1874 vita,
1627 1843 1660 1867 ut
1691 1835 1746 1868 lu-

950 1881 1045 1912 mina
1060 1881 1154 1912 vitae
1181 1885 1332 1919 leguntur
1347 1881 1377 1919 6,
1391 1881 1468 1912 828.
1495 1881 1526 1921 7,
1546 1881 1621 1913 771.
1641 1889 1671 1913 et
1685 1881 1746 1913 lux

953 1927 1068 1964 4,452.
1079 1945 1122 1948 d
1132 1931 1198 1957 Non
1215 1929 1326 1966 feram,
1340 1933 1372 1958 ut
1385 1938 1443 1965 ego
1457 1930 1587 1964 captiva
1595 1939 1746 1965 generum

955 1976 1082 2004 videam
1110 1976 1266 2004 Aeneam.
1315 1975 1376 2003 His
1406 1976 1519 2004 matris
1547 1977 1656 2005 verbis
1685 1984 1746 2005 au-

952 2022 1027 2050 ditis
1057 2021 1200 2049 Lavinia
1218 2025 1363 2050 movetur
1381 2023 1509 2055 pudore,
1533 2024 1616 2057 quod
1637 2030 1746 2052 coram

955 2068 1026 2096 viro
1051 2068 1088 2096 de
1114 2067 1187 2102 ipsa
1216 2067 1340 2104 agitur3
1391 2068 1563 2102 modestia,
1599 2070 1681 2103 quod
1708 2071 1746 2098 ob

955 2113 1060 2148 ipsam
1091 2117 1215 2141 tantum
1259 2114 1380 2142 bellum
1415 2114 1555 2147 exarsit3
1603 2114 1747 2152 tristitia,

955 2160 1035 2194 quod
1061 2164 1194 2188 matrem
1218 2159 1305 2187 videt
1329 2166 1472 2188 maerere
1497 2164 1525 2187 et
1551 2168 1626 2189 esse
1647 2161 1748 2190 mori-

957 2210 1070 2234 turam.
1113 2205 1235 2239 Quibus
1259 2205 1405 2234 lacrimis
1426 2204 1511 2233 visis
1537 2205 1666 2234 Turnus
1683 2207 1748 2235 sibi

958 2251 1069 2280 favere
1093 2251 1268 2279 Laviniam
1293 2251 1466 2287 concludit,
1502 2251 1672 2287 magisque
1696 2253 1747 2281 in-

958 2297 1111 2327 cenditur.
1159 2297 1302 2325 Lavinia
1330 2300 1435 2326 autem
1465 2304 1519 2331 per
1551 2300 1650 2326 totum
1675 2305 1748 2327 car·-

959 2351 1031 2372 men
1049 2342 1151 2377 prodit
1183 2342 1216 2370 in
1240 2349 1381 2378 scenam,
1410 2340 1448 2377 l]
1468 2342 1501 2370 in
1521 2343 1625 2372 sacris
1638 2343 1748 2372 Latini

956 2386 987 2422 7,
1013 2386 1073 2422 73;
1101 2386 1141 2423 2)
1167 2389 1256 2417 ubia
1273 2394 1375 2418 matre
1399 2388 1533 2423 eripitur
1556 2392 1584 2417 et
1610 2391 1750 2419 abscon-

956 2435 1040 2463 ditur
1061 2431 1093 2468 7,
1119 2431 1203 2469 3873
1257 2432 1296 2470 3]
1320 2434 1375 2463 ubi
1410 2434 1481 2463 eius
1506 2439 1637 2463 mortem
1661 2436 1750 2472 luget

959 2478 1010 2510 12.
1043 2478 1124 2511 605:
1167 2478 1206 2515 4]
1230 2480 1285 2509 uhi
1318 2481 1520 2515 supplicatur
1543 2481 1671 2509 Palladi
1696 2478 1750 2518 tt,

957 2524 1039 2559 479;
1080 2525 1120 2561 5]
1146 2528 1205 2555 hoc
1228 2528 1316 2561 loco;
1366 2526 1398 2555 in
1427 2526 1479 2554 liis
1504 2526 1627 2555 duobus
1667 2527 1749 2556 locis

958 2573 1004 2601 ita
1033 2576 1068 2600 ut
1089 2572 1218 2600 Turnus
1249 2573 1290 2601 ad
1320 2573 1466 2601 audenda
1498 2571 1605 2600 omnia
1634 2572 1753 2608 impet--

957 2619 1054 2654 latur,
1076 2625 1235 2652 nusquam
1261 2622 1293 2646 ut
1320 2617 1482 2647 Laviniae
1504 2623 1657 2652 appareat
1678 2619 1749 2648 ani-

959 2672 1040 2693 muS.
1089 2665 1197 2698 Neque
1220 2663 1251 2691 id
1273 2663 1339 2692 fieri
1358 2663 1468 2698 potuit.
1498 2665 1578 2692 Nam
1594 2664 1623 2692 si
1643 2665 1750 2693 Turno

958 2710 1100 2745 faveret,
1143 2717 1205 2737 non
1232 2710 1370 2744 placeret
1401 2709 1532 2737 Aeneas
1554 2710 1674 2739 ducens
1698 2711 1750 2739 in-

959 2755 1073 2791 vitam,
1111 2762 1213 2789 neque
1243 2754 1323 2783 felix
1356 2762 1429 2783 esse
1451 2759 1558 2789 posset
1579 2763 1616 2784 eo
1638 2757 1750 2785 matri-

960 2800 1086 2835 monio,
1143 2800 1172 2828 si
1211 2800 1343 2829 Aeneae
1378 2808 1452 2829 esse
1492 2802 1601 2838 vellet,
1649 2803 1750 2831 Turni

961 2853 1086 2875 omnem
1117 2846 1281 2875 excederet
1306 2847 1432 2874 modum
1454 2845 1596 2883 insania,
1620 2847 1650 2876 si
1674 2856 1750 2877 con-

963 2893 1011 2921 tra
1041 2895 1071 2919 et
1101 2892 1202 2925 patris
1230 2896 1259 2921 et
1284 2891 1370 2920 filiae
1394 2892 1594 2921 voluntatem
1619 2894 1750 2929 nuptias

962 2937 1064 2965 vellet
1088 2937 1238 2967 obtinere.
1287 2938 1336 2966 Ex
1367 2945 1454 2966 more
1482 2942 1588 2967 autem
1619 2940 1749 2975 antiquo

962 2982 1215 3056 finazzsumecm
1251 2987 1317 3011 erat
1352 2984 1510 3013 voluntati
1550 2985 1662 3020 patris.
1708 2987 1748 3016 cf.

963 3036 994 3057 v.
1043 3029 1072 3056 ⁵.
