2023 3350
122 218 431 272 Artificumque
461 231 610 259 manus
646 219 757 260 inter
792 233 836 260 se
877 232 1137 272 operumque
1170 218 1360 260 laborem

360 276 475 317 videt
506 275 661 317 Iliacas
695 290 745 317 ex
780 276 927 318 ordine
961 290 1136 330 pugnas,

120 276 303 317 Miratur
315 310 324 327 ,

118 333 324 386 Bellaque
355 333 439 374 iam
476 331 591 374 fama
622 336 760 374 totum
798 334 970 387 volgata
1006 348 1082 387 per
1118 332 1275 383 orbem,

118 391 292 431 Atridas
302 424 310 441 ,
350 390 647 443 Priamumque
657 424 664 441 ,

119 448 324 489 Constitit
355 451 397 488 et
431 447 681 489 lacrimans:

119 505 237 555 Quae
277 505 395 558 regio
434 505 479 546 in
515 505 642 546 terris
681 506 817 547 nostri
854 520 940 547 non
976 506 1102 560 plena
1140 505 1330 546 laboris?

115 562 181 603 En
212 562 404 603 Priamus
420 562 428 602 l

118 619 225 661 Sunt
259 619 461 660 lacrimae
497 633 656 671 rerum,
694 624 735 662 et
769 624 951 662 mentem
985 620 1184 661 mortalia
1219 621 1413 672 tangunt.

117 676 242 718 Solve
277 680 414 717 metus
425 690 434 728 3

116 733 185 775 Sic
218 734 280 775 ait
312 737 442 787 atque
473 734 657 775 animum
691 736 858 788 pictura
890 735 1028 788 pascit
1064 734 1192 786 inani,

742 105 975 138 AENEJDOS
1002 108 1086 139 LtB.
1110 108 1136 139 1.
1691 106 1742 144 39

1662 219 1743 258 455

708 394 749 432 et
786 406 956 433 saevum
993 390 1199 432 ambobus
1232 388 1437 431 Achillen.

744 449 844 499 Quis
881 449 966 490 iam
1000 449 1138 499 locus,
1175 447 1330 501 inquit,
1369 445 1542 497 Achate,
1660 504 1743 543 460

489 561 595 603 Sunt
632 562 701 604 hic
736 563 865 605 etiam
906 577 982 604 sua
1016 563 1206 616 praemia
1242 561 1382 612 laudi,

475 676 584 717 feret
620 677 724 719 haec
759 678 949 731 aliquam
985 677 1065 718 tibi
1098 677 1212 718 fama
1247 677 1437 718 salutem.

1661 788 1742 827 4ss5

115 791 254 832 Multa
287 805 476 844 gemens,
511 791 717 846 largoque
748 793 965 834 humectat
1000 792 1170 833 flumine
1202 790 1373 831 voltum.

114 849 308 902 Namque
342 848 534 899 videbat,
573 850 637 890 uti
674 850 881 891 bellantes
916 850 1123 901 Pergama
1157 849 1315 889 circum

115 906 207 948 Hac
245 906 441 959 fugerent
474 905 608 959 Graii,
646 911 858 961 premeret
888 907 1072 948 Troiana
1107 906 1321 954 iuventus3

114 963 207 1005 Hac
238 963 443 1017 Phryges,
482 963 663 1006 instaret
703 979 830 1006 curru
868 964 1067 1005 cristatus
1101 962 1298 1004 Achilles.

117 1116 198 1144 inter
223 1124 257 1144 se
281 1115 531 1149 colloquentibus
552 1114 662 1143 audire
686 1115 828 1150 reginam
850 1115 906 1142 ad-

115 1166 293 1190 venturam.
349 1162 428 1188 Nam
460 1165 549 1194 poeta
581 1160 691 1193 epicus
724 1168 785 1187 non
818 1164 906 1188 curat

116 1207 244 1242 linguae
265 1206 493 1234 diversitatem.
518 1214 619 1239 neque
643 1205 714 1233 eius
738 1209 785 1233 est
810 1205 906 1233 inter—

115 1259 228 1286 ponere
248 1252 458 1285 interpretem.
489 1266 526 1270 —
547 1249 698 1288 fortuna
723 1248 905 1284 „felicitas”

115 1299 145 1325 S.
173 1305 258 1331 opeS.

159 1340 234 1370 455.
263 1339 439 1380 Artificum
469 1349 594 1370 manus
619 1346 675 1370 etc.
707 1341 728 1369 i.
755 1350 781 1369 e.
804 1346 904 1370 artem

113 1388 147 1416 in
177 1388 324 1423 operibus
355 1392 383 1416 et
421 1389 559 1416 laborem
589 1394 780 1421 comparans
807 1388 905 1416 mira-

113 1437 172 1462 tur.
226 1433 272 1462 Cf.
292 1434 415 1461 Petron.
437 1435 500 1461 Sat.
521 1431 562 1461 83
585 1430 759 1461 Zeuxidos
782 1441 904 1462 manus

114 1476 189 1508 vidi
222 1476 373 1508 nondum
410 1476 591 1508 vetustatis
623 1476 753 1506 iniuria
785 1476 904 1507 victas.

112 1527 196 1553 Nos:
236 1532 272 1552 er
304 1521 447 1553 schreibt
481 1521 556 1553 eine
588 1526 673 1562 gnte
713 1521 827 1553 Hand.
862 1540 899 1544 —-

113 1567 204 1599 inter
227 1577 262 1598 se
288 1570 383 1606 Vulg.
417 1567 511 1599 intra
536 1577 571 1599 se
593 1571 792 1608 Rupflytnp.
825 1574 902 1598 teste

115 1613 178 1644 Rb.
204 1624 300 1650 qutun
321 1612 386 1643 Hn.
411 1620 440 1644 et
467 1613 552 1656 Wg.
582 1624 622 1644 ex
643 1616 735 1643 libris
756 1617 901 1644 omnibus

113 1663 187 1689 dant
214 1659 303 1689 inter
326 1668 380 1696 se,·
409 1662 490 1695 quod
521 1659 575 1688 δ’ὁ.
604 1662 744 1695 explicat
768 1669 903 1690 ..manus

113 1707 267 1736 artificum
298 1707 379 1735 inter
403 1716 437 1735 se
464 1707 671 1741 operantium.
728 1705 786 1735 Rb.
821 1707 901 1736 coni.

114 1749 249 1781 intrans
274 1753 347 1780 sive
373 1750 492 1780 intras.
541 1753 601 1780 Sed
625 1761 686 1780 non
717 1753 802 1781 intus
830 1757 903 1781 sunt

113 1798 288 1835 imagines,
339 1806 395 1826 nec
438 1803 519 1827 recte
558 1803 722 1826 narratur:
766 1796 903 1826 intrans

113 1841 272 1872 miratur.
331 1840 410 1871 Wd.
447 1843 629 1878 suspicatur
660 1852 714 1878 pro
750 1841 838 1872 iuter
869 1852 904 1872 se

114 1891 178 1917 tale
202 1889 341 1923 aliquid,
373 1891 466 1922 quale
498 1887 638 1917 nitidas.
676 1905 713 1908 —
756 1886 904 1928 Operum

115 1931 262 1962 laborem
293 1934 337 1961 ita
362 1935 396 1961 G.
424 1932 460 1967 2,
489 1932 551 1961 155
584 1935 603 1962 i.
630 1944 656 1962 e.
693 1943 788 1969 opera
821 1936 902 1969 ipsa,

114 1984 271 2014 ‹utatenus
304 1981 410 2007 labore
440 1984 468 2007 et
500 1980 665 2013 diligentia
690 1981 900 2015 perficiuntur.

115 2027 162 2054 De
185 2033 264 2053 voce
291 2022 388 2052 labor
412 2024 449 2052 cf.
477 2022 512 2057 7,
539 2023 613 2053 248.

161 2079 235 2110 458.
267 2078 416 2109 Saevum
439 2090 463 2109 c.
495 2081 620 2115 dativo·,
652 2081 695 2109 ita
719 2082 786 2109 Til).
813 2078 847 2112 1,
873 2079 902 2115 2,

113 2125 157 2155 88
190 2124 323 2155 saeuire
354 2135 379 2155 c.
415 2127 532 2154 dativo.
571 2142 607 2145 —
642 2127 770 2154 Priamo
804 2127 904 2155 iratus

114 2178 178 2204 est.
221 2176 254 2200 ut.
291 2172 389 2200 hosti.
442 2172 567 2200 Atridis
608 2180 662 2206 per
703 2177 825 2206 tempus
867 2175 904 2200 ol)

114 2223 255 2253 ereptam
277 2218 468 2248 Briseidem:
494 2225 591 2252 quare
617 2218 667 2245 his
691 2218 799 2246 verbis
824 2218 906 2246 inest

114 2268 334 2300 argumentum
366 2264 487 2291 Iliadis.
550 2264 642 2291 Hunc
671 2271 701 2291 v.
736 2264 820 2291 elis-it
857 2260 904 2291 Pl.

116 2312 198 2345 quod
225 2317 346 2337 saevus
361 2309 485 2337 Atridis
502 2309 650 2337 Achilles
670 2317 731 2336 non
753 2309 907 2343 pertineat

115 2357 156 2384 ad
174 2356 292 2384 iliacas
318 2364 358 2383 ex
383 2355 490 2383 ordine
517 2362 649 2389 pugnas,
676 2359 703 2382 et
729 2356 808 2388 quod
836 2362 908 2383 sae-

116 2410 180 2430 vus
207 2401 334 2428 Priamo
362 2408 423 2428 non
446 2404 527 2429 recte
557 2401 680 2429 dicatur
705 2408 750 2429 sc.
775 2400 821 2437 ei.
855 2400 907 2429 cui

118 2451 159 2475 tot
187 2446 268 2474 filios
297 2445 470 2475 interfecit!

162 2500 237 2530 460.
270 2499 377 2530 Plena
401 2499 546 2537 laboris.
576 2502 614 2532 cf.
641 2500 677 2539 4,
703 2499 777 2530 189.

766 2555 801 2589 4.
829 2555 903 2586 597.

164 2556 240 2586 461.
272 2556 323 2586 Ειι
357 2566 428 2587 cum
456 2560 669 2589 nominativo.
702 2562 734 2586 nt

119 2605 157 2639 5,
186 2601 250 2632 639
282 2605 360 2631 solet
391 2604 488 2638 iungi.
545 2605 591 2633 Cf.
617 2606 668 2632 Gr.
702 2604 723 2637 ς
755 2600 829 2632 311.
865 2620 901 2623 -

124 2647 218 2679 Laus
254 2653 299 2677 est
341 2657 435 2683 quam
473 2650 589 2679 virtute
620 2654 648 2678 et
682 2652 775 2678 rebus
807 2650 906 2685 gestis

117 2696 238 2730 aliquis
268 2700 404 2723 meretur
433 2695 471 2723 cf.
501 2695 537 2727 5,
564 2694 638 2723 355.
674 2693 712 2728 8,
741 2693 816 2723 273.
854 2692 904 2728 10,

115 2740 192 2770 825.
220 2739 256 2774 9,
282 2738 345 2768 252
376 2737 472 2777 Quae
493 2738 605 2780 digna
625 2738 690 2769 riri
708 2748 769 2778 pro
791 2738 906 2769 laudi-

117 2785 178 2816 bus*
204 2784 279 2814 ieri<
307 2783 406 2813 Posse
434 2794 511 2813 rear
534 2781 647 2814 solvi?
694 2787 803 2820 ltaque
827 2784 906 2814 laus

117 2833 245 2861 omnino
278 2833 314 2860 de
347 2831 427 2860 facto
458 2833 623 2860 laudabili.
670 2831 820 2861 Effectum
851 2840 905 2866 pro

118 2878 287 2908 efficiente.
318 2881 350 2905 ut
380 2874 508 2905 vulnus
532 2886 588 2912 pro
617 2874 681 2905 telo
704 2875 739 2908 2.
767 2875 841 2905 529.
866 2893 903 2897 -—

120 2921 202 2954 Hic.
226 2923 281 2951 uhi
305 2931 389 2951 nunc
412 2931 539 2954 sitinus,
565 2923 762 2957 Carthagini.

167 2977 244 3008 462.
271 2981 349 3007 Sunt
375 2976 541 3008 lacrimae
568 2987 676 3008 rerum
706 2979 744 3008 cf.
772 2977 809 3014 2,
843 2976 908 3007 784

118 3025 141 3054 i.
163 3034 190 3055 e.
210 3033 316 3054 rerum
332 3025 491 3055 factarum
508 3026 606 3055 etiam
622 3032 732 3054 earum
747 3032 828 3060 quae
846 3033 910 3054 non

953 1115 993 1142 ad
1018 1114 1105 1148 ipsos
1128 1113 1299 1147 pertinent:
1327 1116 1354 1139 et
1377 1111 1519 1138 mentem
1543 1117 1587 1137 sc.
1607 1107 1742 1135 Cartha-

952 1160 1077 1195 ginieu
1073 1160 1147 1186 ium
1171 1159 1336 1198 tangunt.
1363 1152 1502 1184 rt'ihren.
1533 1154 1571 1182 cf.
1592 1153 1656 1181 Cic.
1676 1153 1740 1180 A.1t

953 1202 1052 1239 2,19
1087 1202 1206 1232 Minae
1232 1183 1348 1232 Clodii
1432 1197 1563 1229 modice
1588 1206 1640 1227 me
1664 1199 1742 1226 tan-

952 1253 1052 1290 gunt.
1090 1265 1128 1269 ——
1162 1251 1273 1283 Itaque
1303 1249 1398 1277 huius
1431 1251 1533 1275 terrae
1559 1245 1683 1273 incolae
1713 1247 1741 1271 et

952 1297 1101 1325 virtutem
1129 1297 1238 1325 laude.
1274 1299 1302 1323 et
1335 1293 1497 1322 miseriam
1523 1289 1742 1319 misericordia

952 1346 1192 1376 prosequuntur.
1217 1356 1253 1360 —
1274 1342 1343 1368 Iam
1362 1337 1420 1368 ΒΓ.
1435 1337 1567 1367 coniecit
1581 1337 1742 1376 gentem,-

957 1385 1020 1416 Gt.-
1053 1389 1132 1416 sunt
1163 1383 1330 1414 lacrimae
1361 1380 1554 1413 aerumnis.-
1591 1382 1741 1421 gentem.

956 1430 1013 1461 Pl.-
1038 1436 1115 1461 sunt
1142 1430 1317 1460 lacrimae.
1343 1438 1432 1465 reor,
1458 1431 1562 1468 atque
1587 1424 1742 1456 homines

950 1476 1115 1507 mortalia
1138 1473 1314 1518 tangunt!

995 1523 1070 1552 463.
1101 1521 1240 1553 Solvere
1261 1524 1370 1550 metue
1393 1521 1430 1550 cf.
1453 1519 1483 1548 5.
1510 1517 1585 1546 420.
1604 1533 1641 1537 —
1663 1518 1740 1545 Plu-

949 1571 1029 1599 ralis
1058 1574 1155 1600 recte.
1190 1576 1265 1597 nam
1297 1569 1395 1599 multa
1427 1567 1567 1595 adversa
1596 1563 1741 1592 accidere

948 1620 1090 1650 poterant
1109 1615 1249 1643 omnium
1269 1622 1373 1642 rerum
1392 1612 1539 1646 inopibus
1558 1614 1587 1639 et
1606 1610 1639 1637 in
1656 1612 1741 1636 terra

949 1662 1111 1695 incognita
1136 1660 1351 1689 versantibus.
1396 1659 1442 1686 De
1473 1659 1531 1685 hoc
1555 1654 1674 1690 plurali
1701 1653 1738 1682 cf.

950 1706 980 1736 5.
1009 1705 1083 1735 2359.
1133 1708 1171 1735 In
1195 1715 1230 1734 eo
1256 1710 1362 1734 autem
1378 1710 1496 1737 magna
1515 1707 1561 1731 est
1583 1700 1741 1730 sermonis

950 1754 1095 1781 dulcedo.
1131 1753 1212 1787 quod
1231 1753 1387 1780 Achatem
1410 1748 1584 1783 alloquitur
1607 1753 1741 1779 eumque

950 1804 981 1827 ut
1000 1801 1079 1827 bono
1104 1799 1210 1826 animo
1234 1797 1272 1825 sit
1298 1799 1492 1825 exhortatur.
1515 1809 1551 1812 —-
1581 1789 1739 1830 Aliquam

949 1845 968 1872 ⁸1.
994 1853 1019 1873 e.
1045 1853 1105 1872 non
1128 1844 1404 1875 contemnendam:
1430 1840 1537 1875 qualis
1562 1838 1667 1867 satura
1688 1836 1740 1871 sit,

950 1892 1087 1918 nondum
1113 1894 1213 1924 potest
1239 1889 1376 1923 signare.

996 1944 1070 1974 464.
1104 1943 1218 1974 Pascit
1243 1942 1416 1973 animum:
1459 1950 1494 1971 er
1518 1937 1641 1970 weidet
1669 1935 1740 1968 siclz

950 2000 1005 2021 am
1037 1989 1152 2021 radten
1185 1988 1287 2019 Bilcle
1318 1991 1356 2019 cf.
1392 1990 1457 2018 Cic.
1490 1988 1580 2016 Verr.
1617 1986 1653 2020 5,
1687 1983 1739 2012 26.

955 2035 1065 2075 Quum
1116 2034 1189 2065 eius
1233 2033 1388 2064 cruciatu
1431 2037 1535 2072 atque
1572 2027 1741 2071 supplirio

949 2090 1090 2121 pascere
1129 2079 1243 2110 oculos
1281 2078 1416 2109 vellent.
1456 2095 1493 2099 --
1540 2075 1658 2107 Inanis
1693 2080 1741 2104 est

952 2129 1073 2162 pictura
1099 2128 1170 2155 sive
1190 2129 1365 2161 caelatura,
1390 2126 1419 2154 si
1442 2128 1643 2160 comparatur
1668 2129 1739 2151 cum

952 2176 1045 2201 lebus
1069 2173 1184 2207 quibus
1209 2172 1353 2200 interfuit
1378 2172 1456 2206 ipse.

999 2227 1074 2257 465.
1102 2228 1229 2256 Similia
1252 2226 1332 2256 6.1.
1367 2225 1419 2258 11,
1446 2225 1498 2255 90.
1542 2221 1739 2256 Hom.Il.9,

956 2273 994 2303 14
1027 2275 1224 2308 Agamemno
1258 2266 1467 2310 δακρυχέων
1507 2262 1597 2299 ω’στε
1627 2261 1739 2307 κρήνη

952 2313 1185 2359 μείςὲνυδρος
1233 2320 1327 2347 Lucr.
1358 2316 1392 2351 l,
1423 2314 1486 2345 919
1514 2313 1561 2344 Et
1586 2310 1739 2343 lacrimis

954 2363 1057 2394 salsis·
1097 2361 1297 2393 humectant
1337 2370 1397 2391 ora
1438 2369 1626 2402 genasque.
1691 2360 1738 2386 Ex

954 2415 1059 2440 nostro
1088 2419 1187 2438 more.
1226 2409 1281 2444 qui
1318 2409 1470 2437 lacrimas
1507 2407 1638 2434 fundere
1667 2404 1738 2433 viro

954 2457 1025 2485 forti
1057 2457 1237 2484 indecorum
1269 2457 1436 2487 habentus,
1481 2461 1544 2481 non
1577 2455 1623 2480 est
1660 2453 1738 2478 haec

954 2512 1003 2531 res
1036 2502 1215 2531 iudicanda.
1265 2501 1354 2529 Dixit
1386 2500 1480 2528 etiam
1512 2500 1570 2527 Ov.
1601 2499 1673 2525 Met.
1711 2493 1737 2529 l,

951 2546 1015 2576 584
1046 2544 1192 2575 Inachus
1207 2543 1349 2584 fletibus
1369 2546 1477 2585 auget
1499 2551 1631 2582 aquas‚·
1657 2542 1738 2576 quod

952 2602 1009 2622 nos
1032 2602 1093 2622 non
1119 2594 1311 2622 diceremus.
1342 2591 1406 2619 nisi
1431 2590 1508 2618 forte
1533 2589 1682 2618 iocantes.

997 2648 1072 2679 467.
1103 2647 1177 2679 Hac
1201 2664 1238 2668 —
1262 2645 1325 2676 hac
1343 2647 1387 2675 ita
1411 2646 1555 2681 opposita
1577 2647 1665 2680 leges
1685 2651 1736 2678 ap.

952 2698 1043 2731 Prop.
1070 2694 1097 2724 1.
1125 2693 1153 2724 3.
1182 2692 1232 2722 13.
1281 2693 1328 2722 Cf.
1353 2692 1382 2726 9,
1409 2689 1483 2720 572.
1514 2707 1551 2711 ——
1581 2687 1738 2719 premere

952 2739 1091 2771 hostem.
1119 2741 1278 2775 proprium
1303 2741 1362 2767 hac
1385 2739 1418 2766 in
1440 2746 1474 2767 re
1494 2739 1626 2766 verbum
1652 2736 1738 2770 apud

952 2788 1100 2816 Livium.
1127 2787 1313 2814 Caesarem.
1338 2786 1382 2812 al.
1408 2783 1445 2813 cf.
1475 2781 1548 2811 324.

999 2842 1073 2871 46³3.
1101 2844 1136 2870 In
1163 2842 1260 2871 erista
1287 2842 1367 2869 inest
1398 2841 1534 2875 aliquid.
1563 2840 1643 2874 quod
1675 2843 1736 2866 ter-

952 2897 1054 2918 rorem
1090 2892 1234 2921 moveat·
1281 2887 1353 2916 hinc
1388 2880 1634 2935 κορυθαίολος
1654 2875 1737 2912 Έκ-

952 2943 1025 2972 ‘cmo
1057 2938 1085 2963 et
1120 2935 1156 2961 1.1
1189 2932 1223 2962 6.
1260 2929 1322 2959 469
1359 2925 1474 2981 λόφον
1506 2926 1738 2968 ἱππιοχαίτην

955 2973 1074 3008 δεινὸν
1098 2971 1158 3007 ἄπ’
1182 2970 1385 3016 ἀκροτάτης
1398 2970 1562 3016 κόρυθος
1584 2982 1736 3004 νευοντα

954 3018 1090 3065 νοήσας
1114 3024 1217 3053 tremit
1239 3024 1425 3060 Astyanax.
1473 3023 1520 3053 Cf.
1549 3019 1605 3058 127
1630 3019 1684 3051 88.
