2023 3350
90 198 213 250 Inde,
245 198 321 240 ubi
358 199 478 241 clara
508 198 627 241 dedit
658 200 845 242 sonitum
883 201 1005 254 tuba,
1042 202 1198 245 finibus
1230 218 1386 256 omnes,

91 256 221 297 Haud
257 270 400 308 mora,
445 257 684 310 prosiluere
722 258 832 310 suis,
886 259 988 301 ferit
1027 261 1205 303 aethera
1246 263 1409 304 clamor

90 314 318 366 Nauticus,

91 370 311 412 Infindunt
346 373 512 425 parit-er
552 372 710 424 sulcos,
753 377 978 428 totumque
1016 375 1199 417 dehiscit

92 428 348 470 Convolsum
390 430 518 470 remis
555 431 795 483 rostrisque
834 432 1093 474 tridentibus
1131 447 1306 487 aequor.

89 486 187 527 Non
222 490 313 527 tam
350 487 610 540 praecipites
650 487 796 541 biiugo
832 490 1063 530 certamine
1101 505 1298 545 campum

92 544 347 597 Corripuere
390 548 604 598 ruuntque
645 545 765 587 effusi
802 560 973 588 carcere
1011 561 1172 600 currus,

87 601 177 642 Nec
219 601 280 642 sic
316 601 521 643 immissis
563 603 739 656 aurigae
777 604 988 646 undantia
1026 604 1121 646 lora

91 658 354 700 Concussere
391 659 503 712 iugis
536 661 747 714 pronique
782 661 826 702 in
857 661 1039 704 verbera
1078 661 1278 715 pendent.

88 715 195 756 Tum
234 715 392 769 plausu
434 717 694 771 fremituque
733 718 869 760 virum
904 719 1142 773 studiisque
1174 719 1392 760 faventum

88 773 305 815 Consonat
341 787 465 815 omne
503 789 673 827 nemus,
716 789 946 830 vocemque
983 777 1149 818 inclusa
1181 776 1381 818 volutant

704 87 939 121 AENEtDos
970 90 1053 122 Lm.
1082 91 1122 123 v.
1657 96 1737 135 225

1658 268 1738 307 140

373 314 571 356 adductis
610 320 813 368 spumant
849 315 961 358 freta
999 331 1123 359 versa
1163 319 1349 362 lacertis.

1657 553 1736 590 145

1651 838 1734 876 150

85 831 254 882 Litora;
302 832 466 884 pulsati
504 833 634 874 colles
675 833 863 875 clamore
897 834 1121 875 resultant.

84 887 249 942 Effugit
289 892 388 930 ante
429 889 538 931 alios
575 890 813 944 primisque
852 891 1038 932 elabitur
1077 889 1204 932 undis

84 945 273 987 Turbam
304 946 418 988 inter
450 947 756 1002 fremitumque
797 948 932 1002 Gyas3
977 962 1105 1001 quem
1145 946 1299 988 deinde
1342 946 1580 990 Cloanthus

88 1003 394 1057 Consequitur,
435 1005 588 1046 melior
628 1006 778 1057 remis,
825 1005 900 1047 sed
934 1005 1125 1058 pondere
1165 1004 1292 1057 pinus

83 1060 227 1104 Tarda
263 1065 392 1103 tenet.

131 1223 206 1254 139.
234 1224 384 1256 sonitum
412 1223 509 1256 dedit
532 1226 572 1255 cf.
596 1225 633 1262 2,
660 1226 736 1256 698.

133 1270 206 1300 140.
236 1269 391 1307 Finibus,
416 1281 433 1301 e
460 1273 649 1301 carceribus
675 1278 703 1301 et
730 1281 772 1301 ex
797 1275 884 1309 loco,

82 1319 137 1352 qui
163 1318 338 1353 unicuique
358 1324 426 1347 erat
452 1318 613 1346 definitus.
651 1320 745 1347 Hanc
768 1319 885 1347 lectio-

83 1371 167 1399 nem,
194 1364 225 1392 in
252 1367 334 1393 Mss.
367 1364 518 1392 omnibus
547 1364 708 1400 traditam,
739 1365 882 1399 ineptam

78 1409 237 1437 iudicavit
266 1406 317 1438 ΡΙ.
344 1415 374 1438 et
404 1410 538 1444 scripsit
561 1407 666 1447 tuba,
706 1407 884 1439 sedibus

81 1463 197 1483 omnes
222 1463 269 1483 sc.
296 1460 414 1484 nautae
432 1452 541 1483 Haud
566 1463 664 1484 mora
688 1453 885 1494 prosiluere

80 1499 164 1529 suis.
209 1503 310 1536 Negat
343 1506 451 1529 autem
483 1498 649 1540 prosilire
682 1509 785 1536 posse
821 1502 883 1530 dici

80 1553 205 1581 naves,
234 1548 318 1580 quod
346 1549 481 1575 verbum
509 1546 536 1574 si
565 1547 760 1583 premimus,
795 1552 883 1576 recle

80 1592 167 1626 dicit,
193 1593 252 1620 sed
279 1593 311 1621 id
336 1593 445 1627 ipsum
468 1592 615 1626 ineptum
634 1597 695 1621 est.
725 1590 883 1622 Funibus

79 1638 163 1666 coni.
193 1634 253 1666 Hb.
276 1639 436 1672 docetque
460 1638 637 1674 exemplis,
665 1639 750 1672 quod
772 1643 883 1667 notum

79 1687 149 1720 est,
182 1682 315 1712 funibus
346 1692 452 1712 naves
486 1684 626 1718 alligari.
677 1686 790 1713 Naves
822 1685 883 1719 igi-

79 1734 145 1765 tur,
182 1736 266 1763 quae
302 1730 415 1758 ordine
444 1729 573 1764 positae
606 1734 700 1763 sunt,
742 1734 771 1758 ut
809 1731 883 1758 dato

79 1775 176 1809 signo
208 1781 402 1812 excurram,
440 1774 573 1803 funibus
607 1775 799 1811 alligantur!

84 1818 225 1849 Clamor
261 1818 423 1850 nauticus
452 1821 594 1849 invicem
633 1829 671 1850 se
704 1824 882 1850 exhortan-

79 1866 156 1894 tium
182 1865 224 1893 cf.
250 1864 287 1902 3,
316 1865 390 1894 128.

131 1920 201 1950 141.
235 1919 343 1950 l'ersa
367 1930 385 1951 a
412 1931 497 1951 voce
520 1930 652 1951 verrere
677 1922 717 1951 cf.
743 1921 775 1960 3,
802 1922 880 1952 290.

127 1977 200 2006 143.
227 1975 417 2017 rostrisque
449 1976 670 2007 tridentibus.
720 1980 810 2008 Idem
849 1987 881 2008 v.

79 2023 118 2061 8,
145 2024 223 2052 690.
271 2024 496 2061 Tridentinus,
537 2024 648 2052 trifidis
680 2025 798 2053 rostris
825 2033 880 2053 or-

78 2075 175 2098 natas
202 2077 307 2098 naves
332 2072 494 2098 habehant
520 2070 645 2103 antiqui
667 2069 707 2098 cf.
732 2071 802 2098 Yal.
831 2072 879 2098 ΓΙ.

80 2115 116 2151 l,
145 2114 212 2143 688
244 2112 348 2144 Volat
377 2112 542 2144 immissis
567 2123 655 2143 cava
684 2113 790 2154 pinus
816 2112 881 2144 ha-

79 2158 191 2197 benis,
243 2158 458 2200 Infinditque
497 2158 606 2189 solum
659 2162 690 2189 et
740 2168 882 2200 spumas

79 2204 186 2235 vomit
229 2213 309 2235 aere
348 2203 502 2235 tridenti.
543 2221 588 2225 -—-
632 2202 882 2243 stridentibus,

79 2253 166 2286 quod
198 2255 248 2280 est
278 2252 309 2280 in
335 2254 416 2281 Mss.
452 2252 592 2289 aliquot,
624 2255 726 2279 metro
759 2251 882 2286 impro-

80 2300 183 2326 batur.

129 2342 200 2371 14⁴.
227 2350 386 2382 campum
413 2339 587 2382 corripere
611 2342 651 2371 cf.
680 2341 715 2379 1,
742 2340 821 2370 418.

127 2399 202 2428 145.
235 2397 382 2429 Carcere
402 2405 477 2434 post
493 2399 631 2427 Ennium
652 2406 703 2433 ap.
721 2399 789 2428 Cic.
805 2399 881 2427 Div.

82 2445 116 2483 l,
146 2444 191 2474 48
222 2453 279 2480 pro
312 2445 430 2479 plurali
461 2445 597 2479 dictum,
629 2445 685 2479 qui
714 2444 746 2472 in
779 2451 880 2479 prosa

78 2493 187 2520 locum
220 2493 335 2525 habe13
369 2495 505 2518 secutus
539 2495 587 2518 est
622 2491 682 2519 Ov.
716 2491 791 2518 Her.
830 2489 879 2526 18,

83 2537 156 2565 166.
186 2552 231 2556 —-
262 2536 456 2565 Concutiunt
485 2537 555 2564 lora
585 2536 618 2564 ‘an
649 2536 749 2572 tergis
775 2543 880 2569 equo·

79 2590 161 2619 rum,
199 2587 230 2610 ut
260 2581 405 2617 incitent,
443 2581 541 2610 simul
566 2581 710 2616 proiecto
739 2589 879 2616 corpore

78 2630 218 2657 verbera
253 2626 408 2663 infligunt.
472 2627 581 2655 Habes
621 2628 754 2664 aurigas
793 2627 880 2655 omni

78 2675 172 2703 modo
195 2679 225 2702 et
248 2673 353 2702 studio
381 2680 481 2706 equos
510 2673 694 2701 incitantes.

127 2717 200 2748 146.
236 2715 417 2747 Undantia
449 2715 524 2746 lora
561 2718 608 2746 ita
642 2716 697 2755 12,
723 2715 800 2747 471.
840 2733 878 2738 —

78 2773 139 2794 nec
165 2762 213 2793 sic
239 2764 277 2794 cf.
307 2761 337 2800 2,
362 2760 438 2791 496.

126 2819 202 2850 1⁴7.
232 2818 271 2850 In
300 2817 442 2849 verbera
469 2816 621 2858 pendent
647 2820 668 2848 i.
695 2828 722 2849 e.
748 2824 783 2849 ut
806 2829 880 2849 ver-

78 2870 157 2897 bera
178 2868 251 2896 dent
276 2866 315 2896 cf.
339 2863 391 2903 10,
418 2863 483 2893 586
515 2861 684 2907 Lucagus
711 2868 742 2895 et
770 2874 882 2906 prono

78 2910 234 2952 pendens
271 2909 307 2941 in
345 2908 490 2940 verbera
530 2907 608 2940 telo.
665 2911 723 2939 Sil.
750 2909 789 2949 8,
816 2909 881 2940 283

77 2955 233 2998 pendens
258 2955 295 2986 in
328 2954 483 2986 verbera.
520 2971 558 2975 -
600 2953 751 2985 Verbera
775 2961 882 2987 autem

79 3003 177 3032 etiam
217 3010 378 3032 remorum
415 3002 581 3038 dicuntum
633 2999 882 3044 Ruderschlag

454 1062 557 1104 Post
592 1062 671 1104 hos
709 1076 847 1117 aequo
887 1062 1132 1104 discrimine
1172 1060 1324 1102 Pristis

931 1228 968 1258 cf.
1001 1230 1059 1258 Ov.
1086 1230 1127 1256 M.
1161 1225 1196 1260 3,
1221 1225 1286 1255 662
1314 1223 1370 1255 illi
1400 1233 1569 1254 remorum
1597 1223 1631 1254 in
1659 1234 1734 1255 ver-

931 1271 1009 1303 bere
1033 1276 1204 1314 perstant.
1253 1274 1406 1302 Lucanus
1427 1277 1534 1300 autem
1559 1279 1662 1300 ausus
1685 1277 1733 1301 est

930 1320 1037 1349 dicere
1062 1319 1098 1355 3,
1124 1318 1189 1347 536
1223 1316 1405 1348 Praetoria
1429 1314 1561 1357 puppis
1585 1315 1735 1346 verberi-

931 1363 993 1394 bus
1012 1363 1104 1394 senis
1130 1362 1256 1406 agitur
1286 1364 1306 1392 i.
1331 1372 1358 1392 e.
1385 1371 1444 1392 sex
1469 1371 1627 1391 remorum
1648 1363 1734 1392 ordi-

931 1412 1026 1440 nibus
1053 1412 1210 1440 instructa
1243 1414 1300 1444 est,
1332 1414 1361 1438 et
1387 1410 1445 1437 Sil.
1475 1405 1526 1442 11,
1553 1406 1617 1436 492
1647 1407 1732 1437 Cen-

930 1459 1008 1486 teno
1025 1455 1167 1495 fractus
1193 1453 1379 1495 spumabat
1410 1451 1548 1483 verbere
1572 1456 1710 1493 pontus.

979 1509 1053 1541 148.
1081 1514 1193 1541 Studia
1211 1512 1393 1541 faventium
1410 1512 1545 1546 produnt
1562 1518 1597 1539 se
1613 1512 1733 1545 plausu

931 1558 1135 1593 fremituque.
1212 1559 1426 1593 Applaudunt
1473 1561 1504 1585 et
1549 1557 1733 1585 acclamant

931 1605 1072 1639 proximi
1104 1604 1159 1639 qui
1194 1605 1304 1632 vident
1346 1607 1574 1637 excurrentem
1618 1603 1733 1631 deinde

931 1651 1047 1679 iterum
1071 1650 1222 1686 proximi,
1247 1650 1302 1684 qui
1333 1651 1474 1678 clamore
1498 1648 1631 1676 excitati
1657 1653 1733 1676 sunt

931 1697 973 1725 ad
997 1697 1208 1731 spectandum
1230 1696 1359 1729 iamque
1383 1702 1438 1723 eos
1463 1693 1676 1729 conspiciunt,
1702 1698 1733 1722 et

932 1743 981 1771 sic
1005 1750 1061 1777 per
1086 1747 1184 1770 totum
1208 1741 1304 1774 litus,
1343 1745 1374 1769 ut
1400 1740 1473 1775 ipsa
1495 1739 1591 1768 litora
1616 1747 1731 1768 vocem

929 1789 1078 1817 volutare
1103 1788 1259 1816 dicantur.

979 1831 1052 1861 149.
1079 1841 1193 1861 vocem
1220 1829 1379 1861 volutare
1403 1830 1443 1860 cf.
1473 1828 1501 1867 1,
1524 1828 1600 1859 725.

977 1887 1052 1918 150.
1079 1889 1192 1917 Simile
1228 1886 1268 1925 8,
1293 1886 1358 1915 305
1410 1885 1586 1916 Consonat
1633 1894 1733 1916 omne

928 1943 1049 1964 nemus
1068 1931 1215 1974 strepitu
1243 1931 1414 1973 collesque
1440 1929 1634 1968 resultant‚·
1665 1941 1732 1962 mo-

929 1986 1046 2009 ventur
1078 1981 1174 2014 quasi
1211 1980 1356 2014 strepitu.
1413 1978 1597 2013 Amplificat
1631 1979 1731 2008 Clau-

929 2027 1046 2055 dianus
1080 2026 1254 2054 formulam
1285 2026 1319 2053 in
1347 2024 1478 2053 Probini
1509 2028 1538 2052 et
1562 2026 1610 2053 ol.
1642 2033 1729 2053 cons.

928 2069 992 2099 174
1038 2069 1150 2100 Colles
1190 2068 1330 2099 canoris
1367 2066 1555 2110 plausibus
1589 2066 1732 2108 impulsi

928 2119 1072 2155 septena
1104 2124 1183 2145 voce
1215 2113 1398 2145 resultant.
1447 2116 1523 2144 Tac.
1555 2115 1596 2143 A.
1627 2113 1660 2150 1,
1688 2114 1729 2143 65

933 2159 1045 2199 Quum
1063 2158 1206 2189 barbari
1227 2158 1319 2189 laeto
1342 2163 1447 2189 cantu
1473 2162 1537 2189 aut
1562 2158 1655 2189 truci
1679 2169 1732 2190 so-

928 2214 1010 2235 nore
1130 2203 1341 2234 resultantes
1366 2203 1480 2234 saltus
1509 2203 1730 2244 complerent.

928 2252 1050 2281 Avien.
1095 2253 1196 2280 deser.
1233 2254 1306 2279 terr.
1356 2248 1421 2278 182
1478 2247 1618 2278 Gemitu
1654 2247 1730 2279 loca

929 2299 1054 2325 cuncta
1090 2293 1283 2330 resultant3
1321 2295 1375 2329 qui
1407 2294 1505 2323 etiam
1532 2292 1732 2333 persultare

1091 2339 1207 2370 Nullis
1240 2348 1402 2381 pecorum
1436 2336 1614 2368 balatibus
1647 2338 1731 2381 agri

925 2386 1127 2428 persultant
1165 2385 1240 2415 938.
1298 2385 1394 2415 Arva
1427 2382 1567 2414 canoris
1593 2383 1731 2424 persul-

928 2436 1006 2463 tant
1045 2430 1160 2472 cycnis
1201 2430 1277 2460 997.
1328 2432 1418 2466 Calp.
1452 2431 1516 2460 Sic.
1549 2432 1585 2458 E.
1620 2428 1652 2466 l,
1687 2429 1729 2460 28

933 2476 1031 2508 Nihil
1056 2475 1251 2507 armentale
1273 2474 1433 2506 resultat.

978 2532 1050 2563 151.
1085 2532 1226 2576 Effugit
1259 2535 1296 2563 de
1333 2533 1431 2563 celeri
1469 2541 1565 2562 cursu
1603 2533 1728 2563 dicitur.

929 2581 976 2610 Cf.
1009 2580 1041 2616 1,
1069 2577 1145 2608 317.
1211 2580 1341 2608 Primus
1382 2580 1472 2614 Gyas
1514 2578 1728 2615 (Chimaera)

929 2630 996 2661 est,
1035 2627 1198 2656 secundus
1229 2626 1410 2654 Cloanthus
1442 2623 1598 2661 (Scylla)
1629 2626 1729 2654 navis

930 2674 1013 2701 mole
1051 2677 1211 2707 moratus,
1253 2679 1326 2700 eum
1363 2670 1435 2705 pari
1468 2670 1642 2699 intervallo
1677 2679 1730 2700 se-

929 2722 1072 2753 quuntur
1095 2718 1213 2746 Pristis
1238 2715 1466 2751 (Mnestheus)
1492 2720 1521 2744 et
1547 2717 1730 2746 centaurus

931 2763 1161 2800 (Sergestus),
1190 2770 1274 2797 quae
1296 2762 1490 2791 contendunt
1515 2763 1619 2790 altera
1647 2763 1729 2791 alte-

929 2817 1000 2838 ram
1021 2810 1153 2838 vincere
1177 2813 1206 2837 et
1231 2808 1317 2842 prior
1342 2807 1499 2844 evadere,
1528 2811 1562 2836 ut
1591 2807 1658 2836 iam
1679 2810 1730 2837 al-

929 2858 1017 2892 tera,
1056 2855 1121 2883 iam
1146 2855 1250 2882 altera
1275 2852 1422 2887 superior
1445 2852 1505 2888 sit,
1541 2853 1607 2881 iam
1632 2860 1730 2888 pares

929 2901 1005 2938 sint,
1030 2900 1076 2928 ita
1101 2904 1134 2928 ut
1159 2899 1263 2934 proris
1288 2898 1437 2932 aequatis
1461 2898 1626 2935 navigent.

978 2954 1053 2985 154.
1084 2951 1205 2984 Tarda
1240 2955 1351 2991 tenet,
1387 2955 1525 2984 ’retinet
1591 2954 1730 2989 Antiqui

930 3003 1015 3032 enirn
1034 3001 1145 3030 verbis
1172 3000 1375 3036 simplicibus
1400 3000 1514 3029 latiore
1543 3001 1598 3029 sed
1619 3000 1729 3029 minus

1392 3044 1457 3088 15

928 2345 1020 2371 habet
1033 2352 1039 2371 :
