2023 3350
242 142 324 182 266

811 139 846 171 P.
875 138 1067 172 VIRGILII

1104 139 1317 174 MAROMS

242 253 517 295 Minotaurus
549 251 680 301 inest,
723 250 903 292 Veneris
938 255 1217 294 monumenta
1249 252 1482 300 nefandae:

239 311 320 351 Hic
356 310 481 350 labor
519 308 592 349 ille
627 307 780 349 domus
821 310 863 349 et
901 307 1214 351 inextricabilis
1251 323 1395 361 error3

240 368 446 419 Magnum
477 365 652 418 reginae
689 364 764 406 sed
802 364 914 406 enim
950 365 1181 407 miseratus
1220 380 1411 408 amorem

240 423 458 465 Daedalus
494 422 587 475 ipse
628 421 752 463 dolos
790 422 896 463 tecti
934 422 1227 476 ambagesque
1257 425 1435 466 resolvit

242 481 381 523 Caeca
413 492 566 532 regens
602 479 674 520 filo
707 479 901 533 vestigia.

963 480 1026 521 Tu
1062 493 1236 533 quoque
1275 495 1477 536 magnam

1837 484 1891 523 30

238 539 410 579 Partem
450 550 581 590 opere
617 537 663 578 in
700 540 845 587 tanto,
892 536 1053 579 sineret
1083 536 1224 589 dolor,
1268 539 1409 591 Icare,
1451 538 1646 581 haberes.

240 596 315 636 Bis
352 597 534 636 conatus
568 598 663 635 erat
700 608 827 636 casus
866 593 1068 654 effingere
1107 595 1151 636 in
1189 609 1309 647 auro,

239 653 314 694 Bis
351 652 521 705 patriae
562 651 755 693 cecidere
794 666 957 693 manus.

1019 652 1129 703 Quin
1167 653 1365 706 protinus
1407 653 1549 695 omnia

238 709 515 762 Perlegerent.
559 709 715 761 oculis⁷
757 710 801 750 ni
821 709 925 750 ·iam
959 709 1223 762 praemissus
1259 709 1449 752 Achates

239 767 421 809 Adforet
459 771 593 820 atque
627 781 714 808 una
749 766 913 809 Phoebi
952 767 1205 822 Triviaeque
1248 767 1463 820 sacerdos,

1837 771 1891 811 35

238 823 463 878 Deiphobe
502 824 672 875 Glauci,
715 823 834 866 fatur
871 838 982 878 quae
1022 825 1130 866 talia
1166 825 1280 879 regi:

238 883 335 924 Non
366 882 450 924 hoc
484 881 570 923 ista
605 881 687 924 sibi
728 886 897 936 tempus
937 882 1187 936 spectacula
1225 881 1386 936 poscit:

238 941 361 981 Nunc
396 953 526 993 grege
566 938 619 981 de
656 939 820 981 intacto
861 944 1027 994 septem
1064 944 1258 982 mactare
1298 940 1500 981 iuvencos

238 997 532 1049 Praestiterit,
572 997 758 1038 totidem
791 997 929 1039 lectas
965 997 1019 1040 de
1055 1011 1174 1039 more
1210 997 1422 1039 bidentes.

353 1054 529 1096 Talibus
566 1054 717 1097 adfata
752 1055 929 1096 Aenean
966 1081 1020 1085 —
1057 1069 1137 1097 nec
1179 1069 1305 1097 sacra
1343 1056 1572 1096 morantur

1836 1056 1892 1095 40

239 1113 363 1154 I-ussa
396 1112 478 1154 viri
512 1137 569 1142 —-
600 1113 786 1154 Teucros
821 1116 951 1154 vocat
995 1112 1086 1154 alta
1126 1113 1171 1154 in
1207 1112 1372 1167 templa
1406 1110 1620 1154 sacerdos.

241 1170 448 1211 Excisum
486 1169 707 1211 Euboicae
740 1170 855 1211 latus
889 1170 1039 1223 ingens
1075 1170 1196 1223 rupis
1233 1170 1277 1211 in
1315 1174 1503 1221 antrum,

241 1228 332 1277 Quo
371 1227 451 1269 lati
489 1227 653 1268 ducunt
691 1226 836 1268 aditus
874 1231 1064 1278 centum,

1113 1227 1226 1268 ostia
1261 1231 1431 1268 centum
1443 1241 1452 1278 ς

240 1284 364 1326 Unde
401 1288 532 1326 ruunt
573 1284 754 1326 totidem
794 1298 937 1336 voces,
983 1298 1192 1338 responsa
1229 1283 1430 1338 Sibyllae.

241 1342 429 1384 Ventum
469 1345 564 1383 erat
601 1342 657 1384 ad
694 1342 847 1394 limen,
890 1356 1021 1396 quum
1061 1342 1203 1396 virgo,
1248 1342 1431 1384 Poscere
1466 1341 1561 1383 fata

286 1514 339 1544 26.
367 1518 590 1545 monumenta
615 1518 697 1551 plur.
724 1517 908 1552 appositum
927 1518 1041 1554 singu·

240 1563 302 1590 lari
328 1562 366 1591 cf.
396 1560 427 1590 S.
452 1559 529 1590 729.

286 1606 339 1635 27.
367 1605 468 1635 labor
491 1605 626 1643 domus.
654 1609 691 1636 de
715 1608 858 1644 genitivo
885 1608 922 1637 cf.
953 1606 1041 1638 177..

238 1660 433 1688 quamquam
471 1650 568 1681 labor
602 1658 705 1688 potest
740 1654 837 1682 etiam
869 1662 925 1688 per
955 1662 1042 1692 opus

237 1699 408 1733 explicari.
456 1699 502 1728 Cf.
531 1696 561 1727 7.
588 1697 664 1727 248.
705 1714 742 1718 —
787 1696 1041 1728 inextricabilis

238 1752 351 1772 rrror:
399 1746 450 1772 Ita
490 1744 526 1772 5.
559 1742 620 1771 591
664 1742 896 1773 irremeabilis
934 1752 1040 1773 error.

237 1791 355 1819 Catuli.
390 1787 448 1827 64,
476 1787 539 1818 115
577 1787 844 1818 inobcervabilis
878 1797 973 1818 error
1004 1790 1040 1818 de

236 1836 447 1870 Labyrimho.
498 1837 544 1864 De
566 1844 646 1865 voce
671 1843 766 1864 error
789 1835 827 1865 cf.
856 1833 885 1871 2,
911 1832 963 1863 48.

285 1893 338 1923 29.
368 1890 511 1934 Regina
537 1892 653 1921 dicitur
674 1892 830 1921 Ariadne.
857 1900 939 1926 quae
956 1892 1040 1919 The-

238 1948 330 1969 seum
354 1940 496 1976 amavit,
525 1939 606 1973 quod
630 1942 677 1966 est
702 1938 789 1973 regis
814 1938 890 1966 filia.
933 1937 980 1966 Cf.
1008 1935 1038 1974 9,

238 1984 315 2014 223.
346 2001 383 2006 -—
416 1983 475 2014 sed
503 1981 591 2013 enim
621 1983 659 2012 cf.
686 1983 716 2017 5,
745 1981 820 2011 395.

285 2040 337 2070 30.
366 2039 521 2081 vestigia
548 2048 668 2075 caeca‚
705 2040 725 2068 i.
754 2048 780 2068 e.
811 2040 949 2077 incerta.
984 2048 1040 2075 per

238 2089 344 2116 locum
369 2090 552 2116 obscurum.

286 2141 336 2171 31.
365 2141 490 2171 sineret
524 2140 633 2171 dolor.
691 2143 926 2172 Subiunctivus
963 2150 1040 2172 con-

239 2189 406 2217 ditionalis
434 2189 556 2217 omissa
584 2188 746 2222 particula
780 2185 809 2215 si
839 2188 878 2217 cf.
908 2185 937 2224 1,
961 2186 1037 2216 572.

243 2250 281 2254 -
309 2235 414 2263 Etiam
438 2235 522 2263 Icari
550 2235 608 2263 filii
632 2241 742 2263 casum
768 2234 899 2270 pingere
925 2236 1040 2263 volen-

237 2285 300 2308 tem
325 2288 452 2309 maeror
484 2281 629 2309 detinuit.
678 2280 799 2308 Habuit
824 2285 898 2308 ante
926 2282 1039 2309 oculos

238 2327 408 2354 Ausonius
430 2327 463 2354 in
483 2327 623 2354 Mosella
645 2323 728 2354 300:
763 2321 836 2354 Non
863 2322 924 2353 hoc
944 2333 1040 2364 sper·

236 2373 299 2400 nat
326 2380 411 2411 opus
441 2369 630 2411 Gortynius
653 2368 772 2409 aliger
796 2367 895 2399 aedis
922 2368 1042 2399 condi-

235 2419 290 2446 tor
328 2414 521 2448 Euboicae,
564 2425 666 2445 casus
699 2423 797 2454 quem
823 2413 969 2454 fingere
1004 2413 1040 2444 in

237 2471 324 2491 auro
349 2459 539 2492 Conantem
570 2459 701 2491 Icarios
734 2458 846 2499 patrii
874 2458 1041 2500 pepulere

237 2506 384 2536 dolores.

286 2563 337 2592 33.
367 2561 483 2592 omnia
518 2563 721 2601 grammatici
755 2568 783 2592 et
816 2566 896 2592 Mss.
928 2563 1038 2598 optimi

239 2611 307 2638 PM.
338 2618 438 2638 omne
455 2611 494 2637 R.
520 2617 666 2645 omnem.
690 2617 805 2637 omncs
821 2611 864 2638 al.
886 2609 925 2638 cf.
943 2609 963 2642 S
986 2607 1036 2637 12.

283 2662 336 2694 34.
362 2663 593 2705 perlegerent.
644 2666 778 2694 Aeneas
803 2666 889 2694 enim
913 2670 1039 2700 praeter

238 2712 387 2740 Achaten
413 2712 498 2740 alios
522 2719 630 2741 secum
657 2711 747 2739 duxit
774 2711 813 2740 cf.
843 2710 895 2739 ⁴0.
945 2713 1037 2740 Nove

237 2762 344 2786 autem
365 2758 446 2786 dixit
472 2755 589 2795 legere
612 2754 798 2795 picturam.

283 2811 335 2841 35.
369 2810 495 2842 Phoebi
531 2810 741 2852 Triviaeque
775 2810 956 2848 sacerdos5
990 2813 1039 2842 sic

237 2859 456 2886 Haemonides
481 2863 530 2887 est
559 2859 681 2887 Phoebi
705 2859 903 2894 Triviaeque
928 2866 1038 2887 sacer-

239 2904 294 2931 dos
324 2900 374 2940 10,
401 2901 478 2931 537.

283 2957 335 2987 36.
367 2956 544 2998 Deiphobe
573 2957 722 2995 Glauci‚·
760 2961 855 2989 vides
882 2960 955 2989 inde
986 2961 1037 2988 Si-

240 3006 365 3038 byllam
400 3013 464 3033 non
498 3005 656 3037 hominis.
696 3007 752 3035 sed
783 3006 927 3035 muneris
964 3014 1037 3034 esse

238 3057 362 3078 nomen.
412 3051 459 3079 De
491 3051 636 3087 genitivo
671 3051 710 3080 cf.
744 3049 779 3085 3,
809 3048 886 3080 319.
936 3053 1036 3081 Glau-

1835 1342 1889 1380 45

1089 1526 1146 1546 cus
1172 1519 1250 1547 deus
1274 1519 1422 1547 marinus
1448 1521 1497 1546 est
1520 1516 1685 1545 fatidicus.
1718 1530 1764 1535 —
1793 1512 1892 1556 regi.-

1087 1564 1221 1592 Aeneas
1246 1572 1344 1598 saepe
1364 1572 1423 1592 rex
1446 1563 1572 1592 dicitur.
1621 1561 1668 1590 Cf.
1693 1561 1722 1598 1,
1742 1558 1796 1589 38.

1136 1617 1189 1649 38.
1215 1627 1329 1659 grege
1355 1617 1396 1648 de
1419 1617 1564 1656 intacto,
1579 1619 1654 1654 iugo
1678 1626 1741 1647 non
1760 1624 1891 1652 presso;

1087 1665 1132 1694 ita
1159 1667 1194 1694 G.
1222 1663 1252 1701 4,
1276 1663 1340 1692 540
1374 1663 1512 1693 intacta
1541 1661 1672 1692 cervice
1705 1661 1892 1697 iuvencas,-

1088 1718 1146 1739 eae
1177 1712 1303 1740 hostiae
1334 1708 1477 1751 snivgcs
1511 1710 1661 1739 dicuntur
1693 1716 1714 1738 a
1746 1710 1889 1738 macrob.

1088 1754 1118 1786 3.
1139 1756 1169 1784 5.

1133 1810 1186 1841 39.
1212 1809 1320 1842 lectas
1342 1809 1384 1840 de
1407 1819 1501 1841 more
1525 1808 1680 1840 bidentes
1705 1810 1745 1840 cf.
1763 1807 1795 1847 8,
1812 1806 1888 1837 544.

1208 1888 1378 1920 42—55.
1426 1886 1568 1920 Aeneae
1600 1887 1767 1929 precatio.

1134 1946 1187 1977 42.
1214 1951 1289 1977 Erat
1314 1949 1462 1978 excisum
1486 1947 1546 1983 (cf.
1568 1945 1597 1984 1,
1620 1945 1707 1983 429]
1726 1946 1817 1981 rupis
1838 1948 1889 1975 la-

1088 1999 1138 2023 tus
1164 1995 1196 2023 in
1221 2000 1358 2023 antrum.
1408 1994 1611 2028 Praepositio
1636 1990 1671 2021 in
1698 2001 1796 2028 quum
1819 2000 1889 2022 mo-

1088 2045 1154 2069 tum
1189 2041 1222 2068 in
1255 2042 1360 2069 locum
1395 2040 1498 2076 signet
1533 2039 1588 2074 qui
1619 2039 1752 2075 petitur,
1793 2042 1889 2072 atque

1086 2086 1160 2115 inde
1203 2086 1295 2115 finem
1336 2086 1402 2120 rei,
1451 2089 1483 2114 ut
1520 2082 1577 2121 11,
1610 2081 1671 2111 731
1709 2081 1821 2122 reficit
1852 2081 1889 2112 in

1085 2129 1221 2171 proelia
1250 2129 1388 2170 pulsae.-
1422 2135 1525 2166 potest
1547 2130 1642 2159 etiam
1670 2129 1700 2157 id
1732 2129 1889 2167 indicare,

1087 2179 1169 2212 quod
1205 2177 1288 2205 effici
1323 2177 1396 2211 quis
1431 2177 1534 2211 cupit:
1580 2172 1650 2203 urit
1685 2171 1721 2203 in
1751 2171 1889 2203 Iumina

1087 2220 1227 2251 cedrum
1254 2220 1284 2257 7,
1313 2221 1370 2257 13;
1396 2222 1459 2250 urit
1486 2222 1626 2257 cedrum,
1651 2224 1684 2248 ut
1709 2221 1815 2249 luceat
1845 2220 1885 2249 cf.

1089 2265 1118 2303 1,
1148 2266 1224 2296 587.
1257 2266 1287 2302 4.
1315 2265 1390 2295 647.
1426 2267 1456 2304 5,
1484 2265 1535 2295 20.
1569 2264 1601 2301 8,
1629 2263 1705 2294 260.
1733 2263 1783 2301 11,
1809 2263 1887 2294 771.

1077 2311 1143 2350 ἢ12.
1169 2311 1246 2342 854.
1297 2314 1349 2342 Sic
1376 2316 1435 2341 hoc
1470 2314 1539 2341 loco
1571 2312 1720 2340 excisum
1752 2316 1815 2346 est,
1852 2315 1888 2340 ut

1087 2364 1216 2387 antrum
1240 2359 1332 2387 fieret.
1364 2360 1423 2387 Ov.
1449 2360 1492 2386 M.
1516 2355 1546 2386 4.
1565 2356 1630 2385 61&
1655 2358 1782 2396 guttas
1808 2354 1888 2385 nni-

1088 2402 1196 2432 mavil
1220 2401 1252 2431 in
1277 2412 1425 2442 angues.
1475 2404 1528 2433 Sic
1549 2404 1702 2432 audacter
1726 2404 1782 2431 sed
1809 2404 1888 2431 bene

1088 2450 1201 2478 Claud.
1224 2449 1257 2477 in
1283 2449 1356 2477 Rus.
1389 2447 1415 2477 1.
1444 2447 1508 2476 312
1537 2446 1741 2487 cornipedes
1766 2445 1801 2476 in
1822 2456 1886 2487 po-

1086 2493 1167 2522 cula
1208 2492 1369 2522 vulnerat
1406 2492 1527 2523 audax
1553 2491 1775 2533 Massagetes
1808 2493 1828 2521 i.
1858 2501 1886 2523 e.

1086 2548 1186 2574 equos
1213 2545 1348 2569 mactat.
1377 2545 1409 2568 ut
1436 2548 1543 2569 eorum
1568 2539 1761 2576 sanguinem
1785 2539 1883 2568 bibat.

1085 2586 1199 2614 Claud.
1227 2587 1271 2614 IV
1300 2594 1388 2615 cons.
1414 2587 1495 2614 Hon.
1523 2583 1587 2613 623
1620 2580 1827 2624 Gruthungi
1850 2582 1886 2613 in

1084 2628 1206 2660 lintres
1238 2630 1380 2671 fregere
1410 2639 1549 2667 nemim,
1581 2640 1618 2660 eo
1653 2630 1808 2665 consilio,
1851 2635 1886 2659 ut

1082 2676 1196 2705 lintres
1230 2676 1381 2706 facerent.
1441 2678 1548 2706 Huius
1584 2686 1665 2707 usus
1700 2677 1885 2709 exemplum

1081 2722 1365 2757 simplicissimum
1397 2727 1445 2751 est
1471 2725 1629 2753 mutatur
1657 2720 1691 2752 iu
1718 2717 1884 2760 lapidem.

1086 2768 1132 2796 cf.
1160 2770 1212 2796 or.
1242 2768 1263 2803 g
1290 2766 1365 2802 356,
1391 2766 1421 2795 3.

1131 2821 1184 2852 45.
1220 2822 1365 2853 sentum
1389 2825 1475 2852 erat.
1510 2825 1616 2853 Maior
1637 2824 1720 2852 inest
1746 2824 1885 2859 passivo

1084 2869 1298 2904 impersonali
1323 2870 1500 2902 maiestas,
1541 2870 1579 2898 cf.
1603 2869 1699 2898 illud:
1741 2871 1884 2899 ventum

1084 2917 1133 2943 est
1157 2912 1191 2943 in
1219 2912 1352 2943 curiam
1380 2922 1580 2953 —poscere
1605 2916 1742 2954 tempus
1767 2916 1819 2943 est
1844 2915 1884 2944 cf.

1085 2959 1122 2994 5,
1154 2958 1230 2988 638.
1298 2962 1416 2989 Eodem
1454 2961 1544 2988 modo
1587 2960 1704 2989 dicitnr
1743 2967 1885 2999 poscere

1080 3004 1164 3042 fata
1192 3006 1222 3034 is
1252 3006 1307 3040 qui
1333 3007 1416 3040 quod
1449 3005 1549 3034 fatum
1582 3006 1626 3034 sit
1652 3005 1717 3034 sibi
1747 3006 1884 3042 quaerit,

1084 3059 1146 3086 quo
1165 3047 1252 3080 dore
1271 3050 1356 3089 fata
1381 3051 1498 3080 dicitur
1521 3050 1576 3085 qui
1600 3051 1693 3080 edicit
1719 3051 1756 3081 cf.
1778 3059 1810 3080 v.
1829 3049 1882 3080 66.
