2023 3350
743 72 983 107 AENEIDOS
1009 75 1094 107 LIB.
1123 76 1184 108 IX.

1701 80 1785 119 435

134 187 231 228 Neu
273 190 440 228 struere
474 186 684 228 auderent
723 186 879 238 aciem,
917 201 999 229 neu
1039 187 1214 229 credere
1255 202 1426 242 campo;

136 244 293 286 Castra
333 243 461 286 modo
500 246 543 284 et
571 247 689 285 tutos
724 248 945 286 servarent
984 258 1142 298 aggere
1183 259 1342 287 muros.

133 301 253 354 Ergo
293 302 374 343 etsi
409 300 603 342 conferre
639 315 812 342 manum
855 302 998 356 pudor
1028 303 1179 356 iraque
1212 307 1438 354 monstrat,

137 357 359 399 Obiiciunt
400 361 550 412 portas
586 360 731 400 tamen
770 362 812 400 et
845 364 1079 413 praecepta
1111 360 1340 413 facessunt,

135 415 391 469 Armatique
425 415 538 456 cavis
577 419 830 469 exspectant
871 416 1064 458 turribus
1101 416 1282 458 hostem.

135 472 322 523 Turnus,
358 476 407 513 ut
447 475 548 513 ante
585 473 734 514 volans
777 474 950 515 tardum
987 478 1286 527 praecesserat
1318 488 1484 529 agmen,

134 529 297 582 Viginti
334 528 456 570 lectis
498 530 691 583 equitum
731 532 981 583 comitatus,
1018 535 1060 572 et
1097 530 1195 572 urbi

133 586 395 639 Improvisus
433 587 578 638 adest,
619 588 799 629 maculis
837 602 963 641 quem
1001 588 1208 629 Thracius
1247 587 1357 629 albis

134 643 288 684 Portat
323 657 474 697 equus,
516 644 732 699 cristaque
767 646 876 699 tegit
914 645 1039 699 galea
1077 659 1209 687 aurea
1244 644 1396 687 rubra:
1732 651 1785 690 50

133 700 294 753 Ecquis
331 701 414 742 erit
451 715 638 753 mecum,
674 703 869 754 iuvenes,
912 703 984 757 qui
1031 703 1195 756 primus
1234 702 1277 743 in
1316 702 1510 744 hostem?

132 757 198 798 En
210 790 219 808 ,
250 757 323 799 ait.

383 759 440 800 Et
475 759 664 801 iaculum
702 760 966 813 adtorquens
1005 760 1164 801 emittit
1202 760 1244 800 in
1286 773 1426 811 auras,

132 814 395 869 Principium
432 830 624 869 pugnae,
664 820 706 858 et
742 831 894 871 campo
928 831 1020 859 sese
1057 817 1218 858 arduus
1253 816 1395 858 infert.

134 871 375 914 Clamorem
414 874 634 927 excipiunt
667 875 774 915 socii
813 875 1076 928 fremituque
1120 877 1360 927 sequuntur

136 927 397 981 Horrisono,
439 931 649 972 Teucrum
683 932 897 973 mirantur
925 932 1083 973 inertia
1119 931 1264 981 corda,

131 986 230 1028 Non
268 1000 405 1041 aequo
442 987 545 1029 dare
580 1002 626 1029 se
665 1003 836 1043 campo,
874 1003 959 1030 non
999 988 1124 1030 obvia
1164 988 1278 1029 ferre

131 1044 265 1085 Arma
298 1045 432 1096 viros,
471 1045 546 1087 sed
585 1049 728 1088 castra
759 1046 913 1087 fovere.

131 1101 310 1143 Lustrat
344 1115 452 1156 equo
487 1116 650 1154 muros,
690 1103 940 1156 aditumque

132 1160 194 1200 Ac
223 1158 356 1200 veluti
387 1159 513 1213 pleno
549 1160 676 1214 lupus
712 1161 941 1202 insidiatus

132 1283 229 1310 quum
249 1274 401 1314 fortuna
430 1285 496 1305 non
521 1277 585 1305 nisi
610 1278 649 1305 de
682 1274 835 1306 secunda
855 1275 933 1314 for-

132 1322 220 1350 tuna
254 1322 390 1350 dicatur.
440 1323 533 1357 Quod
569 1322 690 1351 falsum
726 1327 777 1352 est
816 1322 857 1350 cf.
900 1321 933 1359 2,

132 1366 185 1395 79.
235 1368 379 1395 Fortuna
413 1375 476 1396 nec
509 1369 659 1396 secunda
696 1375 756 1396 nec
788 1368 933 1396 adversa

133 1416 199 1448 est;
233 1413 263 1441 si
288 1417 394 1449 esset,
426 1420 467 1441 ea
491 1413 657 1442 adiectiva
681 1421 747 1442 non
771 1414 933 1441 addoren-

130 1461 191 1486 tur.
241 1458 354 1486 Facile
383 1462 492 1486 autem
521 1463 646 1493 poterat
671 1459 861 1494 providere,
895 1468 932 1487 se

129 1505 267 1531 absente
292 1505 435 1532 Turnum
455 1504 578 1538 aliquid
601 1511 680 1533 esse
700 1511 869 1533 ausurum.
890 1520 932 1523 *—

123 1545 256 1587 fuisset
280 1548 321 1577 cf.
347 1548 385 1585 2,
411 1547 465 1577 94.

173 1591 228 1622 43.
255 1601 394 1634 aggere
419 1602 537 1623 muros
562 1594 603 1622 cf.
634 1593 689 1632 lo,
715 1593 769 1623 24.

171 1637 227 1668 45.
247 1637 431 1677 facessunt
454 1639 495 1668 cf.
521 1637 558 1675 4,
580 1638 657 1668 295.

172 1683 228 1713 47.
254 1681 415 1721 tardum,
441 1693 489 1713 sc.
513 1685 668 1721 peditum,
695 1687 748 1720 qui
777 1694 841 1715 non
868 1689 932 1714 tam

128 1730 282 1760 celeriter
305 1730 401 1764 sequi
429 1734 588 1765 poterant.

173 1774 228 1805 48.
254 1772 486 1815 improvisus,
522 1777 608 1810 quod
643 1775 766 1811 agmini
799 1779 933 1805 antece-

129 1821 184 1850 dit.
233 1821 396 1858 „omnino
427 1821 636 1850 scribendum
662 1822 801 1850 arbitror
839 1819 876 1850 Γ.
910 1818 932 1849 Ι.

129 1874 155 1896 e.
182 1863 441 1904 comitantibus,
465 1864 545 1895 urbi
569 1864 593 1896 1.
617 1865 671 1895 α.“
704 1864 757 1895 Pl.

174 1910 230 1940 49.
257 1913 408 1940 Thracus
441 1919 548 1946 equus
582 1911 623 1940 cf.
656 1911 695 1949 5,
739 1911 816 1940 311.
868 1913 931 1940 Sed

129 1957 227 1987 facile
253 1961 380 1992 poterat
404 1961 501 1992 poeta
524 1957 662 1993 fingere,
695 1958 758 1986 iam
785 1965 824 1986 eo
852 1962 933 1986 tem-

130 2011 210 2039 pore
238 2010 344 2037 equos
368 2002 530 2032 Thracios
558 2003 590 2031 in
614 2002 710 2032 ltalia
733 2002 852 2032 fuisse.

174 2047 230 2077 50.
256 2045 365 2077 crista
393 2045 503 2088 galea
530 2055 640 2076 aurea
673 2045 801 2076 rubra.-
836 2049 932 2085 „Duo

129 2094 266 2124 ablativi
290 2097 367 2122 sunt
392 2097 422 2122 et
450 2094 513 2121 duo
530 2093 733 2129 nominativi,
761 2101 845 2127 quos
863 2100 933 2120 me-

130 2141 212 2169 trica
254 2139 381 2168 ratione
421 2139 654 2168 discernimus.
704 2141 791 2167 Sane
833 2138 931 2166 huius

128 2185 216 2214 modi
245 2192 369 2213 versus
400 2184 540 2219 pessimi
574 2182 684 2214 suntf'·
723 2186 757 2212 S.
807 2184 861 2212 Sic
900 2190 932 2211 v.

130 2230 208 2260 181.
257 2231 393 2259 Peiores
414 2235 507 2259 erant
524 2238 564 2258 eo
588 2235 746 2267 tempore,
771 2237 836 2264 quo
859 2230 932 2258 lon-

130 2283 206 2312 gum
232 2283 270 2313 a,
305 2276 333 2304 si
363 2280 512 2305 extrema
537 2279 606 2304 erat
630 2276 753 2312 littera,
786 2282 806 2303 a
839 2274 933 2303 brevi

127 2330 194 2351 non
226 2321 488 2350 discernebatur.
535 2321 712 2350 Ablativus
743 2325 794 2349 est
826 2320 932 2355 quali-

128 2368 207 2396 tatis
232 2366 272 2395 cf.
302 2365 337 2403 l,
363 2366 418 2395 71.
445 2382 490 2386 -—
512 2368 561 2395 De
585 2367 695 2396 cristis
720 2365 761 2395 cf.
787 2366 823 2403 7,
852 2365 930 2394 785.

130 2414 269 2441 -Post
294 2409 401 2441 rubra
418 2416 574 2447 punctum
595 2414 680 2441 solet
702 2412 789 2447 poni.
839 2412 932 2446 Quod

130 2459 160 2487 si
189 2458 290 2493 fieret,
331 2462 418 2486 recte
450 2458 574 2486 monuit
607 2457 758 2492 Heynius
792 2458 824 2486 et
857 2460 933 2492 post

131 2501 320 2533 comitatus
342 2503 460 2532 melius
478 2505 611 2532 abesse.
660 2506 774 2537 Neque
801 2510 863 2537 ego
884 2502 935 2530 vi—

130 2551 191 2578 deo
218 2550 318 2577 ullam
348 2549 510 2577 rationem
542 2550 717 2577 verborum
750 2548 933 2582 iungendo-

130 2602 200 2624 rum
228 2595 344 2629 aliam3
370 2601 446 2623 nam
473 2601 557 2629 quae
576 2594 664 2623 facta
682 2597 751 2622 est:
782 2591 933 2628 Turnus,

129 2642 169 2670 ut
189 2642 440 2679 praecesserat,
463 2637 650 2669 comitatus
670 2641 700 2668 et
724 2635 935 2678 improvisus

130 2683 250 2723 adest,
300 2692 374 2713 eam
411 2686 534 2713 nullam
583 2692 661 2713 esse
699 2684 818 2712 iudico.
867 2685 933 2713 Aut

130 2729 231 2760 adest
256 2734 306 2760 est
332 2731 364 2759 in
390 2730 551 2767 apodosi,
595 2737 679 2764 quae
711 2737 793 2757 voce
824 2726 932 2757 rubra

130 2776 310 2813 clauditur,
341 2779 372 2804 et
397 2779 449 2804 est
475 2777 507 2805 et
532 2776 724 2811 delendum,
750 2778 805 2803 aut
832 2774 862 2803 si
889 2776 932 2810 et,

129 2823 206 2852 sive
231 2822 260 2852 si
282 2822 441 2850 librorum
464 2823 567 2850 verba
594 2821 719 2849 intacta
745 2820 932 2854 relinquere

130 2871 183 2897 est
205 2867 239 2897 in
263 2867 383 2904 animo,
408 2870 484 2902 nost
508 2864 616 2895 rubra
638 2869 790 2900 punctum
814 2867 933 2893 tollen-

132 2914 207 2942 dum
233 2917 302 2951 est,
343 2909 443 2942 adest
469 2913 508 2941 ad
540 2911 688 2947 protasin
714 2910 932 2947 referendum,

132 2958 228 2988 cuius
252 2958 283 2987 in
309 2958 450 2994 apodosi
466 2961 516 2987 est
543 2954 595 2987 ait
623 2965 653 2986 v.
678 2955 733 2985 52.
783 2956 818 2984 Si
843 2956 932 2991 prius

979 1045 1075 1086 Huc
1110 1044 1311 1086 turbidus
1351 1047 1486 1097 atque
1527 1044 1608 1085 hue

976 1116 1053 1157 per
1084 1102 1181 1143 avia
1219 1101 1402 1155 quaerit.

980 1159 1080 1201 ovili

979 1276 1193 1311 probaveris,
1220 1276 1337 1304 melius
1358 1276 1417 1303 erit
1434 1276 1653 1309 Peerlkampii
1678 1274 1784 1305 comi-

978 1318 1148 1357 tantibus,
1174 1322 1306 1349 ductum
1333 1329 1350 1348 e
1369 1319 1407 1357 3,
1432 1318 1513 1349 346.

1024 1366 1079 1395 51.
1107 1367 1188 1401 Quis
1224 1370 1292 1403 est,
1343 1366 1398 1400 qui
1433 1366 1559 1400 primus
1589 1373 1717 1394 mecum
1751 1366 1783 1395 in

979 1415 1109 1441 hostem
1132 1413 1255 1440 irruere
1279 1412 1370 1440 velit.
1422 1408 1475 1442 Pl.
1501 1412 1556 1440 dat
1575 1408 1708 1451 Ecquis
1730 1408 1783 1440 io!

985 1455 1041 1487 Gt.
1068 1458 1153 1486 coni.
1185 1455 1328 1497 Ecquis,
1365 1453 1431 1494 ait,
1457 1460 1487 1485 et
1508 1455 1553 1485 52
1575 1453 1698 1487 inruat
1725 1465 1782 1492 pro

979 1510 1018 1531 eu
1048 1501 1111 1532 ait.

1025 1548 1081 1577 52.
1107 1545 1322 1588 adtorquens
1343 1550 1372 1576 11.
1399 1549 1420 1576 Ι.
1449 1550 1570 1576 tantum
1586 1547 1705 1582 legitur
1729 1556 1782 1583 ap.

980 1594 1161 1629 Virgilium,
1187 1598 1298 1628 aptum
1317 1594 1402 1628 quod
1430 1595 1496 1621 alte
1518 1593 1707 1621 mittendum
1732 1598 1782 1622 est

979 1641 1091 1676 telum,
1117 1639 1333 1668 hinrichtend.
1387 1638 1513 1667 Similia
1546 1635 1717 1668 advelare
1749 1637 1782 1675 5,

979 1683 1065 1721 246,
1096 1681 1335 1713 adlacrimarc
1372 1682 1431 1720 to,
1470 1683 1548 1712 628.
1579 1699 1623 1703 —
1648 1685 1687 1713 In
1716 1692 1782 1713 uno

980 1731 1065 1759 Med.
1095 1733 1147 1758 est
1171 1727 1399 1769 intorquens,
1431 1730 1517 1763 quod
1542 1737 1586 1758 ex
1620 1728 1677 1766 10,
1715 1727 1783 1757 323

980 1778 1044 1804 huc
1053 1775 1183 1804 videtur
1196 1777 1408 1809 translatum3
1422 1775 1454 1802 in
1471 1774 1589 1809 paucis
1605 1776 1781 1814 torquens.

1025 1819 1079 1849 53.
1103 1817 1317 1860 principium
1351 1827 1518 1860 pugnae.-
1557 1820 1596 1848 de
1636 1826 1707 1848 acc.
1740 1819 1781 1848 cf.

982 1865 1040 1903 ll,
1080 1866 1134 1894 76.
1183 1867 1233 1895 Ad
1258 1874 1326 1894 rem
1351 1865 1437 1894 refer
1466 1871 1551 1899 quae
1574 1864 1647 1893 Liv.
1681 1863 1710 1901 l,
1737 1864 1783 1893 32

980 1913 1033 1940 dat
1062 1913 1101 1939 de
1127 1911 1296 1940 fetialibus
1321 1913 1560 1946 Romanorum,
1586 1911 1673 1945 apud
1697 1918 1782 1944 quos

980 1958 1149 1986 fetialium
1167 1957 1305 1993 primus,
1332 1956 1387 1991 qui
1409 1961 1478 1985 erat
1503 1957 1602 1985 Pater
1622 1960 1782 1993 patratus,

978 2005 1077 2032 hasta
1105 2003 1137 2031 in
1163 2003 1308 2031 hostium
1334 2002 1415 2031 fines
1443 2002 1548 2030 missa
1576 2003 1697 2030 bellum
1731 2002 1782 2030 fa-

979 2052 1065 2076 ctum
1088 2056 1168 2076 esse
1185 2048 1358 2077 indicabat.
1409 2049 1542 2076 Turnus
1564 2048 1704 2076 advocat
1725 2056 1782 2076 co-

979 2093 1076 2122 mites
1102 2098 1133 2121 ut
1166 2092 1245 2122 facti
1275 2093 1338 2122 sint
1374 2096 1499 2130 testes,
1536 2101 1603 2121 non
1632 2093 1686 2128 qui
1716 2093 1782 2128 ipsi

976 2138 1089 2167 iacula
1115 2138 1253 2166 mittant.

1022 2182 1076 2212 54.
1108 2180 1305 2212 Clamorem
1327 2180 1473 2221 Ml‘ylbc
1499 2178 1652 2211 clamore
1672 2180 1781 2220 FRy‘z.

979 2230 1158 2262 Utrumque
1182 2228 1246 2256 iam
1274 2228 1349 2262 legit
1382 2227 1520 2256 Servius
1553 2231 1584 2255 et
1609 2230 1781 2261 utrumque

978 2274 1136 2309 explicat.

1023 2318 1077 2348 55.
1105 2320 1192 2347 Dare
1208 2326 1245 2347 se
1262 2325 1379 2352 campo
1405 2322 1453 2346 est
1480 2317 1608 2352 prodire
1631 2316 1664 2345 in
1683 2324 1782 2351 aner-

978 2368 1055 2393 tum.
1099 2364 1216 2399 ignavi
1240 2364 1394 2392 videntur
1408 2370 1487 2392 esse
1514 2362 1658 2399 Troiani,
1683 2370 1781 2396 quum

980 2417 1086 2445 aequo
1112 2417 1229 2444 campo
1255 2410 1425 2438 decertare
1453 2416 1494 2437 ne
1521 2412 1682 2436 conentur
1710 2408 1781 2441 qui-

977 2457 1062 2484 dem.
1086 2471 1129 2474 ——
1153 2452 1330 2484 mirantur
1355 2454 1500 2489 iungitur
1525 2453 1721 2482 accusativo
1751 2457 1779 2481 et

979 2501 1137 2529 infinitivo
1163 2508 1235 2529 cum
1262 2500 1457 2529 accusativo
1486 2499 1526 2526 cf.
1553 2497 1585 2535 3,
1616 2497 1690 2527 180.

1025 2545 1079 2574 57.
1107 2547 1226 2576 castra
1260 2544 1406 2583 fovere.-
1455 2545 1619 2581 „veteres
1657 2541 1781 2581 fovere

981 2600 1038 2627 pro
1061 2588 1121 2620 diu
1139 2588 1290 2620 incolere
1305 2594 1333 2618 et
1352 2587 1514 2619 habitare
1537 2586 1723 2618 diceliant.“
1747 2591 1779 2617 S.

980 2639 1032 2666 Ita
1054 2639 1091 2666 G.
1126 2636 1163 2673 3,
1189 2634 1266 2665 420.
1315 2634 1354 2672 4,
1394 2633 1447 2664 43.
1475 2649 1520 2655 —
1545 2631 1706 2663 turbidus
1739 2633 1779 2662 cf.

984 2682 1041 2718 12,
1076 2681 1127 2710 10.
1154 2697 1198 2701 ——
1225 2678 1291 2710 huc
1317 2683 1422 2720 atque
1447 2677 1514 2709 huc
1538 2679 1579 2708 cf.
1608 2679 1668 2715 12,
1700 2678 1780 2708 558.

1024 2726 1078 2756 58.
1104 2723 1311 2765 aditumque
1335 2733 1398 2764 per
1431 2723 1516 2754 avia
1544 2733 1596 2765 q..·
1639 2724 1781 2763 „Expri-

978 2773 1075 2802 mitur
1101 2772 1202 2801 Turni
1228 2771 1396 2807 violentia,
1421 2778 1498 2799 nam
1516 2770 1606 2800 viam
1630 2778 1689 2805 per
1704 2770 1782 2798 avia

977 2820 1090 2847 nullus
1113 2815 1280 2852 requirit.“
1308 2819 1342 2845 S.
1368 2832 1412 2835 —
1437 2812 1568 2846 lustrat
1593 2823 1711 2845 muros
1740 2815 1780 2844 cf.

977 2863 1018 2901 2,
1041 2862 1117 2892 528.

1025 2908 1079 2937 59.
1106 2910 1154 2937 De
1190 2907 1331 2936 hominis
1363 2910 1393 2935 et
1424 2906 1496 2941 lupi
1534 2904 1781 2941 comparatione

978 2954 1019 2983 cf.
1057 2953 1095 2987 2,
1138 2952 1214 2982 356.
1244 2968 1286 2973 —
1319 2948 1510 2981 insidiatus
1541 2955 1571 2980 et
1596 2958 1783 2992 perpessus
