<?xml version="1.0" encoding="UTF-8"?>
<!DOCTYPE html PUBLIC "-//W3C//DTD XHTML 1.0 Transitional//EN"
    "http://www.w3.org/TR/xhtml1/DTD/xhtml1-transitional.dtd">
<html xmlns="http://www.w3.org/1999/xhtml" xml:lang="en" lang="en">
 <head>
  <title>
</title>
<meta http-equiv="Content-Type" content="text/html;charset=utf-8" />
  <meta name='ocr-system' content='tesseract 3.04.00' />
  <meta name='ocr-capabilities' content='ocr_page ocr_carea ocr_par ocr_line ocrx_word'/>
</head>
<body>
  <div class='ocr_page' id='page_1' title='image "aeneisvi00virguoft_0028.png"; bbox 0 0 2044 3329; ppageno 0'>
   <div class='ocr_carea' id='block_1_1' title="bbox 328 92 1382 133">
    <p class='ocr_par' dir='ltr' id='par_1_1' title="bbox 328 92 1382 133">
     <span class='ocr_line' id='line_1_1' title="bbox 328 92 1382 133; baseline 0.002 -9"><span class='ocrx_word' id='word_1_1' title='bbox 328 97 351 133; x_wconf 81' lang='lat'>2</span> <span class='ocrx_word' id='word_1_2' title='bbox 892 94 927 125; x_wconf 83' lang='lat' dir='ltr'>P.</span> <span class='ocrx_word' id='word_1_3' title='bbox 957 92 1147 126; x_wconf 81' lang='lat' dir='ltr'>V1RG1L11</span> <span class='ocrx_word' id='word_1_4' title='bbox 1173 93 1382 127; x_wconf 77' lang='lat' dir='ltr'><strong>MAROMS</strong></span> 
     </span>
    </p>
   </div>
   <div class='ocr_carea' id='block_1_2' title="bbox 328 204 1502 314">
    <p class='ocr_par' dir='ltr' id='par_1_2' title="bbox 328 204 1502 314">
     <span class='ocr_line' id='line_1_2' title="bbox 328 204 1467 256; baseline 0.001 -12"><span class='ocrx_word' id='word_1_5' title='bbox 328 204 496 255; x_wconf 75' lang='lat' dir='ltr'>Litora3</span> <span class='ocrx_word' id='word_1_6' title='bbox 539 204 718 245; x_wconf 83' lang='lat' dir='ltr'>multum</span> <span class='ocrx_word' id='word_1_7' title='bbox 749 205 821 246; x_wconf 86' lang='lat' dir='ltr'>illc</span> <span class='ocrx_word' id='word_1_8' title='bbox 853 209 896 246; x_wconf 72' lang='lat' dir='ltr'>ct,</span> <span class='ocrx_word' id='word_1_9' title='bbox 924 206 1049 246; x_wconf 80' lang='lat' dir='ltr'>terris</span> <span class='ocrx_word' id='word_1_10' title='bbox 1078 207 1263 248; x_wconf 76' lang='lat' dir='ltr'>iactatus</span> <span class='ocrx_word' id='word_1_11' title='bbox 1293 209 1336 247; x_wconf 74' lang='lat' dir='ltr'>et</span> <span class='ocrx_word' id='word_1_12' title='bbox 1365 205 1467 256; x_wconf 78' lang='lat' dir='ltr'>alto,</span> 
     </span>
     <span class='ocr_line' id='line_1_3' title="bbox 329 261 1502 314; baseline -0.001 -11"><span class='ocrx_word' id='word_1_13' title='bbox 329 261 379 303; x_wconf 93' lang='lat' dir='ltr'>Vi</span> <span class='ocrx_word' id='word_1_14' title='bbox 409 274 632 314; x_wconf 82' lang='lat' dir='ltr'>superum,</span> <span class='ocrx_word' id='word_1_15' title='bbox 663 275 813 303; x_wconf 79' lang='lat' dir='ltr'>saevae</span> <span class='ocrx_word' id='word_1_16' title='bbox 841 276 1070 303; x_wconf 81' lang='lat' dir='ltr'>memorem</span> <span class='ocrx_word' id='word_1_17' title='bbox 1100 264 1271 305; x_wconf 84' lang='lat' dir='ltr'>Iunonis</span> <span class='ocrx_word' id='word_1_18' title='bbox 1300 263 1354 305; x_wconf 79' lang='lat' dir='ltr'>ab</span> <span class='ocrx_word' id='word_1_19' title='bbox 1382 263 1502 313; x_wconf 78' lang='lat' dir='ltr'>iram,</span> 
     </span>
    </p>
   </div>
   <div class='ocr_carea' id='block_1_3' title="bbox 325 367 1123 2128">
    <p class='ocr_par' dir='ltr' id='par_1_3' title="bbox 325 367 1123 2128">
     <span class='ocr_line' id='line_1_4' title="bbox 326 367 1112 403; baseline 0.003 -9"><span class='ocrx_word' id='word_1_20' title='bbox 326 367 429 403; x_wconf 72' lang='lat' dir='ltr'>viora,</span> <span class='ocrx_word' id='word_1_21' title='bbox 453 375 491 395; x_wconf 89' lang='lat' dir='ltr'>eo</span> <span class='ocrx_word' id='word_1_22' title='bbox 514 367 623 396; x_wconf 79' lang='lat' dir='ltr'>notavi</span> <span class='ocrx_word' id='word_1_23' title='bbox 647 367 795 401; x_wconf 84' lang='lat' dir='ltr'>consilio,</span> <span class='ocrx_word' id='word_1_24' title='bbox 828 373 859 396; x_wconf 86' lang='lat' dir='ltr'>ut</span> <span class='ocrx_word' id='word_1_25' title='bbox 884 368 915 395; x_wconf 93' lang='lat' dir='ltr'>in</span> <span class='ocrx_word' id='word_1_26' title='bbox 940 369 1112 396; x_wconf 83' lang='lat' dir='ltr'>verborum</span> 
     </span>
     <span class='ocr_line' id='line_1_5' title="bbox 326 413 1113 449; baseline -0.001 -8"><span class='ocrx_word' id='word_1_27' title='bbox 326 420 388 441; x_wconf 88' lang='lat' dir='ltr'>usu</span> <span class='ocrx_word' id='word_1_28' title='bbox 413 417 443 440; x_wconf 88' lang='lat' dir='ltr'>et</span> <span class='ocrx_word' id='word_1_29' title='bbox 468 413 702 447; x_wconf 74' lang='lat' dir='ltr'>compositione</span> <span class='ocrx_word' id='word_1_30' title='bbox 725 413 801 440; x_wconf 88' lang='lat' dir='ltr'>nibil</span> <span class='ocrx_word' id='word_1_31' title='bbox 827 422 905 441; x_wconf 71' lang='lat' dir='ltr'>esse</span> <span class='ocrx_word' id='word_1_32' title='bbox 930 418 1113 449; x_wconf 71' lang='lat' dir='ltr'>appareret,</span> 
     </span>
     <span class='ocr_line' id='line_1_6' title="bbox 327 458 1115 493; baseline 0.001 -7"><span class='ocrx_word' id='word_1_33' title='bbox 327 459 411 492; x_wconf 76' lang='lat' dir='ltr'>quod</span> <span class='ocrx_word' id='word_1_34' title='bbox 440 459 572 491; x_wconf 68' lang='lat' dir='ltr'>Virgilio</span> <span class='ocrx_word' id='word_1_35' title='bbox 604 463 694 485; x_wconf 76' lang='lat' dir='ltr'>esset</span> <span class='ocrx_word' id='word_1_36' title='bbox 729 458 910 493; x_wconf 59' lang='lat' dir='ltr'>indignum,</span> <span class='ocrx_word' id='word_1_37' title='bbox 943 463 1039 491; x_wconf 79' lang='lat' dir='ltr'>atque</span> <span class='ocrx_word' id='word_1_38' title='bbox 1070 459 1115 487; x_wconf 88' lang='lat' dir='ltr'>ita</span> 
     </span>
     <span class='ocr_line' id='line_1_7' title="bbox 326 502 1116 537; baseline 0 -6"><span class='ocrx_word' id='word_1_39' title='bbox 326 504 446 532; x_wconf 85' lang='lat' dir='ltr'>tacitus</span> <span class='ocrx_word' id='word_1_40' title='bbox 476 504 670 536; x_wconf 62' lang='lat' dir='ltr'>redarguere</span> <span class='ocrx_word' id='word_1_41' title='bbox 699 502 806 530; x_wconf 79' lang='lat' dir='ltr'>studui</span> <span class='ocrx_word' id='word_1_42' title='bbox 834 511 911 537; x_wconf 89' lang='lat' dir='ltr'>eos,</span> <span class='ocrx_word' id='word_1_43' title='bbox 945 503 997 536; x_wconf 82' lang='lat' dir='ltr'>qui</span> <span class='ocrx_word' id='word_1_44' title='bbox 1031 505 1116 532; x_wconf 87' lang='lat' dir='ltr'>ltaec</span> 
     </span>
     <span class='ocr_line' id='line_1_8' title="bbox 327 548 1113 584; baseline 0 -7"><span class='ocrx_word' id='word_1_45' title='bbox 327 551 428 577; x_wconf 78' lang='lat' dir='ltr'>verba</span> <span class='ocrx_word' id='word_1_46' title='bbox 457 549 618 582; x_wconf 88' lang='lat' dir='ltr'>incompta</span> <span class='ocrx_word' id='word_1_47' title='bbox 658 556 718 575; x_wconf 85' lang='lat' dir='ltr'>nec</span> <span class='ocrx_word' id='word_1_48' title='bbox 748 548 860 576; x_wconf 78' lang='lat' dir='ltr'>Latina</span> <span class='ocrx_word' id='word_1_49' title='bbox 901 548 1027 584; x_wconf 85' lang='lat' dir='ltr'>dicunt,</span> <span class='ocrx_word' id='word_1_50' title='bbox 1065 556 1113 577; x_wconf 86' lang='lat' dir='ltr'>sc.</span> 
     </span>
     <span class='ocr_line' id='line_1_9' title="bbox 326 593 1116 629; baseline -0.001 -6"><span class='ocrx_word' id='word_1_51' title='bbox 326 602 367 623; x_wconf 90' lang='lat' dir='ltr'>ne</span> <span class='ocrx_word' id='word_1_52' title='bbox 387 594 508 629; x_wconf 69' lang='lat' dir='ltr'>Virgilii</span> <span class='ocrx_word' id='word_1_53' title='bbox 528 602 605 621; x_wconf 77' lang='lat' dir='ltr'>esse</span> <span class='ocrx_word' id='word_1_54' title='bbox 625 593 811 627; x_wconf 73' lang='lat' dir='ltr'>videantur;</span> <span class='ocrx_word' id='word_1_55' title='bbox 839 599 1031 627; x_wconf 80' lang='lat' dir='ltr'>quamquam</span> <span class='ocrx_word' id='word_1_56' title='bbox 1051 602 1116 622; x_wconf 92' lang='lat' dir='ltr'>non</span> 
     </span>
     <span class='ocr_line' id='line_1_10' title="bbox 326 638 1114 673; baseline 0 -6"><span class='ocrx_word' id='word_1_57' title='bbox 326 647 477 673; x_wconf 77' lang='lat' dir='ltr'>magnum</span> <span class='ocrx_word' id='word_1_58' title='bbox 512 647 590 666; x_wconf 81' lang='lat' dir='ltr'>esse</span> <span class='ocrx_word' id='word_1_59' title='bbox 620 638 788 673; x_wconf 78' lang='lat' dir='ltr'>existimo,</span> <span class='ocrx_word' id='word_1_60' title='bbox 824 644 962 672; x_wconf 75' lang='lat' dir='ltr'>quatuor</span> <span class='ocrx_word' id='word_1_61' title='bbox 996 647 1114 667; x_wconf 75' lang='lat' dir='ltr'>versus</span> 
     </span>
     <span class='ocr_line' id='line_1_11' title="bbox 327 683 1116 719; baseline -0.001 -6"><span class='ocrx_word' id='word_1_62' title='bbox 327 685 553 717; x_wconf 79' lang='lat' dir='ltr'>conscribere,</span> <span class='ocrx_word' id='word_1_63' title='bbox 595 683 625 711; x_wconf 90' lang='lat' dir='ltr'>in</span> <span class='ocrx_word' id='word_1_64' title='bbox 657 683 773 717; x_wconf 89' lang='lat' dir='ltr'>quibus</span> <span class='ocrx_word' id='word_1_65' title='bbox 798 684 876 712; x_wconf 88' lang='lat' dir='ltr'>nibil</span> <span class='ocrx_word' id='word_1_66' title='bbox 900 684 994 719; x_wconf 89' lang='lat' dir='ltr'>insit,</span> <span class='ocrx_word' id='word_1_67' title='bbox 1032 685 1116 718; x_wconf 82' lang='lat' dir='ltr'>quod</span> 
     </span>
     <span class='ocr_line' id='line_1_12' title="bbox 327 729 1117 763; baseline -0.001 -5"><span class='ocrx_word' id='word_1_68' title='bbox 327 730 480 763; x_wconf 66' lang='lat' dir='ltr'>Virgilius</span> <span class='ocrx_word' id='word_1_69' title='bbox 511 729 618 756; x_wconf 83' lang='lat' dir='ltr'>dicere</span> <span class='ocrx_word' id='word_1_70' title='bbox 650 736 713 756; x_wconf 88' lang='lat' dir='ltr'>non</span> <span class='ocrx_word' id='word_1_71' title='bbox 742 730 890 763; x_wconf 86' lang='lat' dir='ltr'>potuerit.</span> <span class='ocrx_word' id='word_1_72' title='bbox 918 744 961 748; x_wconf 91' lang='lat'><strong>—</strong></span> <span class='ocrx_word' id='word_1_73' title='bbox 990 731 1117 758; x_wconf 83' lang='lat' dir='ltr'>Absunt</span> 
     </span>
     <span class='ocr_line' id='line_1_13' title="bbox 327 774 1116 808; baseline 0 -5"><span class='ocrx_word' id='word_1_74' title='bbox 327 775 359 803; x_wconf 86' lang='lat' dir='ltr'>bi</span> <span class='ocrx_word' id='word_1_75' title='bbox 393 782 512 802; x_wconf 73' lang='lat' dir='ltr'>versus</span> <span class='ocrx_word' id='word_1_76' title='bbox 546 781 565 802; x_wconf 87' lang='lat' dir='ltr'>a</span> <span class='ocrx_word' id='word_1_77' title='bbox 598 774 741 808; x_wconf 86' lang='lat' dir='ltr'>pluribus</span> <span class='ocrx_word' id='word_1_78' title='bbox 774 777 854 802; x_wconf 84' lang='lat' dir='ltr'>Mss.</span> <span class='ocrx_word' id='word_1_79' title='bbox 889 776 947 803; x_wconf 81' lang='lat' dir='ltr'>sed</span> <span class='ocrx_word' id='word_1_80' title='bbox 979 780 1052 803; x_wconf 88' lang='lat' dir='ltr'>sunt</span> <span class='ocrx_word' id='word_1_81' title='bbox 1084 775 1116 803; x_wconf 88' lang='lat' dir='ltr'>in</span> 
     </span>
     <span class='ocr_line' id='line_1_14' title="bbox 326 818 1116 855; baseline 0.001 -7"><span class='ocrx_word' id='word_1_82' title='bbox 326 819 509 855; x_wconf 86' lang='lat' dir='ltr'>nonnullis,</span> <span class='ocrx_word' id='word_1_83' title='bbox 540 818 753 847; x_wconf 83' lang='lat' dir='ltr'>defenduntur</span> <span class='ocrx_word' id='word_1_84' title='bbox 780 819 838 847; x_wconf 83' lang='lat' dir='ltr'>fide</span> <span class='ocrx_word' id='word_1_85' title='bbox 865 820 969 849; x_wconf 69' lang='lat' dir='ltr'>Servii</span> <span class='ocrx_word' id='word_1_86' title='bbox 994 826 1023 848; x_wconf 89' lang='lat' dir='ltr'>et</span> <span class='ocrx_word' id='word_1_87' title='bbox 1050 822 1116 849; x_wconf 88' lang='lat' dir='ltr'>Do-</span> 
     </span>
     <span class='ocr_line' id='line_1_15' title="bbox 327 864 1115 901; baseline 0.001 -8"><span class='ocrx_word' id='word_1_88' title='bbox 327 865 412 900; x_wconf 90' lang='lat' dir='ltr'>nati,</span> <span class='ocrx_word' id='word_1_89' title='bbox 440 865 523 899; x_wconf 85' lang='lat' dir='ltr'>quod</span> <span class='ocrx_word' id='word_1_90' title='bbox 547 864 602 892; x_wconf 90' lang='lat' dir='ltr'>ille</span> <span class='ocrx_word' id='word_1_91' title='bbox 627 872 685 892; x_wconf 89' lang='lat' dir='ltr'>eos</span> <span class='ocrx_word' id='word_1_92' title='bbox 710 865 869 901; x_wconf 83' lang='lat' dir='ltr'>explicat,</span> <span class='ocrx_word' id='word_1_93' title='bbox 898 866 949 894; x_wconf 88' lang='lat' dir='ltr'>bic</span> <span class='ocrx_word' id='word_1_94' title='bbox 975 867 1070 894; x_wconf 85' lang='lat' dir='ltr'>etiam</span> <span class='ocrx_word' id='word_1_95' title='bbox 1098 873 1115 894; x_wconf 86' lang='lat' dir='ltr'>a</span> 
     </span>
     <span class='ocr_line' id='line_1_16' title="bbox 327 909 1117 944; baseline 0 -5"><span class='ocrx_word' id='word_1_96' title='bbox 327 910 420 944; x_wconf 76' lang='lat' dir='ltr'>vgtto</span> <span class='ocrx_word' id='word_1_97' title='bbox 451 909 556 938; x_wconf 87' lang='lat' dir='ltr'>factos</span> <span class='ocrx_word' id='word_1_98' title='bbox 589 911 647 938; x_wconf 85' lang='lat' dir='ltr'>sed</span> <span class='ocrx_word' id='word_1_99' title='bbox 684 917 702 938; x_wconf 89' lang='lat' dir='ltr'>a</span> <span class='ocrx_word' id='word_1_100' title='bbox 725 911 822 939; x_wconf 72' lang='lat' dir='ltr'>Vario</span> <span class='ocrx_word' id='word_1_101' title='bbox 855 913 1003 939; x_wconf 85' lang='lat' dir='ltr'>sublatos</span> <span class='ocrx_word' id='word_1_102' title='bbox 1039 919 1117 939; x_wconf 82' lang='lat' dir='ltr'>esse</span> 
     </span>
     <span class='ocr_line' id='line_1_17' title="bbox 326 955 1116 991; baseline -0.001 -7"><span class='ocrx_word' id='word_1_103' title='bbox 326 958 446 984; x_wconf 91' lang='lat' dir='ltr'>narrat.</span> <span class='ocrx_word' id='word_1_104' title='bbox 496 957 594 983; x_wconf 80' lang='lat' dir='ltr'>immo</span> <span class='ocrx_word' id='word_1_105' title='bbox 628 955 678 983; x_wconf 87' lang='lat' dir='ltr'>bis</span> <span class='ocrx_word' id='word_1_106' title='bbox 714 956 866 984; x_wconf 77' lang='lat' dir='ltr'>versibus</span> <span class='ocrx_word' id='word_1_107' title='bbox 896 964 1014 991; x_wconf 80' lang='lat' dir='ltr'>magna</span> <span class='ocrx_word' id='word_1_108' title='bbox 1049 962 1116 985; x_wconf 86' lang='lat' dir='ltr'>arte</span> 
     </span>
     <span class='ocr_line' id='line_1_18' title="bbox 328 1000 1117 1037; baseline 0.001 -8"><span class='ocrx_word' id='word_1_109' title='bbox 328 1001 520 1035; x_wconf 88' lang='lat' dir='ltr'>compositis</span> <span class='ocrx_word' id='word_1_110' title='bbox 556 1000 697 1035; x_wconf 84' lang='lat' dir='ltr'>praefari</span> <span class='ocrx_word' id='word_1_111' title='bbox 730 1002 855 1029; x_wconf 81' lang='lat' dir='ltr'>videtur</span> <span class='ocrx_word' id='word_1_112' title='bbox 894 1003 932 1030; x_wconf 87' lang='lat' dir='ltr'>de</span> <span class='ocrx_word' id='word_1_113' title='bbox 964 1011 1001 1031; x_wconf 88' lang='lat' dir='ltr'>se</span> <span class='ocrx_word' id='word_1_114' title='bbox 1032 1002 1117 1037; x_wconf 85' lang='lat' dir='ltr'>ipso,</span> 
     </span>
     <span class='ocr_line' id='line_1_19' title="bbox 327 1046 1118 1083; baseline 0.001 -9"><span class='ocrx_word' id='word_1_115' title='bbox 327 1050 357 1074; x_wconf 89' lang='lat' dir='ltr'>et</span> <span class='ocrx_word' id='word_1_116' title='bbox 392 1046 521 1075; x_wconf 71' lang='lat' dir='ltr'>tristitia</span> <span class='ocrx_word' id='word_1_117' title='bbox 549 1047 688 1080; x_wconf 80' lang='lat' dir='ltr'>quadam</span> <span class='ocrx_word' id='word_1_118' title='bbox 720 1047 861 1083; x_wconf 84' lang='lat' dir='ltr'>capitur,</span> <span class='ocrx_word' id='word_1_119' title='bbox 897 1055 993 1081; x_wconf 78' lang='lat' dir='ltr'>quum</span> <span class='ocrx_word' id='word_1_120' title='bbox 1025 1049 1118 1075; x_wconf 86' lang='lat' dir='ltr'>vale-</span> 
     </span>
     <span class='ocr_line' id='line_1_20' title="bbox 328 1091 1120 1128; baseline 0.001 -8"><span class='ocrx_word' id='word_1_121' title='bbox 328 1092 413 1120; x_wconf 86' lang='lat' dir='ltr'>dicat</span> <span class='ocrx_word' id='word_1_122' title='bbox 441 1091 649 1128; x_wconf 82' lang='lat' dir='ltr'>carminibus,</span> <span class='ocrx_word' id='word_1_123' title='bbox 675 1092 791 1125; x_wconf 80' lang='lat' dir='ltr'>quibus</span> <span class='ocrx_word' id='word_1_124' title='bbox 817 1093 953 1126; x_wconf 73' lang='lat' dir='ltr'>gloriam</span> <span class='ocrx_word' id='word_1_125' title='bbox 979 1093 1120 1121; x_wconf 81' lang='lat' dir='ltr'>condidit</span> 
     </span>
     <span class='ocr_line' id='line_1_21' title="bbox 328 1137 1120 1174; baseline 0 -8"><span class='ocrx_word' id='word_1_126' title='bbox 328 1144 434 1174; x_wconf 86' lang='lat' dir='ltr'>suam,</span> <span class='ocrx_word' id='word_1_127' title='bbox 460 1142 491 1165; x_wconf 90' lang='lat' dir='ltr'>et</span> <span class='ocrx_word' id='word_1_128' title='bbox 517 1137 632 1171; x_wconf 80' lang='lat' dir='ltr'>quibus</span> <span class='ocrx_word' id='word_1_129' title='bbox 657 1137 743 1165; x_wconf 85' lang='lat' dir='ltr'>ruris</span> <span class='ocrx_word' id='word_1_130' title='bbox 766 1142 795 1165; x_wconf 85' lang='lat' dir='ltr'>et</span> <span class='ocrx_word' id='word_1_131' title='bbox 818 1139 1003 1167; x_wconf 70' lang='lat' dir='ltr'>securitatis</span> <span class='ocrx_word' id='word_1_132' title='bbox 1028 1145 1120 1166; x_wconf 85' lang='lat' dir='ltr'>amo-</span> 
     </span>
     <span class='ocr_line' id='line_1_22' title="bbox 328 1182 1120 1219; baseline 0.003 -9"><span class='ocrx_word' id='word_1_133' title='bbox 328 1190 394 1210; x_wconf 97' lang='lat' dir='ltr'>rem</span> <span class='ocrx_word' id='word_1_134' title='bbox 435 1182 611 1210; x_wconf 80' lang='lat' dir='ltr'>confessus</span> <span class='ocrx_word' id='word_1_135' title='bbox 650 1186 719 1219; x_wconf 86' lang='lat' dir='ltr'>est,</span> <span class='ocrx_word' id='word_1_136' title='bbox 763 1190 859 1216; x_wconf 85' lang='lat' dir='ltr'>quum</span> <span class='ocrx_word' id='word_1_137' title='bbox 897 1187 1039 1212; x_wconf 84' lang='lat' dir='ltr'>transeat</span> <span class='ocrx_word' id='word_1_138' title='bbox 1080 1185 1120 1211; x_wconf 85' lang='lat' dir='ltr'>ad</span> 
     </span>
     <span class='ocr_line' id='line_1_23' title="bbox 329 1228 1122 1265; baseline -0.001 -8"><span class='ocrx_word' id='word_1_139' title='bbox 329 1228 482 1257; x_wconf 83' lang='lat' dir='ltr'>carminis</span> <span class='ocrx_word' id='word_1_140' title='bbox 515 1235 619 1261; x_wconf 87' lang='lat' dir='ltr'>genus</span> <span class='ocrx_word' id='word_1_141' title='bbox 650 1229 749 1255; x_wconf 87' lang='lat' dir='ltr'>multo</span> <span class='ocrx_word' id='word_1_142' title='bbox 785 1228 968 1265; x_wconf 83' lang='lat' dir='ltr'>diversum,</span> <span class='ocrx_word' id='word_1_143' title='bbox 1005 1230 1122 1257; x_wconf 89' lang='lat' dir='ltr'>multo-</span> 
     </span>
     <span class='ocr_line' id='line_1_24' title="bbox 329 1273 1121 1309; baseline 0.003 -9"><span class='ocrx_word' id='word_1_144' title='bbox 329 1281 390 1308; x_wconf 84' lang='lat' dir='ltr'>que</span> <span class='ocrx_word' id='word_1_145' title='bbox 430 1273 581 1309; x_wconf 79' lang='lat' dir='ltr'>gravius,</span> <span class='ocrx_word' id='word_1_146' title='bbox 625 1280 687 1306; x_wconf 80' lang='lat' dir='ltr'>quo</span> <span class='ocrx_word' id='word_1_147' title='bbox 726 1273 799 1306; x_wconf 83' lang='lat' dir='ltr'>quid</span> <span class='ocrx_word' id='word_1_148' title='bbox 839 1274 900 1302; x_wconf 88' lang='lat' dir='ltr'>sibi</span> <span class='ocrx_word' id='word_1_149' title='bbox 940 1275 981 1303; x_wconf 90' lang='lat' dir='ltr'>sit</span> <span class='ocrx_word' id='word_1_150' title='bbox 1012 1275 1121 1302; x_wconf 84' lang='lat' dir='ltr'>laudis</span> 
     </span>
     <span class='ocr_line' id='line_1_25' title="bbox 329 1318 1122 1356; baseline 0 -9"><span class='ocrx_word' id='word_1_151' title='bbox 329 1323 595 1352; x_wconf 78' lang='lat' dir='ltr'>comparaturus,</span> <span class='ocrx_word' id='word_1_152' title='bbox 636 1318 757 1347; x_wconf 87' lang='lat' dir='ltr'>anxius</span> <span class='ocrx_word' id='word_1_153' title='bbox 793 1319 930 1356; x_wconf 86' lang='lat' dir='ltr'>dubitat,</span> <span class='ocrx_word' id='word_1_154' title='bbox 971 1320 1122 1353; x_wconf 75' lang='lat' dir='ltr'>timetque</span> 
     </span>
     <span class='ocr_line' id='line_1_26' title="bbox 328 1362 1122 1404; baseline 0 -12"><span class='ocrx_word' id='word_1_155' title='bbox 328 1372 368 1392; x_wconf 87' lang='lat' dir='ltr'>ne</span> <span class='ocrx_word' id='word_1_156' title='bbox 396 1364 458 1392; x_wconf 89' lang='lat' dir='ltr'>iam</span> <span class='ocrx_word' id='word_1_157' title='bbox 483 1368 609 1398; x_wconf 89' lang='lat' dir='ltr'>partam</span> <span class='ocrx_word' id='word_1_158' title='bbox 634 1364 770 1397; x_wconf 83' lang='lat' dir='ltr'>gloriam</span> <span class='ocrx_word' id='word_1_159' title='bbox 795 1364 928 1393; x_wconf 86' lang='lat' dir='ltr'>amittat.</span> <span class='ocrx_word' id='word_1_160' title='bbox 980 1362 1122 1404; x_wconf 77' lang='lat' dir='ltr'>Ipsius</span> 
     </span>
     <span class='ocr_line' id='line_1_27' title="bbox 330 1406 1121 1445; baseline 0 -7"><span class='ocrx_word' id='word_1_161' title='bbox 330 1406 532 1438; x_wconf 80' lang='lat' dir='ltr'>Aeneidis</span> <span class='ocrx_word' id='word_1_162' title='bbox 567 1416 711 1437; x_wconf 85' lang='lat' dir='ltr'>versus</span> <span class='ocrx_word' id='word_1_163' title='bbox 748 1417 827 1438; x_wconf 82' lang='lat' dir='ltr'>non</span> <span class='ocrx_word' id='word_1_164' title='bbox 861 1411 975 1445; x_wconf 77' lang='lat' dir='ltr'>sunt,</span> <span class='ocrx_word' id='word_1_165' title='bbox 1021 1417 1121 1444; x_wconf 78' lang='lat' dir='ltr'>quare</span> 
     </span>
     <span class='ocr_line' id='line_1_28' title="bbox 329 1451 1121 1494; baseline 0.001 -11"><span class='ocrx_word' id='word_1_166' title='bbox 329 1455 423 1484; x_wconf 86' lang='lat' dir='ltr'>etiam</span> <span class='ocrx_word' id='word_1_167' title='bbox 452 1454 605 1482; x_wconf 79' lang='lat' dir='ltr'>Ovidius:</span> <span class='ocrx_word' id='word_1_168' title='bbox 657 1452 764 1482; x_wconf 86' lang='lat' dir='ltr'>Arma</span> <span class='ocrx_word' id='word_1_169' title='bbox 795 1451 975 1494; x_wconf 80' lang='lat' dir='ltr'>virumque</span> <span class='ocrx_word' id='word_1_170' title='bbox 1000 1456 1121 1490; x_wconf 81' lang='lat' dir='ltr'>(Trist.</span> 
     </span>
     <span class='ocr_line' id='line_1_29' title="bbox 327 1498 1122 1535; baseline 0.001 -7"><span class='ocrx_word' id='word_1_171' title='bbox 327 1499 365 1535; x_wconf 83' lang='lat'>2,</span> <span class='ocrx_word' id='word_1_172' title='bbox 391 1498 489 1534; x_wconf 87' lang='lat'>533.)</span> <span class='ocrx_word' id='word_1_173' title='bbox 527 1499 681 1528; x_wconf 84' lang='lat' dir='ltr'>carminis</span> <span class='ocrx_word' id='word_1_174' title='bbox 710 1500 819 1528; x_wconf 85' lang='lat' dir='ltr'>habuit</span> <span class='ocrx_word' id='word_1_175' title='bbox 850 1500 975 1529; x_wconf 88' lang='lat' dir='ltr'>initium</span> <span class='ocrx_word' id='word_1_176' title='bbox 1005 1506 1035 1529; x_wconf 85' lang='lat' dir='ltr'>et</span> <span class='ocrx_word' id='word_1_177' title='bbox 1068 1501 1122 1530; x_wconf 89' lang='lat' dir='ltr'>alii</span> 
     </span>
     <span class='ocr_line' id='line_1_30' title="bbox 329 1545 1121 1575; baseline 0.003 -2"><span class='ocrx_word' id='word_1_178' title='bbox 329 1553 443 1574; x_wconf 90' lang='lat' dir='ltr'>omnes</span> <span class='ocrx_word' id='word_1_179' title='bbox 477 1549 507 1573; x_wconf 85' lang='lat' dir='ltr'>et</span> <span class='ocrx_word' id='word_1_180' title='bbox 539 1545 705 1573; x_wconf 84' lang='lat' dir='ltr'>eiecerunt</span> <span class='ocrx_word' id='word_1_181' title='bbox 731 1546 850 1575; x_wconf 82' lang='lat' dir='ltr'>Varius</span> <span class='ocrx_word' id='word_1_182' title='bbox 883 1551 912 1574; x_wconf 88' lang='lat' dir='ltr'>et</span> <span class='ocrx_word' id='word_1_183' title='bbox 948 1548 1060 1575; x_wconf 88' lang='lat' dir='ltr'>Tucca</span> <span class='ocrx_word' id='word_1_184' title='bbox 1091 1550 1121 1575; x_wconf 88' lang='lat' dir='ltr'>et</span> 
     </span>
     <span class='ocr_line' id='line_1_31' title="bbox 327 1591 1122 1628; baseline 0.001 -9"><span class='ocrx_word' id='word_1_185' title='bbox 327 1591 458 1619; x_wconf 88' lang='lat' dir='ltr'>librarii.</span> <span class='ocrx_word' id='word_1_186' title='bbox 508 1591 589 1619; x_wconf 79' lang='lat' dir='ltr'>illud</span> <span class='ocrx_word' id='word_1_187' title='bbox 615 1592 691 1618; x_wconf 78' lang='lat' dir='ltr'>leve</span> <span class='ocrx_word' id='word_1_188' title='bbox 719 1591 845 1625; x_wconf 84' lang='lat' dir='ltr'>quidem</span> <span class='ocrx_word' id='word_1_189' title='bbox 876 1593 1007 1628; x_wconf 83' lang='lat' dir='ltr'>addam,</span> <span class='ocrx_word' id='word_1_190' title='bbox 1046 1600 1122 1627; x_wconf 90' lang='lat' dir='ltr'>pro-</span> 
     </span>
     <span class='ocr_line' id='line_1_32' title="bbox 328 1636 1123 1672; baseline 0.003 -8"><span class='ocrx_word' id='word_1_191' title='bbox 328 1637 434 1665; x_wconf 80' lang='lat' dir='ltr'>babile</span> <span class='ocrx_word' id='word_1_192' title='bbox 468 1644 564 1672; x_wconf 84' lang='lat' dir='ltr'>esse,</span> <span class='ocrx_word' id='word_1_193' title='bbox 605 1636 702 1664; x_wconf 88' lang='lat' dir='ltr'>alium</span> <span class='ocrx_word' id='word_1_194' title='bbox 735 1637 897 1665; x_wconf 84' lang='lat' dir='ltr'>bominem</span> <span class='ocrx_word' id='word_1_195' title='bbox 929 1646 1049 1666; x_wconf 82' lang='lat' dir='ltr'>versus</span> <span class='ocrx_word' id='word_1_196' title='bbox 1079 1638 1123 1666; x_wconf 87' lang='lat' dir='ltr'>ita</span> 
     </span>
     <span class='ocr_line' id='line_1_33' title="bbox 328 1681 1121 1717; baseline 0.003 -7"><span class='ocrx_word' id='word_1_197' title='bbox 328 1681 604 1711; x_wconf 80' lang='lat' dir='ltr'>conformaturum</span> <span class='ocrx_word' id='word_1_198' title='bbox 622 1681 736 1716; x_wconf 85' lang='lat' dir='ltr'>fuisse,</span> <span class='ocrx_word' id='word_1_199' title='bbox 761 1687 790 1710; x_wconf 91' lang='lat' dir='ltr'>ut</span> <span class='ocrx_word' id='word_1_200' title='bbox 806 1683 847 1711; x_wconf 91' lang='lat' dir='ltr'>iis</span> <span class='ocrx_word' id='word_1_201' title='bbox 861 1683 944 1717; x_wconf 87' lang='lat' dir='ltr'>ipsis</span> <span class='ocrx_word' id='word_1_202' title='bbox 959 1683 1121 1712; x_wconf 86' lang='lat' dir='ltr'>sententia</span> 
     </span>
     <span class='ocr_line' id='line_1_34' title="bbox 329 1722 1120 1765; baseline 0.001 -9"><span class='ocrx_word' id='word_1_203' title='bbox 329 1729 566 1756; x_wconf 84' lang='lat' dir='ltr'>absolveretur.</span> <span class='ocrx_word' id='word_1_204' title='bbox 608 1728 658 1755; x_wconf 83' lang='lat' dir='ltr'>Ad</span> <span class='ocrx_word' id='word_1_205' title='bbox 676 1722 817 1756; x_wconf 84' lang='lat' dir='ltr'>amicum</span> <span class='ocrx_word' id='word_1_206' title='bbox 833 1729 984 1765; x_wconf 77' lang='lat' dir='ltr'>aliquem,</span> <span class='ocrx_word' id='word_1_207' title='bbox 1008 1729 1120 1764; x_wconf 86' lang='lat' dir='ltr'>suspi-</span> 
     </span>
     <span class='ocr_line' id='line_1_35' title="bbox 329 1773 1118 1810; baseline 0.003 -9"><span class='ocrx_word' id='word_1_208' title='bbox 329 1781 401 1810; x_wconf 89' lang='lat' dir='ltr'>cor,</span> <span class='ocrx_word' id='word_1_209' title='bbox 435 1780 532 1807; x_wconf 86' lang='lat' dir='ltr'>quum</span> <span class='ocrx_word' id='word_1_210' title='bbox 560 1773 697 1801; x_wconf 82' lang='lat' dir='ltr'>mitteret</span> <span class='ocrx_word' id='word_1_211' title='bbox 723 1780 872 1809; x_wconf 84' lang='lat' dir='ltr'>carmen,</span> <span class='ocrx_word' id='word_1_212' title='bbox 912 1776 974 1802; x_wconf 88' lang='lat' dir='ltr'>bos</span> <span class='ocrx_word' id='word_1_213' title='bbox 999 1782 1118 1803; x_wconf 77' lang='lat' dir='ltr'>versus</span> 
     </span>
     <span class='ocr_line' id='line_1_36' title="bbox 325 1813 1118 1855; baseline 0.001 -9"><span class='ocrx_word' id='word_1_214' title='bbox 325 1813 537 1855; x_wconf 63' lang='lat' dir='ltr'>praeposuit,</span> <span class='ocrx_word' id='word_1_215' title='bbox 577 1827 641 1846; x_wconf 91' lang='lat' dir='ltr'>non</span> <span class='ocrx_word' id='word_1_216' title='bbox 678 1822 709 1846; x_wconf 90' lang='lat' dir='ltr'>ut</span> <span class='ocrx_word' id='word_1_217' title='bbox 744 1820 872 1848; x_wconf 91' lang='lat' dir='ltr'>omnino</span> <span class='ocrx_word' id='word_1_218' title='bbox 911 1820 950 1848; x_wconf 87' lang='lat' dir='ltr'>iis</span> <span class='ocrx_word' id='word_1_219' title='bbox 988 1827 1118 1848; x_wconf 86' lang='lat' dir='ltr'>carmen</span> 
     </span>
     <span class='ocr_line' id='line_1_37' title="bbox 329 1864 1118 1899; baseline 0.001 -7"><span class='ocrx_word' id='word_1_220' title='bbox 329 1864 546 1899; x_wconf 82' lang='lat' dir='ltr'>praefaretur;</span> <span class='ocrx_word' id='word_1_221' title='bbox 580 1865 756 1892; x_wconf 85' lang='lat' dir='ltr'>absurdum</span> <span class='ocrx_word' id='word_1_222' title='bbox 780 1865 863 1893; x_wconf 89' lang='lat' dir='ltr'>enim</span> <span class='ocrx_word' id='word_1_223' title='bbox 888 1867 1118 1894; x_wconf 75' lang='lat' dir='ltr'>lamentatione</span> 
     </span>
     <span class='ocr_line' id='line_1_38' title="bbox 328 1909 1119 1945; baseline 0.001 -8"><span class='ocrx_word' id='word_1_224' title='bbox 328 1910 515 1945; x_wconf 85' lang='lat' dir='ltr'>praemissa</span> <span class='ocrx_word' id='word_1_225' title='bbox 537 1909 711 1944; x_wconf 83' lang='lat' dir='ltr'>infringere</span> <span class='ocrx_word' id='word_1_226' title='bbox 736 1910 887 1938; x_wconf 76' lang='lat' dir='ltr'>carminis</span> <span class='ocrx_word' id='word_1_227' title='bbox 909 1911 1030 1938; x_wconf 77' lang='lat' dir='ltr'>heroici</span> <span class='ocrx_word' id='word_1_228' title='bbox 1056 1911 1119 1938; x_wconf 82' lang='lat' dir='ltr'>vim</span> 
     </span>
     <span class='ocr_line' id='line_1_39' title="bbox 328 1952 1119 1990; baseline 0.001 -7"><span class='ocrx_word' id='word_1_229' title='bbox 328 1959 359 1983; x_wconf 86' lang='lat' dir='ltr'>et</span> <span class='ocrx_word' id='word_1_230' title='bbox 387 1956 590 1990; x_wconf 79' lang='lat' dir='ltr'>gravitatem.</span> <span class='ocrx_word' id='word_1_231' title='bbox 645 1952 702 1982; x_wconf 81' lang='lat' dir='ltr'>Gr.</span> <span class='ocrx_word' id='word_1_232' title='bbox 727 1955 758 1983; x_wconf 91' lang='lat' dir='ltr'>in</span> <span class='ocrx_word' id='word_1_233' title='bbox 784 1956 890 1983; x_wconf 80' lang='lat' dir='ltr'>Minoe</span> <span class='ocrx_word' id='word_1_234' title='bbox 918 1957 1000 1984; x_wconf 82' lang='lat' dir='ltr'>banc</span> <span class='ocrx_word' id='word_1_235' title='bbox 1024 1963 1119 1990; x_wconf 86' lang='lat' dir='ltr'>prae-</span> 
     </span>
     <span class='ocr_line' id='line_1_40' title="bbox 327 2000 1117 2034; baseline 0.003 -6"><span class='ocrx_word' id='word_1_236' title='bbox 327 2000 482 2029; x_wconf 85' lang='lat' dir='ltr'>fationem</span> <span class='ocrx_word' id='word_1_237' title='bbox 504 2001 751 2034; x_wconf 74' lang='lat' dir='ltr'>bibliopolarum</span> <span class='ocrx_word' id='word_1_238' title='bbox 771 2000 884 2028; x_wconf 83' lang='lat' dir='ltr'>fraude</span> <span class='ocrx_word' id='word_1_239' title='bbox 910 2006 1018 2029; x_wconf 86' lang='lat' dir='ltr'>natam</span> <span class='ocrx_word' id='word_1_240' title='bbox 1040 2009 1117 2030; x_wconf 86' lang='lat' dir='ltr'>esse</span> 
     </span>
     <span class='ocr_line' id='line_1_41' title="bbox 329 2045 1119 2080; baseline 0 -6"><span class='ocrx_word' id='word_1_241' title='bbox 329 2046 441 2076; x_wconf 85' lang='lat' dir='ltr'>sumit.</span> <span class='ocrx_word' id='word_1_242' title='bbox 474 2046 528 2080; x_wconf 83' lang='lat' dir='ltr'>qui</span> <span class='ocrx_word' id='word_1_243' title='bbox 555 2045 691 2080; x_wconf 84' lang='lat' dir='ltr'>saepius</span> <span class='ocrx_word' id='word_1_244' title='bbox 723 2046 885 2074; x_wconf 80' lang='lat' dir='ltr'>intulerint</span> <span class='ocrx_word' id='word_1_245' title='bbox 911 2054 1017 2074; x_wconf 74' lang='lat' dir='ltr'>novos</span> <span class='ocrx_word' id='word_1_246' title='bbox 1043 2054 1119 2074; x_wconf 75' lang='lat' dir='ltr'>ver-</span> 
     </span>
     <span class='ocr_line' id='line_1_42' title="bbox 329 2091 1102 2128; baseline 0 -8"><span class='ocrx_word' id='word_1_247' title='bbox 329 2099 407 2128; x_wconf 83' lang='lat' dir='ltr'>suS‚</span> <span class='ocrx_word' id='word_1_248' title='bbox 435 2095 468 2120; x_wconf 91' lang='lat' dir='ltr'>ut</span> <span class='ocrx_word' id='word_1_249' title='bbox 490 2096 620 2119; x_wconf 89' lang='lat' dir='ltr'>auctum</span> <span class='ocrx_word' id='word_1_250' title='bbox 651 2091 765 2119; x_wconf 86' lang='lat' dir='ltr'>librum</span> <span class='ocrx_word' id='word_1_251' title='bbox 790 2092 892 2126; x_wconf 86' lang='lat' dir='ltr'>pluris</span> <span class='ocrx_word' id='word_1_252' title='bbox 914 2093 1102 2121; x_wconf 72' lang='lat' dir='ltr'>venderent.</span> 
     </span>
    </p>
   </div>
   <div class='ocr_carea' id='block_1_4' title="bbox 389 2165 1060 2207">
    <p class='ocr_par' dir='ltr' id='par_1_4' title="bbox 389 2165 1060 2207">
     <span class='ocr_line' id='line_1_43' title="bbox 389 2165 1060 2207; baseline 0.003 -10"><span class='ocrx_word' id='word_1_253' title='bbox 389 2175 418 2197; x_wconf 81' lang='lat' dir='ltr'>v.</span> <span class='ocrx_word' id='word_1_254' title='bbox 449 2167 557 2197; x_wconf 68' lang='lat'>1-7.</span> <span class='ocrx_word' id='word_1_255' title='bbox 606 2165 863 2207; x_wconf 78' lang='lat' dir='ltr'>Argumentum</span> <span class='ocrx_word' id='word_1_256' title='bbox 887 2167 1060 2199; x_wconf 78' lang='lat' dir='ltr'>carminis.</span> 
     </span>
    </p>
   </div>
   <div class='ocr_carea' id='block_1_5' title="bbox 329 2226 1120 3037">
    <p class='ocr_par' dir='ltr' id='par_1_5' title="bbox 329 2226 1119 2487">
     <span class='ocr_line' id='line_1_44' title="bbox 374 2226 1119 2260; baseline 0.005 -8"><span class='ocrx_word' id='word_1_257' title='bbox 374 2226 607 2260; x_wconf 84' lang='lat' dir='ltr'>Argumentum</span> <span class='ocrx_word' id='word_1_258' title='bbox 641 2226 738 2254; x_wconf 85' lang='lat' dir='ltr'>totius</span> <span class='ocrx_word' id='word_1_259' title='bbox 770 2227 879 2260; x_wconf 88' lang='lat' dir='ltr'>operis</span> <span class='ocrx_word' id='word_1_260' title='bbox 914 2235 1040 2255; x_wconf 87' lang='lat' dir='ltr'>summo</span> <span class='ocrx_word' id='word_1_261' title='bbox 1066 2234 1119 2256; x_wconf 87' lang='lat' dir='ltr'>ar-</span> 
     </span>
     <span class='ocr_line' id='line_1_45' title="bbox 329 2270 1118 2306; baseline 0.004 -8"><span class='ocrx_word' id='word_1_262' title='bbox 329 2270 423 2298; x_wconf 87' lang='lat' dir='ltr'>tificio</span> <span class='ocrx_word' id='word_1_263' title='bbox 455 2271 689 2306; x_wconf 78' lang='lat' dir='ltr'>compositum,</span> <span class='ocrx_word' id='word_1_264' title='bbox 723 2271 756 2299; x_wconf 91' lang='lat' dir='ltr'>in</span> <span class='ocrx_word' id='word_1_265' title='bbox 787 2280 849 2306; x_wconf 84' lang='lat' dir='ltr'>quo</span> <span class='ocrx_word' id='word_1_266' title='bbox 882 2280 923 2300; x_wconf 89' lang='lat' dir='ltr'>ne</span> <span class='ocrx_word' id='word_1_267' title='bbox 949 2274 1118 2301; x_wconf 84' lang='lat' dir='ltr'>verbulum</span> 
     </span>
     <span class='ocr_line' id='line_1_46' title="bbox 329 2316 1118 2350; baseline 0.005 -7"><span class='ocrx_word' id='word_1_268' title='bbox 329 2316 458 2350; x_wconf 81' lang='lat' dir='ltr'>quidem</span> <span class='ocrx_word' id='word_1_269' title='bbox 485 2317 556 2345; x_wconf 86' lang='lat' dir='ltr'>sine</span> <span class='ocrx_word' id='word_1_270' title='bbox 587 2317 620 2344; x_wconf 75' lang='lat' dir='ltr'>vi</span> <span class='ocrx_word' id='word_1_271' title='bbox 650 2325 710 2345; x_wconf 90' lang='lat' dir='ltr'>nec</span> <span class='ocrx_word' id='word_1_272' title='bbox 742 2319 913 2345; x_wconf 80' lang='lat' dir='ltr'>verborum</span> <span class='ocrx_word' id='word_1_273' title='bbox 942 2319 1020 2346; x_wconf 90' lang='lat' dir='ltr'>ordo</span> <span class='ocrx_word' id='word_1_274' title='bbox 1046 2319 1118 2347; x_wconf 88' lang='lat' dir='ltr'>sine</span> 
     </span>
     <span class='ocr_line' id='line_1_47' title="bbox 329 2362 1119 2399; baseline 0.004 -10"><span class='ocrx_word' id='word_1_275' title='bbox 329 2362 468 2390; x_wconf 84' lang='lat' dir='ltr'>consilio</span> <span class='ocrx_word' id='word_1_276' title='bbox 500 2366 566 2398; x_wconf 85' lang='lat' dir='ltr'>est,</span> <span class='ocrx_word' id='word_1_277' title='bbox 600 2363 684 2396; x_wconf 85' lang='lat' dir='ltr'>quod</span> <span class='ocrx_word' id='word_1_278' title='bbox 716 2363 823 2397; x_wconf 84' lang='lat' dir='ltr'>ipsum</span> <span class='ocrx_word' id='word_1_279' title='bbox 858 2368 963 2391; x_wconf 91' lang='lat' dir='ltr'>tecum</span> <span class='ocrx_word' id='word_1_280' title='bbox 994 2372 1119 2399; x_wconf 76' lang='lat' dir='ltr'>expen—</span> 
     </span>
     <span class='ocr_line' id='line_1_48' title="bbox 330 2407 1119 2442; baseline 0.004 -7"><span class='ocrx_word' id='word_1_281' title='bbox 330 2408 408 2442; x_wconf 85' lang='lat' dir='ltr'>das,</span> <span class='ocrx_word' id='word_1_282' title='bbox 446 2407 606 2441; x_wconf 78' lang='lat' dir='ltr'>simulque</span> <span class='ocrx_word' id='word_1_283' title='bbox 633 2407 785 2436; x_wconf 82' lang='lat' dir='ltr'>conferas</span> <span class='ocrx_word' id='word_1_284' title='bbox 811 2409 983 2442; x_wconf 79' lang='lat' dir='ltr'>Odysseae</span> <span class='ocrx_word' id='word_1_285' title='bbox 1009 2414 1038 2437; x_wconf 87' lang='lat' dir='ltr'>et</span> <span class='ocrx_word' id='word_1_286' title='bbox 1065 2410 1119 2438; x_wconf 86' lang='lat' dir='ltr'>Li-</span> 
     </span>
     <span class='ocr_line' id='line_1_49' title="bbox 329 2453 891 2487; baseline 0.002 -7"><span class='ocrx_word' id='word_1_287' title='bbox 329 2454 461 2481; x_wconf 82' lang='lat' dir='ltr'>beratae</span> <span class='ocrx_word' id='word_1_288' title='bbox 485 2453 734 2487; x_wconf 78' lang='lat' dir='ltr'>Hierosolymae</span> <span class='ocrx_word' id='word_1_289' title='bbox 760 2454 891 2482; x_wconf 88' lang='lat' dir='ltr'>initium.</span> 
     </span>
    </p>

    <p class='ocr_par' dir='ltr' id='par_1_6' title="bbox 331 2495 1120 3037">
     <span class='ocr_line' id='line_1_50' title="bbox 378 2495 1118 2537; baseline 0.004 -12"><span class='ocrx_word' id='word_1_290' title='bbox 378 2497 407 2525; x_wconf 90' lang='lat'>1.</span> <span class='ocrx_word' id='word_1_291' title='bbox 432 2497 540 2526; x_wconf 77' lang='lat' dir='ltr'>Arma</span> <span class='ocrx_word' id='word_1_292' title='bbox 563 2495 743 2537; x_wconf 82' lang='lat' dir='ltr'>virumque</span> <span class='ocrx_word' id='word_1_293' title='bbox 768 2507 854 2527; x_wconf 86' lang='lat' dir='ltr'>cano</span> <span class='ocrx_word' id='word_1_294' title='bbox 878 2499 918 2527; x_wconf 88' lang='lat' dir='ltr'>cf.</span> <span class='ocrx_word' id='word_1_295' title='bbox 954 2499 1010 2536; x_wconf 90' lang='lat' dir='ltr'>lt,</span> <span class='ocrx_word' id='word_1_296' title='bbox 1043 2498 1118 2528; x_wconf 78' lang='lat'>747.</span> 
     </span>
     <span class='ocr_line' id='line_1_51' title="bbox 338 2539 1120 2583; baseline 0.004 -12"><span class='ocrx_word' id='word_1_297' title='bbox 338 2539 441 2571; x_wconf 68' lang='lat' dir='ltr'>Volat</span> <span class='ocrx_word' id='word_1_298' title='bbox 469 2540 594 2582; x_wconf 78' lang='lat' dir='ltr'>igneus</span> <span class='ocrx_word' id='word_1_299' title='bbox 624 2551 772 2583; x_wconf 79' lang='lat' dir='ltr'>aequore</span> <span class='ocrx_word' id='word_1_300' title='bbox 805 2541 980 2581; x_wconf 78' lang='lat' dir='ltr'>Tarchon,</span> <span class='ocrx_word' id='word_1_301' title='bbox 1011 2543 1120 2574; x_wconf 83' lang='lat' dir='ltr'>Arma</span> 
     </span>
     <span class='ocr_line' id='line_1_52' title="bbox 331 2584 1116 2627; baseline 0.004 -12"><span class='ocrx_word' id='word_1_302' title='bbox 331 2584 511 2627; x_wconf 81' lang='lat' dir='ltr'>virumque</span> <span class='ocrx_word' id='word_1_303' title='bbox 537 2587 664 2625; x_wconf 78' lang='lat' dir='ltr'>ferens.</span> <span class='ocrx_word' id='word_1_304' title='bbox 713 2591 799 2617; x_wconf 83' lang='lat' dir='ltr'>Male</span> <span class='ocrx_word' id='word_1_305' title='bbox 835 2590 1017 2624; x_wconf 79' lang='lat' dir='ltr'>explicant:</span> <span class='ocrx_word' id='word_1_306' title='bbox 1056 2598 1116 2618; x_wconf 85' lang='lat' dir='ltr'>ar-</span> 
     </span>
     <span class='ocr_line' id='line_1_53' title="bbox 331 2630 1117 2669; baseline 0.005 -9"><span class='ocrx_word' id='word_1_307' title='bbox 331 2634 463 2661; x_wconf 75' lang='lat' dir='ltr'>matum</span> <span class='ocrx_word' id='word_1_308' title='bbox 481 2630 613 2669; x_wconf 79' lang='lat' dir='ltr'>virum3</span> <span class='ocrx_word' id='word_1_309' title='bbox 637 2635 695 2662; x_wconf 87' lang='lat' dir='ltr'>sed</span> <span class='ocrx_word' id='word_1_310' title='bbox 712 2635 926 2669; x_wconf 83' lang='lat' dir='ltr'>disiungenda</span> <span class='ocrx_word' id='word_1_311' title='bbox 945 2640 1019 2664; x_wconf 86' lang='lat' dir='ltr'>sunt.</span> <span class='ocrx_word' id='word_1_312' title='bbox 1035 2638 1117 2664; x_wconf 85' lang='lat' dir='ltr'>haec</span> 
     </span>
     <span class='ocr_line' id='line_1_54' title="bbox 331 2678 1117 2716; baseline 0.005 -11"><span class='ocrx_word' id='word_1_313' title='bbox 331 2678 395 2706; x_wconf 87' lang='lat' dir='ltr'>duo</span> <span class='ocrx_word' id='word_1_314' title='bbox 426 2680 609 2716; x_wconf 79' lang='lat' dir='ltr'>vocabula,</span> <span class='ocrx_word' id='word_1_315' title='bbox 642 2684 674 2708; x_wconf 88' lang='lat' dir='ltr'>ut</span> <span class='ocrx_word' id='word_1_316' title='bbox 706 2680 860 2708; x_wconf 82' lang='lat' dir='ltr'>disiunxit</span> <span class='ocrx_word' id='word_1_317' title='bbox 882 2683 989 2709; x_wconf 81' lang='lat' dir='ltr'>&#39;rasso</span> <span class='ocrx_word' id='word_1_318' title='bbox 1022 2689 1117 2715; x_wconf 74' lang='lat' dir='ltr'>(tuum</span> 
     </span>
     <span class='ocr_line' id='line_1_55' title="bbox 332 2721 1118 2764; baseline 0.004 -13"><span class='ocrx_word' id='word_1_319' title='bbox 332 2723 468 2751; x_wconf 83' lang='lat' dir='ltr'>diceret:</span> <span class='ocrx_word' id='word_1_320' title='bbox 523 2722 632 2753; x_wconf 82' lang='lat' dir='ltr'>Canto</span> <span class='ocrx_word' id='word_1_321' title='bbox 653 2721 767 2753; x_wconf 82' lang='lat' dir='ltr'>l&#39;armi</span> <span class='ocrx_word' id='word_1_322' title='bbox 788 2723 918 2764; x_wconf 71' lang='lat' dir='ltr'>pictose</span> <span class='ocrx_word' id='word_1_323' title='bbox 938 2734 954 2754; x_wconf 89' lang='lat' dir='ltr'>c</span> <span class='ocrx_word' id='word_1_324' title='bbox 976 2723 999 2753; x_wconf 70' lang='lat' dir='ltr'>’l</span> <span class='ocrx_word' id='word_1_325' title='bbox 1022 2725 1118 2764; x_wconf 80' lang='lat' dir='ltr'>cupi-</span> 
     </span>
     <span class='ocr_line' id='line_1_56' title="bbox 332 2768 1118 2806; baseline 0.004 -10"><span class='ocrx_word' id='word_1_326' title='bbox 332 2771 434 2802; x_wconf 75' lang='grc' dir='ltr'><em>ιιιηος</em></span> <span class='ocrx_word' id='word_1_327' title='bbox 462 2768 490 2796; x_wconf 86' lang='lat' dir='ltr'>si</span> <span class='ocrx_word' id='word_1_328' title='bbox 523 2777 601 2797; x_wconf 73' lang='lat' dir='ltr'>voro</span> <span class='ocrx_word' id='word_1_329' title='bbox 629 2778 727 2798; x_wconf 80' lang='lat' dir='ltr'>arma</span> <span class='ocrx_word' id='word_1_330' title='bbox 754 2776 989 2805; x_wconf 85' lang='lat' dir='ltr'>memorantur,</span> <span class='ocrx_word' id='word_1_331' title='bbox 1022 2779 1118 2806; x_wconf 85' lang='lat' dir='ltr'>prae-</span> 
     </span>
     <span class='ocr_line' id='line_1_57' title="bbox 332 2811 1119 2851; baseline 0.004 -10"><span class='ocrx_word' id='word_1_332' title='bbox 332 2814 441 2842; x_wconf 85' lang='lat' dir='ltr'>sertim</span> <span class='ocrx_word' id='word_1_333' title='bbox 478 2822 577 2841; x_wconf 78' lang='lat' dir='ltr'>arma</span> <span class='ocrx_word' id='word_1_334' title='bbox 609 2811 785 2843; x_wconf 75' lang='lat' dir='ltr'>horrentia</span> <span class='ocrx_word' id='word_1_335' title='bbox 822 2813 968 2851; x_wconf 73' lang='lat' dir='ltr'>Martis,</span> <span class='ocrx_word' id='word_1_336' title='bbox 999 2825 1119 2845; x_wconf 83' lang='lat' dir='ltr'>neces-</span> 
     </span>
     <span class='ocr_line' id='line_1_58' title="bbox 333 2856 1117 2893; baseline 0.003 -5"><span class='ocrx_word' id='word_1_337' title='bbox 333 2859 419 2888; x_wconf 89' lang='lat' dir='ltr'>saria</span> <span class='ocrx_word' id='word_1_338' title='bbox 447 2864 494 2888; x_wconf 84' lang='lat' dir='ltr'>est</span> <span class='ocrx_word' id='word_1_339' title='bbox 523 2856 602 2887; x_wconf 73' lang='lat' dir='ltr'>betti</span> <span class='ocrx_word' id='word_1_340' title='bbox 625 2861 787 2893; x_wconf 70' lang='lat' dir='ltr'>cogitatio.</span> <span class='ocrx_word' id='word_1_341' title='bbox 817 2876 860 2881; x_wconf 84' lang='lat'>—</span> <span class='ocrx_word' id='word_1_342' title='bbox 895 2859 1019 2891; x_wconf 78' lang='lat' dir='ltr'>&#39;l&#39;roiae</span> <span class='ocrx_word' id='word_1_343' title='bbox 1045 2870 1117 2890; x_wconf 88' lang='lat' dir='ltr'>cum</span> 
     </span>
     <span class='ocr_line' id='line_1_59' title="bbox 331 2905 1118 2941; baseline 0.004 -9"><span class='ocrx_word' id='word_1_344' title='bbox 331 2905 365 2933; x_wconf 76' lang='lat' dir='ltr'>vi</span> <span class='ocrx_word' id='word_1_345' title='bbox 388 2909 461 2932; x_wconf 89' lang='lat' dir='ltr'>ante</span> <span class='ocrx_word' id='word_1_346' title='bbox 486 2906 656 2933; x_wconf 75' lang='lat' dir='ltr'>relativum</span> <span class='ocrx_word' id='word_1_347' title='bbox 681 2910 710 2933; x_wconf 91' lang='lat' dir='ltr'>et</span> <span class='ocrx_word' id='word_1_348' title='bbox 732 2907 774 2934; x_wconf 86' lang='lat' dir='ltr'>ila</span> <span class='ocrx_word' id='word_1_349' title='bbox 795 2907 944 2941; x_wconf 83' lang='lat' dir='ltr'>positum,</span> <span class='ocrx_word' id='word_1_350' title='bbox 976 2912 1006 2934; x_wconf 92' lang='lat' dir='ltr'>ut</span> <span class='ocrx_word' id='word_1_351' title='bbox 1033 2908 1118 2941; x_wconf 88' lang='lat' dir='ltr'>prior</span> 
     </span>
     <span class='ocr_line' id='line_1_60' title="bbox 333 2950 1117 2984; baseline 0.003 -5"><span class='ocrx_word' id='word_1_352' title='bbox 333 2952 464 2984; x_wconf 80' lang='lat' dir='ltr'>syllaba</span> <span class='ocrx_word' id='word_1_353' title='bbox 497 2950 609 2983; x_wconf 80' lang='lat' dir='ltr'>vocis,</span> <span class='ocrx_word' id='word_1_354' title='bbox 652 2952 753 2979; x_wconf 84' lang='lat' dir='ltr'>altera</span> <span class='ocrx_word' id='word_1_355' title='bbox 790 2960 910 2981; x_wconf 81' lang='lat' dir='ltr'>versus</span> <span class='ocrx_word' id='word_1_356' title='bbox 941 2954 1117 2981; x_wconf 79' lang='lat' dir='ltr'>extollatur</span> 
     </span>
     <span class='ocr_line' id='line_1_61' title="bbox 333 2992 1116 3037; baseline 0.004 -13"><span class='ocrx_word' id='word_1_357' title='bbox 333 3001 478 3025; x_wconf 89' lang='lat' dir='ltr'>accentu.</span> <span class='ocrx_word' id='word_1_358' title='bbox 509 3011 554 3015; x_wconf 89' lang='lat'>-—</span> <span class='ocrx_word' id='word_1_359' title='bbox 590 2992 726 3025; x_wconf 77' lang='lat' dir='ltr'>Primus</span> <span class='ocrx_word' id='word_1_360' title='bbox 761 2998 891 3033; x_wconf 84' lang='lat' dir='ltr'>propria</span> <span class='ocrx_word' id='word_1_361' title='bbox 923 2998 954 3027; x_wconf 80' lang='lat' dir='ltr'>vi</span> <span class='ocrx_word' id='word_1_362' title='bbox 987 2998 1116 3037; x_wconf 83' lang='lat' dir='ltr'>dictum,</span> 
     </span>
    </p>
   </div>
   <div class='ocr_carea' id='block_1_6' title="bbox 1158 368 1958 3037">
    <p class='ocr_par' dir='ltr' id='par_1_7' title="bbox 1158 368 1953 724">
     <span class='ocr_line' id='line_1_62' title="bbox 1158 368 1951 405; baseline 0.001 -8"><span class='ocrx_word' id='word_1_363' title='bbox 1158 376 1231 397; x_wconf 84' lang='lat' dir='ltr'>nam</span> <span class='ocrx_word' id='word_1_364' title='bbox 1257 373 1309 405; x_wconf 90' lang='lat' dir='ltr'>„et</span> <span class='ocrx_word' id='word_1_365' title='bbox 1335 369 1424 397; x_wconf 89' lang='lat' dir='ltr'>multi</span> <span class='ocrx_word' id='word_1_366' title='bbox 1449 368 1502 397; x_wconf 88' lang='lat' dir='ltr'>alii</span> <span class='ocrx_word' id='word_1_367' title='bbox 1530 376 1567 395; x_wconf 89' lang='lat' dir='ltr'>eo</span> <span class='ocrx_word' id='word_1_368' title='bbox 1593 372 1738 403; x_wconf 87' lang='lat' dir='ltr'>tempore</span> <span class='ocrx_word' id='word_1_369' title='bbox 1763 371 1803 398; x_wconf 85' lang='lat' dir='ltr'>ad</span> <span class='ocrx_word' id='word_1_370' title='bbox 1825 370 1951 398; x_wconf 88' lang='lat' dir='ltr'>ltaliam</span> 
     </span>
     <span class='ocr_line' id='line_1_63' title="bbox 1159 414 1952 451; baseline 0.001 -9"><span class='ocrx_word' id='word_1_371' title='bbox 1159 420 1332 449; x_wconf 80' lang='lat' dir='ltr'>venerant,</span> <span class='ocrx_word' id='word_1_372' title='bbox 1367 419 1397 441; x_wconf 91' lang='lat' dir='ltr'>ut</span> <span class='ocrx_word' id='word_1_373' title='bbox 1423 416 1553 448; x_wconf 69' lang='lat' dir='ltr'>Capys,</span> <span class='ocrx_word' id='word_1_374' title='bbox 1587 414 1639 447; x_wconf 81' lang='lat' dir='ltr'>qui</span> <span class='ocrx_word' id='word_1_375' title='bbox 1666 416 1829 451; x_wconf 77' lang='lat' dir='ltr'>Capuam,</span> <span class='ocrx_word' id='word_1_376' title='bbox 1863 416 1952 443; x_wconf 81' lang='lat' dir='ltr'>Poli-</span> 
     </span>
     <span class='ocr_line' id='line_1_64' title="bbox 1160 458 1951 495; baseline 0.001 -8"><span class='ocrx_word' id='word_1_377' title='bbox 1160 464 1227 495; x_wconf 82' lang='lat' dir='ltr'>tes,</span> <span class='ocrx_word' id='word_1_378' title='bbox 1257 461 1310 493; x_wconf 88' lang='lat' dir='ltr'>qui</span> <span class='ocrx_word' id='word_1_379' title='bbox 1337 460 1523 488; x_wconf 84' lang='lat' dir='ltr'>Politorium</span> <span class='ocrx_word' id='word_1_380' title='bbox 1546 458 1793 495; x_wconf 86' lang='lat' dir='ltr'>condiderunt“,</span> <span class='ocrx_word' id='word_1_381' title='bbox 1829 462 1861 488; x_wconf 90' lang='lat' dir='ltr'>S.</span> <span class='ocrx_word' id='word_1_382' title='bbox 1885 461 1951 488; x_wconf 82' lang='lat' dir='ltr'>Re-</span> 
     </span>
     <span class='ocr_line' id='line_1_65' title="bbox 1161 505 1953 539; baseline 0.001 -7"><span class='ocrx_word' id='word_1_383' title='bbox 1161 505 1211 539; x_wconf 75' lang='lat' dir='ltr'>gio</span> <span class='ocrx_word' id='word_1_384' title='bbox 1251 510 1358 533; x_wconf 80' lang='lat' dir='ltr'>autent</span> <span class='ocrx_word' id='word_1_385' title='bbox 1398 505 1575 539; x_wconf 65' lang='lat' dir='ltr'>Patavina,</span> <span class='ocrx_word' id='word_1_386' title='bbox 1627 505 1657 532; x_wconf 95' lang='lat' dir='ltr'>in</span> <span class='ocrx_word' id='word_1_387' title='bbox 1699 511 1764 538; x_wconf 82' lang='lat' dir='ltr'>qua</span> <span class='ocrx_word' id='word_1_388' title='bbox 1803 505 1953 533; x_wconf 77' lang='lat' dir='ltr'>consedit</span> 
     </span>
     <span class='ocr_line' id='line_1_66' title="bbox 1159 549 1952 586; baseline 0.001 -9"><span class='ocrx_word' id='word_1_389' title='bbox 1159 550 1318 585; x_wconf 82' lang='lat' dir='ltr'>Antenor,</span> <span class='ocrx_word' id='word_1_390' title='bbox 1350 549 1390 577; x_wconf 85' lang='lat' dir='ltr'>cf.</span> <span class='ocrx_word' id='word_1_391' title='bbox 1415 558 1446 578; x_wconf 76' lang='lat' dir='ltr'>v.</span> <span class='ocrx_word' id='word_1_392' title='bbox 1470 549 1545 586; x_wconf 68' lang='lat'>⁶247,</span> <span class='ocrx_word' id='word_1_393' title='bbox 1572 558 1636 577; x_wconf 92' lang='lat' dir='ltr'>non</span> <span class='ocrx_word' id='word_1_394' title='bbox 1662 551 1702 578; x_wconf 88' lang='lat' dir='ltr'>ad</span> <span class='ocrx_word' id='word_1_395' title='bbox 1727 550 1851 578; x_wconf 85' lang='lat' dir='ltr'>ltaliam</span> <span class='ocrx_word' id='word_1_396' title='bbox 1877 558 1952 585; x_wconf 86' lang='lat' dir='ltr'>per-</span> 
     </span>
     <span class='ocr_line' id='line_1_67' title="bbox 1162 595 1952 632; baseline 0.003 -10"><span class='ocrx_word' id='word_1_397' title='bbox 1162 596 1278 624; x_wconf 86' lang='lat' dir='ltr'>tinebat</span> <span class='ocrx_word' id='word_1_398' title='bbox 1303 596 1479 632; x_wconf 82' lang='lat' dir='ltr'>antiquam,</span> <span class='ocrx_word' id='word_1_399' title='bbox 1503 602 1585 628; x_wconf 80' lang='lat' dir='ltr'>quae</span> <span class='ocrx_word' id='word_1_400' title='bbox 1609 597 1775 624; x_wconf 79' lang='lat' dir='ltr'>Rubicone</span> <span class='ocrx_word' id='word_1_401' title='bbox 1799 595 1952 624; x_wconf 86' lang='lat' dir='ltr'>termina-</span> 
     </span>
     <span class='ocr_line' id='line_1_68' title="bbox 1162 637 1952 681; baseline 0.001 -13"><span class='ocrx_word' id='word_1_402' title='bbox 1162 642 1263 668; x_wconf 88' lang='lat' dir='ltr'>batur.</span> <span class='ocrx_word' id='word_1_403' title='bbox 1323 637 1458 668; x_wconf 85' lang='lat' dir='ltr'>Primus</span> <span class='ocrx_word' id='word_1_404' title='bbox 1487 641 1627 675; x_wconf 79' lang='lat' dir='ltr'>explieat</span> <span class='ocrx_word' id='word_1_405' title='bbox 1661 638 1745 681; x_wconf 57' lang='lat' dir='ltr'>tt‘g.</span> <span class='ocrx_word' id='word_1_406' title='bbox 1777 648 1834 676; x_wconf 86' lang='lat' dir='ltr'>per</span> <span class='ocrx_word' id='word_1_407' title='bbox 1859 637 1952 676; x_wconf 82' lang='lat' dir='ltr'>olim,</span> 
     </span>
     <span class='ocr_line' id='line_1_69' title="bbox 1167 683 1559 724; baseline 0.003 -11"><span class='ocrx_word' id='word_1_408' title='bbox 1167 683 1249 713; x_wconf 44' lang='lat' dir='ltr'>lxi-k.</span> <span class='ocrx_word' id='word_1_409' title='bbox 1278 693 1334 720; x_wconf 82' lang='lat' dir='ltr'>per</span> <span class='ocrx_word' id='word_1_410' title='bbox 1359 683 1559 724; x_wconf 74' lang='lat' dir='ltr'>principem.</span> 
     </span>
    </p>

    <p class='ocr_par' dir='ltr' id='par_1_8' title="bbox 1163 728 1956 1491">
     <span class='ocr_line' id='line_1_70' title="bbox 1207 728 1952 768; baseline 0 -10"><span class='ocrx_word' id='word_1_411' title='bbox 1207 728 1239 758; x_wconf 83' lang='lat'>2.</span> <span class='ocrx_word' id='word_1_412' title='bbox 1272 728 1408 758; x_wconf 76' lang='lat' dir='ltr'>[lulium</span> <span class='ocrx_word' id='word_1_413' title='bbox 1428 730 1468 758; x_wconf 89' lang='lat' dir='ltr'>cf.</span> <span class='ocrx_word' id='word_1_414' title='bbox 1494 729 1525 764; x_wconf 76' lang='lat'>4,</span> <span class='ocrx_word' id='word_1_415' title='bbox 1549 730 1619 758; x_wconf 85' lang='grc'>106.</span> <span class='ocrx_word' id='word_1_416' title='bbox 1643 747 1684 750; x_wconf 91' lang='grc'>-</span> <span class='ocrx_word' id='word_1_417' title='bbox 1705 730 1806 768; x_wconf 77' lang='lat' dir='ltr'>sato.-</span> <span class='ocrx_word' id='word_1_418' title='bbox 1840 732 1952 766; x_wconf 86' lang='lat' dir='ltr'>„Bene</span> 
     </span>
     <span class='ocr_line' id='line_1_71' title="bbox 1164 774 1953 812; baseline 0.001 -9"><span class='ocrx_word' id='word_1_419' title='bbox 1164 776 1282 803; x_wconf 84' lang='lat' dir='ltr'>addidit</span> <span class='ocrx_word' id='word_1_420' title='bbox 1306 774 1404 812; x_wconf 80' lang='lat' dir='ltr'>fato,</span> <span class='ocrx_word' id='word_1_421' title='bbox 1429 784 1469 803; x_wconf 90' lang='lat' dir='ltr'>ne</span> <span class='ocrx_word' id='word_1_422' title='bbox 1494 777 1641 803; x_wconf 73' lang='lat' dir='ltr'>videatur</span> <span class='ocrx_word' id='word_1_423' title='bbox 1666 781 1720 804; x_wconf 89' lang='lat' dir='ltr'>aut</span> <span class='ocrx_word' id='word_1_424' title='bbox 1743 783 1867 806; x_wconf 85' lang='lat' dir='ltr'>caussa</span> <span class='ocrx_word' id='word_1_425' title='bbox 1889 776 1953 804; x_wconf 89' lang='lat' dir='ltr'>cri-</span> 
     </span>
     <span class='ocr_line' id='line_1_72' title="bbox 1163 821 1954 855; baseline 0.003 -7"><span class='ocrx_word' id='word_1_426' title='bbox 1163 821 1259 849; x_wconf 85' lang='lat' dir='ltr'>minis</span> <span class='ocrx_word' id='word_1_427' title='bbox 1300 821 1434 855; x_wconf 87' lang='lat' dir='ltr'>patriam</span> <span class='ocrx_word' id='word_1_428' title='bbox 1472 821 1660 849; x_wconf 86' lang='lat' dir='ltr'>deseruisse</span> <span class='ocrx_word' id='word_1_429' title='bbox 1694 826 1748 850; x_wconf 80' lang='lat' dir='ltr'>aut</span> <span class='ocrx_word' id='word_1_430' title='bbox 1783 822 1860 850; x_wconf 77' lang='lat' dir='ltr'>novi</span> <span class='ocrx_word' id='word_1_431' title='bbox 1894 822 1954 850; x_wconf 88' lang='lat' dir='ltr'>im-</span> 
     </span>
     <span class='ocr_line' id='line_1_73' title="bbox 1164 863 1954 900; baseline 0.003 -7"><span class='ocrx_word' id='word_1_432' title='bbox 1164 866 1244 900; x_wconf 87' lang='lat' dir='ltr'>perii</span> <span class='ocrx_word' id='word_1_433' title='bbox 1271 863 1469 900; x_wconf 87' lang='lat' dir='ltr'>cupiditate“</span> <span class='ocrx_word' id='word_1_434' title='bbox 1503 870 1535 894; x_wconf 85' lang='lat' dir='ltr'>s.</span> <span class='ocrx_word' id='word_1_435' title='bbox 1565 866 1647 894; x_wconf 85' lang='lat' dir='ltr'>Hinc</span> <span class='ocrx_word' id='word_1_436' title='bbox 1672 867 1735 894; x_wconf 85' lang='lat' dir='ltr'>iam</span> <span class='ocrx_word' id='word_1_437' title='bbox 1762 868 1818 895; x_wconf 91' lang='lat' dir='ltr'>toti</span> <span class='ocrx_word' id='word_1_438' title='bbox 1840 874 1954 895; x_wconf 87' lang='lat' dir='ltr'>narra-</span> 
     </span>
     <span class='ocr_line' id='line_1_74' title="bbox 1165 911 1955 946; baseline 0.001 -7"><span class='ocrx_word' id='word_1_439' title='bbox 1165 912 1241 940; x_wconf 90' lang='lat' dir='ltr'>tioni</span> <span class='ocrx_word' id='word_1_440' title='bbox 1275 912 1420 939; x_wconf 83' lang='lat' dir='ltr'>tribuitur</span> <span class='ocrx_word' id='word_1_441' title='bbox 1448 911 1605 946; x_wconf 82' lang='lat' dir='ltr'>dignitas,</span> <span class='ocrx_word' id='word_1_442' title='bbox 1639 913 1722 945; x_wconf 80' lang='lat' dir='ltr'>quod</span> <span class='ocrx_word' id='word_1_443' title='bbox 1753 911 1818 940; x_wconf 87' lang='lat' dir='ltr'>sato</span> <span class='ocrx_word' id='word_1_444' title='bbox 1847 913 1955 940; x_wconf 87' lang='lat' dir='ltr'>omnia</span> 
     </span>
     <span class='ocr_line' id='line_1_75' title="bbox 1164 955 1953 996; baseline 0.001 -11"><span class='ocrx_word' id='word_1_445' title='bbox 1164 962 1337 991; x_wconf 83' lang='lat' dir='ltr'>reguntur;</span> <span class='ocrx_word' id='word_1_446' title='bbox 1374 961 1487 984; x_wconf 86' lang='lat' dir='ltr'>contra</span> <span class='ocrx_word' id='word_1_447' title='bbox 1516 955 1693 996; x_wconf 77' lang='lat' dir='ltr'>profugus</span> <span class='ocrx_word' id='word_1_448' title='bbox 1722 961 1830 985; x_wconf 79' lang='lat' dir='ltr'>movet</span> <span class='ocrx_word' id='word_1_449' title='bbox 1852 958 1953 986; x_wconf 82' lang='lat' dir='ltr'>mise-</span> 
     </span>
     <span class='ocr_line' id='line_1_76' title="bbox 1165 1001 1955 1037; baseline 0.001 -7"><span class='ocrx_word' id='word_1_450' title='bbox 1165 1003 1332 1037; x_wconf 85' lang='lat' dir='ltr'>rationem,</span> <span class='ocrx_word' id='word_1_451' title='bbox 1361 1009 1456 1036; x_wconf 84' lang='lat' dir='ltr'>quullt</span> <span class='ocrx_word' id='word_1_452' title='bbox 1481 1001 1637 1036; x_wconf 81' lang='lat' dir='ltr'>significet</span> <span class='ocrx_word' id='word_1_453' title='bbox 1662 1006 1825 1030; x_wconf 85' lang='lat' dir='ltr'>extorrem</span> <span class='ocrx_word' id='word_1_454' title='bbox 1851 1003 1955 1037; x_wconf 85' lang='lat' dir='ltr'>patria</span> 
     </span>
     <span class='ocr_line' id='line_1_77' title="bbox 1166 1047 1952 1082; baseline 0 -6"><span class='ocrx_word' id='word_1_455' title='bbox 1166 1053 1197 1076; x_wconf 85' lang='lat' dir='ltr'>et</span> <span class='ocrx_word' id='word_1_456' title='bbox 1217 1048 1292 1081; x_wconf 83' lang='lat' dir='ltr'>quid</span> <span class='ocrx_word' id='word_1_457' title='bbox 1315 1051 1398 1082; x_wconf 88' lang='lat' dir='ltr'>petat</span> <span class='ocrx_word' id='word_1_458' title='bbox 1418 1048 1629 1076; x_wconf 85' lang='lat' dir='ltr'>nescientem.</span> <span class='ocrx_word' id='word_1_459' title='bbox 1670 1049 1719 1076; x_wconf 86' lang='lat' dir='ltr'>lta</span> <span class='ocrx_word' id='word_1_460' title='bbox 1737 1049 1816 1076; x_wconf 87' lang='lat' dir='ltr'>Sall.</span> <span class='ocrx_word' id='word_1_461' title='bbox 1832 1049 1901 1077; x_wconf 86' lang='lat' dir='ltr'>Cat.</span> <span class='ocrx_word' id='word_1_462' title='bbox 1920 1047 1952 1076; x_wconf 89' lang='lat'>6.</span> 
     </span>
     <span class='ocr_line' id='line_1_78' title="bbox 1171 1089 1954 1132; baseline 0.001 -11"><span class='ocrx_word' id='word_1_463' title='bbox 1171 1090 1314 1122; x_wconf 77' lang='lat' dir='ltr'>Troiani</span> <span class='ocrx_word' id='word_1_464' title='bbox 1333 1091 1447 1121; x_wconf 81' lang='lat' dir='ltr'>Aenea</span> <span class='ocrx_word' id='word_1_465' title='bbox 1468 1089 1554 1121; x_wconf 83' lang='lat' dir='ltr'>duce</span> <span class='ocrx_word' id='word_1_466' title='bbox 1571 1090 1721 1132; x_wconf 75' lang='lat' dir='ltr'>profugi</span> <span class='ocrx_word' id='word_1_467' title='bbox 1741 1090 1878 1122; x_wconf 76' lang='lat' dir='ltr'>sedibus</span> <span class='ocrx_word' id='word_1_468' title='bbox 1897 1090 1954 1122; x_wconf 80' lang='lat' dir='ltr'>in-</span> 
     </span>
     <span class='ocr_line' id='line_1_79' title="bbox 1166 1135 1956 1178; baseline 0 -12"><span class='ocrx_word' id='word_1_469' title='bbox 1166 1136 1267 1167; x_wconf 77' lang='lat' dir='ltr'>certis</span> <span class='ocrx_word' id='word_1_470' title='bbox 1292 1135 1526 1178; x_wconf 81' lang='lat' dir='ltr'>vagabantur.</span> <span class='ocrx_word' id='word_1_471' title='bbox 1552 1152 1597 1156; x_wconf 88' lang='lat'>—</span> <span class='ocrx_word' id='word_1_472' title='bbox 1623 1135 1850 1177; x_wconf 81' lang='lat' dir='ltr'>Laviniaque.</span> <span class='ocrx_word' id='word_1_473' title='bbox 1891 1140 1956 1166; x_wconf 81' lang='lat' dir='ltr'>La-</span> 
     </span>
     <span class='ocr_line' id='line_1_80' title="bbox 1167 1183 1954 1218; baseline 0.001 -7"><span class='ocrx_word' id='word_1_474' title='bbox 1167 1184 1289 1212; x_wconf 80' lang='lat' dir='ltr'>vinium</span> <span class='ocrx_word' id='word_1_475' title='bbox 1315 1185 1354 1212; x_wconf 90' lang='lat' dir='ltr'>ab</span> <span class='ocrx_word' id='word_1_476' title='bbox 1378 1184 1493 1211; x_wconf 79' lang='lat' dir='ltr'>Aenea</span> <span class='ocrx_word' id='word_1_477' title='bbox 1515 1183 1675 1211; x_wconf 87' lang='lat' dir='ltr'>conditum</span> <span class='ocrx_word' id='word_1_478' title='bbox 1699 1184 1795 1218; x_wconf 75' lang='lat' dir='ltr'>„Vlll</span> <span class='ocrx_word' id='word_1_479' title='bbox 1814 1183 1954 1212; x_wconf 88' lang='lat' dir='ltr'>millibus</span> 
     </span>
     <span class='ocr_line' id='line_1_81' title="bbox 1167 1227 1955 1265; baseline -0.001 -7"><span class='ocrx_word' id='word_1_480' title='bbox 1167 1236 1186 1258; x_wconf 87' lang='lat' dir='ltr'>a</span> <span class='ocrx_word' id='word_1_481' title='bbox 1213 1230 1292 1257; x_wconf 89' lang='lat' dir='ltr'>mari</span> <span class='ocrx_word' id='word_1_482' title='bbox 1316 1227 1495 1256; x_wconf 80' lang='lat' dir='ltr'>remotum‘⁶</span> <span class='ocrx_word' id='word_1_483' title='bbox 1522 1228 1597 1263; x_wconf 82' lang='lat' dir='ltr'>(S.)</span> <span class='ocrx_word' id='word_1_484' title='bbox 1629 1235 1649 1257; x_wconf 87' lang='lat' dir='ltr'>a</span> <span class='ocrx_word' id='word_1_485' title='bbox 1672 1229 1825 1265; x_wconf 82' lang='lat' dir='ltr'>Lavinia,</span> <span class='ocrx_word' id='word_1_486' title='bbox 1851 1229 1955 1257; x_wconf 79' lang='lat' dir='ltr'>Latini</span> 
     </span>
     <span class='ocr_line' id='line_1_82' title="bbox 1167 1275 1955 1310; baseline 0.001 -8"><span class='ocrx_word' id='word_1_487' title='bbox 1167 1275 1240 1310; x_wconf 83' lang='lat' dir='ltr'>filia,</span> <span class='ocrx_word' id='word_1_488' title='bbox 1266 1275 1399 1302; x_wconf 85' lang='lat' dir='ltr'>Aeneae</span> <span class='ocrx_word' id='word_1_489' title='bbox 1425 1282 1527 1302; x_wconf 87' lang='lat' dir='ltr'>uxore</span> <span class='ocrx_word' id='word_1_490' title='bbox 1546 1282 1664 1302; x_wconf 87' lang='lat' dir='ltr'>nomen</span> <span class='ocrx_word' id='word_1_491' title='bbox 1689 1275 1826 1309; x_wconf 86' lang='lat' dir='ltr'>accepit.</span> <span class='ocrx_word' id='word_1_492' title='bbox 1864 1276 1955 1303; x_wconf 78' lang='lat' dir='ltr'>Haec</span> 
     </span>
     <span class='ocr_line' id='line_1_83' title="bbox 1165 1319 1955 1354; baseline 0 -6"><span class='ocrx_word' id='word_1_493' title='bbox 1165 1320 1262 1354; x_wconf 84' lang='lat' dir='ltr'>igitur</span> <span class='ocrx_word' id='word_1_494' title='bbox 1292 1321 1367 1348; x_wconf 84' lang='lat' dir='ltr'>urbs</span> <span class='ocrx_word' id='word_1_495' title='bbox 1401 1320 1531 1347; x_wconf 89' lang='lat' dir='ltr'>condita</span> <span class='ocrx_word' id='word_1_496' title='bbox 1561 1319 1655 1347; x_wconf 85' lang='lat' dir='ltr'>finem</span> <span class='ocrx_word' id='word_1_497' title='bbox 1685 1319 1768 1347; x_wconf 86' lang='lat' dir='ltr'>dedit</span> <span class='ocrx_word' id='word_1_498' title='bbox 1797 1321 1955 1348; x_wconf 79' lang='lat' dir='ltr'>laborum.</span> 
     </span>
     <span class='ocr_line' id='line_1_84' title="bbox 1167 1364 1955 1402; baseline 0.003 -10"><span class='ocrx_word' id='word_1_499' title='bbox 1167 1366 1215 1393; x_wconf 87' lang='lat' dir='ltr'>De</span> <span class='ocrx_word' id='word_1_500' title='bbox 1248 1365 1410 1399; x_wconf 85' lang='lat' dir='ltr'>scriptura</span> <span class='ocrx_word' id='word_1_501' title='bbox 1441 1364 1481 1392; x_wconf 89' lang='lat' dir='ltr'>cf.</span> <span class='ocrx_word' id='word_1_502' title='bbox 1511 1365 1592 1392; x_wconf 78' lang='lat' dir='ltr'>Exc.</span> <span class='ocrx_word' id='word_1_503' title='bbox 1641 1364 1873 1394; x_wconf 79' lang='lat' dir='ltr'>Animadverte</span> <span class='ocrx_word' id='word_1_504' title='bbox 1905 1373 1955 1402; x_wconf 87' lang='lat' dir='ltr'>ea,</span> 
     </span>
     <span class='ocr_line' id='line_1_85' title="bbox 1168 1409 1955 1446; baseline 0.003 -8"><span class='ocrx_word' id='word_1_505' title='bbox 1168 1417 1252 1444; x_wconf 85' lang='lat' dir='ltr'>quae</span> <span class='ocrx_word' id='word_1_506' title='bbox 1282 1410 1348 1438; x_wconf 85' lang='lat' dir='ltr'>fato</span> <span class='ocrx_word' id='word_1_507' title='bbox 1380 1410 1473 1442; x_wconf 77' lang='lat' dir='ltr'>fiant.</span> <span class='ocrx_word' id='word_1_508' title='bbox 1507 1409 1568 1437; x_wconf 86' lang='lat' dir='ltr'>dici</span> <span class='ocrx_word' id='word_1_509' title='bbox 1599 1411 1698 1438; x_wconf 79' lang='lat' dir='ltr'>verbo</span> <span class='ocrx_word' id='word_1_510' title='bbox 1731 1410 1836 1446; x_wconf 84' lang='lat' dir='ltr'>finito,</span> <span class='ocrx_word' id='word_1_511' title='bbox 1871 1417 1955 1445; x_wconf 77' lang='lat' dir='ltr'>quae</span> 
     </span>
     <span class='ocr_line' id='line_1_86' title="bbox 1169 1455 1856 1491; baseline 0 -7"><span class='ocrx_word' id='word_1_512' title='bbox 1169 1455 1365 1485; x_wconf 87' lang='lat' dir='ltr'>secundaria</span> <span class='ocrx_word' id='word_1_513' title='bbox 1386 1456 1562 1491; x_wconf 81' lang='lat' dir='ltr'>accedant,</span> <span class='ocrx_word' id='word_1_514' title='bbox 1589 1455 1651 1483; x_wconf 90' lang='lat' dir='ltr'>dici</span> <span class='ocrx_word' id='word_1_515' title='bbox 1677 1456 1856 1490; x_wconf 88' lang='lat' dir='ltr'>participio.</span> 
     </span>
    </p>

    <p class='ocr_par' dir='ltr' id='par_1_9' title="bbox 1165 1498 1958 1938">
     <span class='ocr_line' id='line_1_87' title="bbox 1213 1498 1957 1536; baseline 0.001 -8"><span class='ocrx_word' id='word_1_516' title='bbox 1213 1500 1243 1529; x_wconf 90' lang='lat'>3.</span> <span class='ocrx_word' id='word_1_517' title='bbox 1273 1498 1336 1529; x_wconf 78' lang='lat' dir='ltr'>Ille</span> <span class='ocrx_word' id='word_1_518' title='bbox 1360 1508 1535 1535; x_wconf 82' lang='lat' dir='ltr'>pronomen</span> <span class='ocrx_word' id='word_1_519' title='bbox 1559 1506 1629 1535; x_wconf 86' lang='lat' dir='ltr'>post</span> <span class='ocrx_word' id='word_1_520' title='bbox 1655 1501 1835 1530; x_wconf 90' lang='lat' dir='ltr'>subiectum</span> <span class='ocrx_word' id='word_1_521' title='bbox 1861 1508 1957 1536; x_wconf 86' lang='lat' dir='ltr'>prae-</span> 
     </span>
     <span class='ocr_line' id='line_1_88' title="bbox 1169 1545 1957 1584; baseline 0 -9"><span class='ocrx_word' id='word_1_522' title='bbox 1169 1552 1216 1575; x_wconf 90' lang='lat' dir='ltr'>ter</span> <span class='ocrx_word' id='word_1_523' title='bbox 1260 1547 1492 1575; x_wconf 83' lang='lat' dir='ltr'>necessitatem</span> <span class='ocrx_word' id='word_1_524' title='bbox 1527 1546 1682 1581; x_wconf 88' lang='lat' dir='ltr'>repetitur</span> <span class='ocrx_word' id='word_1_525' title='bbox 1723 1547 1768 1575; x_wconf 89' lang='lat' dir='ltr'>ita</span> <span class='ocrx_word' id='word_1_526' title='bbox 1806 1546 1845 1584; x_wconf 87' lang='lat'>9,</span> <span class='ocrx_word' id='word_1_527' title='bbox 1890 1545 1957 1575; x_wconf 76' lang='lat'>477</span> 
     </span>
     <span class='ocr_line' id='line_1_89' title="bbox 1170 1588 1956 1630; baseline -0.001 -9"><span class='ocrx_word' id='word_1_528' title='bbox 1170 1589 1300 1621; x_wconf 71' lang='lat' dir='ltr'>Evolat</span> <span class='ocrx_word' id='word_1_529' title='bbox 1345 1589 1469 1630; x_wconf 72' lang='lat' dir='ltr'>infelix</span> <span class='ocrx_word' id='word_1_530' title='bbox 1512 1593 1543 1620; x_wconf 81' lang='lat' dir='ltr'>et</span> <span class='ocrx_word' id='word_1_531' title='bbox 1583 1613 1620 1620; x_wconf 89' lang='lat'>..</span> <span class='ocrx_word' id='word_1_532' title='bbox 1662 1588 1780 1621; x_wconf 81' lang='lat' dir='ltr'>Scissa</span> <span class='ocrx_word' id='word_1_533' title='bbox 1812 1599 1956 1627; x_wconf 84' lang='lat' dir='ltr'>comam,</span> 
     </span>
     <span class='ocr_line' id='line_1_90' title="bbox 1168 1634 1958 1676; baseline -0.001 -10"><span class='ocrx_word' id='word_1_534' title='bbox 1168 1646 1282 1666; x_wconf 87' lang='lat' dir='ltr'>muros</span> <span class='ocrx_word' id='word_1_535' title='bbox 1323 1645 1442 1665; x_wconf 81' lang='lat' dir='ltr'>amens</span> <span class='ocrx_word' id='word_1_536' title='bbox 1478 1634 1582 1676; x_wconf 55' lang='lat' dir='ltr'>potin</span> <span class='ocrx_word' id='word_1_537' title='bbox 1625 1645 1693 1665; x_wconf 82' lang='lat' dir='ltr'>non</span> <span class='ocrx_word' id='word_1_538' title='bbox 1731 1634 1795 1666; x_wconf 82' lang='lat' dir='ltr'>illa</span> <span class='ocrx_word' id='word_1_539' title='bbox 1833 1634 1958 1676; x_wconf 82' lang='lat' dir='ltr'>pericli</span> 
     </span>
     <span class='ocr_line' id='line_1_91' title="bbox 1173 1680 1953 1721; baseline 0 -10"><span class='ocrx_word' id='word_1_540' title='bbox 1173 1681 1400 1721; x_wconf 78' lang='lat' dir='ltr'>&#39;I&#39;elorumquc</span> <span class='ocrx_word' id='word_1_541' title='bbox 1419 1690 1555 1712; x_wconf 82' lang='lat' dir='ltr'>memor.</span> <span class='ocrx_word' id='word_1_542' title='bbox 1595 1682 1635 1711; x_wconf 85' lang='lat' dir='ltr'>cf.</span> <span class='ocrx_word' id='word_1_543' title='bbox 1660 1681 1693 1719; x_wconf 88' lang='lat'>3,</span> <span class='ocrx_word' id='word_1_544' title='bbox 1713 1681 1789 1711; x_wconf 75' lang='lat'>490.</span> <span class='ocrx_word' id='word_1_545' title='bbox 1826 1682 1859 1720; x_wconf 86' lang='lat'>5,</span> <span class='ocrx_word' id='word_1_546' title='bbox 1878 1680 1953 1711; x_wconf 82' lang='lat'>456.</span> 
     </span>
     <span class='ocr_line' id='line_1_92' title="bbox 1175 1726 1954 1766; baseline 0 -11"><span class='ocrx_word' id='word_1_547' title='bbox 1175 1728 1227 1765; x_wconf 86' lang='lat' dir='ltr'>to,</span> <span class='ocrx_word' id='word_1_548' title='bbox 1254 1726 1331 1756; x_wconf 79' lang='lat'>385.</span> <span class='ocrx_word' id='word_1_549' title='bbox 1377 1727 1432 1765; x_wconf 81' lang='lat'>12,</span> <span class='ocrx_word' id='word_1_550' title='bbox 1466 1727 1498 1757; x_wconf 78' lang='grc' dir='ltr'>ὃ.</span> <span class='ocrx_word' id='word_1_551' title='bbox 1537 1728 1585 1757; x_wconf 85' lang='lat' dir='ltr'>sic</span> <span class='ocrx_word' id='word_1_552' title='bbox 1619 1730 1657 1757; x_wconf 81' lang='lat' dir='ltr'>tu</span> <span class='ocrx_word' id='word_1_553' title='bbox 1681 1735 1734 1763; x_wconf 88' lang='lat' dir='ltr'>ap.</span> <span class='ocrx_word' id='word_1_554' title='bbox 1760 1730 1836 1756; x_wconf 78' lang='lat' dir='ltr'>Hor.</span> <span class='ocrx_word' id='word_1_555' title='bbox 1862 1729 1897 1757; x_wconf 90' lang='lat' dir='ltr'>C.</span> <span class='ocrx_word' id='word_1_556' title='bbox 1924 1727 1954 1766; x_wconf 84' lang='lat' dir='ltr'>l,</span> 
     </span>
     <span class='ocr_line' id='line_1_93' title="bbox 1165 1771 1955 1810; baseline -0.001 -7"><span class='ocrx_word' id='word_1_557' title='bbox 1165 1774 1202 1810; x_wconf 81' lang='lat'>9,</span> <span class='ocrx_word' id='word_1_558' title='bbox 1244 1774 1291 1801; x_wconf 88' lang='lat'>16.</span> <span class='ocrx_word' id='word_1_559' title='bbox 1332 1778 1392 1802; x_wconf 85' lang='lat' dir='ltr'>etc.</span> <span class='ocrx_word' id='word_1_560' title='bbox 1428 1789 1472 1793; x_wconf 89' lang='lat'><strong>—</strong></span> <span class='ocrx_word' id='word_1_561' title='bbox 1512 1771 1620 1802; x_wconf 76' lang='lat' dir='ltr'>altum</span> <span class='ocrx_word' id='word_1_562' title='bbox 1657 1774 1676 1801; x_wconf 92' lang='lat' dir='ltr'>i.</span> <span class='ocrx_word' id='word_1_563' title='bbox 1719 1782 1748 1802; x_wconf 89' lang='lat' dir='ltr'>e.</span> <span class='ocrx_word' id='word_1_564' title='bbox 1783 1781 1872 1802; x_wconf 82' lang='lat' dir='ltr'>utare</span> <span class='ocrx_word' id='word_1_565' title='bbox 1912 1773 1955 1802; x_wconf 79' lang='lat' dir='ltr'>cf.</span> 
     </span>
     <span class='ocr_line' id='line_1_94' title="bbox 1166 1818 1954 1854; baseline 0.001 -8"><span class='ocrx_word' id='word_1_566' title='bbox 1166 1818 1219 1847; x_wconf 68' lang='lat'>34.</span> <span class='ocrx_word' id='word_1_567' title='bbox 1257 1818 1330 1846; x_wconf 80' lang='lat'>126.</span> <span class='ocrx_word' id='word_1_568' title='bbox 1365 1825 1425 1847; x_wconf 85' lang='lat' dir='ltr'>etc.</span> <span class='ocrx_word' id='word_1_569' title='bbox 1473 1819 1693 1847; x_wconf 83' lang='lat' dir='ltr'>Prosteriores</span> <span class='ocrx_word' id='word_1_570' title='bbox 1720 1824 1836 1854; x_wconf 86' lang='lat' dir='ltr'>poetae</span> <span class='ocrx_word' id='word_1_571' title='bbox 1858 1819 1954 1847; x_wconf 83' lang='lat' dir='ltr'>etiam</span> 
     </span>
     <span class='ocr_line' id='line_1_95' title="bbox 1166 1864 1953 1900; baseline 0 -8"><span class='ocrx_word' id='word_1_572' title='bbox 1166 1865 1360 1893; x_wconf 82' lang='lat' dir='ltr'>adiectivum</span> <span class='ocrx_word' id='word_1_573' title='bbox 1399 1865 1518 1892; x_wconf 85' lang='lat' dir='ltr'>addere</span> <span class='ocrx_word' id='word_1_574' title='bbox 1564 1872 1629 1892; x_wconf 90' lang='lat' dir='ltr'>non</span> <span class='ocrx_word' id='word_1_575' title='bbox 1668 1864 1871 1900; x_wconf 86' lang='lat' dir='ltr'>dubitabant,</span> <span class='ocrx_word' id='word_1_576' title='bbox 1921 1869 1953 1893; x_wconf 79' lang='lat' dir='ltr'>ut</span> 
     </span>
     <span class='ocr_line' id='line_1_96' title="bbox 1165 1906 1926 1938; baseline 0.001 -1"><span class='ocrx_word' id='word_1_577' title='bbox 1165 1910 1282 1938; x_wconf 79' lang='lat' dir='ltr'>Avien.</span> <span class='ocrx_word' id='word_1_578' title='bbox 1307 1911 1413 1938; x_wconf 84' lang='lat' dir='ltr'>deser.</span> <span class='ocrx_word' id='word_1_579' title='bbox 1438 1915 1511 1937; x_wconf 90' lang='lat' dir='ltr'>terr.</span> <span class='ocrx_word' id='word_1_580' title='bbox 1533 1907 1587 1938; x_wconf 75' lang='lat'>84.</span> <span class='ocrx_word' id='word_1_581' title='bbox 1614 1906 1746 1938; x_wconf 84' lang='lat' dir='ltr'>borcali</span> <span class='ocrx_word' id='word_1_582' title='bbox 1775 1908 1817 1938; x_wconf 83' lang='lat' dir='ltr'>ab</span> <span class='ocrx_word' id='word_1_583' title='bbox 1841 1906 1926 1938; x_wconf 79' lang='lat' dir='ltr'>alto.</span> 
     </span>
    </p>

    <p class='ocr_par' dir='ltr' id='par_1_10' title="bbox 1163 1952 1954 3037">
     <span class='ocr_line' id='line_1_97' title="bbox 1211 1952 1954 1994; baseline 0 -11"><span class='ocrx_word' id='word_1_584' title='bbox 1211 1954 1243 1983; x_wconf 80' lang='lat'>4.</span> <span class='ocrx_word' id='word_1_585' title='bbox 1274 1952 1315 1983; x_wconf 74' lang='lat' dir='ltr'>l‘i</span> <span class='ocrx_word' id='word_1_586' title='bbox 1343 1962 1503 1994; x_wconf 85' lang='lat' dir='ltr'>superum</span> <span class='ocrx_word' id='word_1_587' title='bbox 1531 1962 1657 1983; x_wconf 77' lang='lat' dir='ltr'>saevae</span> <span class='ocrx_word' id='word_1_588' title='bbox 1685 1962 1865 1984; x_wconf 82' lang='lat' dir='ltr'>memorem</span> <span class='ocrx_word' id='word_1_589' title='bbox 1893 1952 1954 1984; x_wconf 85' lang='lat' dir='ltr'>lu-</span> 
     </span>
     <span class='ocr_line' id='line_1_98' title="bbox 1165 1997 1953 2036; baseline 0 -7"><span class='ocrx_word' id='word_1_590' title='bbox 1165 1998 1266 2029; x_wconf 83' lang='lat' dir='ltr'>nonis</span> <span class='ocrx_word' id='word_1_591' title='bbox 1298 1997 1340 2028; x_wconf 86' lang='lat' dir='ltr'>ab</span> <span class='ocrx_word' id='word_1_592' title='bbox 1373 1998 1473 2028; x_wconf 85' lang='lat' dir='ltr'>iram.</span> <span class='ocrx_word' id='word_1_593' title='bbox 1533 1999 1617 2036; x_wconf 84' lang='lat' dir='ltr'>„(l)</span> <span class='ocrx_word' id='word_1_594' title='bbox 1650 2000 1749 2029; x_wconf 83' lang='lat' dir='ltr'>Brevi</span> <span class='ocrx_word' id='word_1_595' title='bbox 1778 2000 1953 2029; x_wconf 84' lang='lat' dir='ltr'>intervallo</span> 
     </span>
     <span class='ocr_line' id='line_1_99' title="bbox 1165 2044 1952 2074; baseline 0.001 -1"><span class='ocrx_word' id='word_1_596' title='bbox 1165 2047 1214 2074; x_wconf 87' lang='lat' dir='ltr'>ira</span> <span class='ocrx_word' id='word_1_597' title='bbox 1239 2046 1369 2074; x_wconf 87' lang='lat' dir='ltr'>lunonis</span> <span class='ocrx_word' id='word_1_598' title='bbox 1401 2045 1515 2074; x_wconf 83' lang='lat' dir='ltr'>sexies</span> <span class='ocrx_word' id='word_1_599' title='bbox 1541 2051 1746 2074; x_wconf 85' lang='lat' dir='ltr'>memoratur.</span> <span class='ocrx_word' id='word_1_600' title='bbox 1774 2044 1805 2074; x_wconf 78' lang='lat'>4.</span> <span class='ocrx_word' id='word_1_601' title='bbox 1835 2045 1867 2074; x_wconf 83' lang='lat'>9.</span> <span class='ocrx_word' id='word_1_602' title='bbox 1900 2044 1952 2074; x_wconf 89' lang='lat' dir='ltr'>ll.</span> 
     </span>
     <span class='ocr_line' id='line_1_100' title="bbox 1165 2090 1951 2126; baseline 0 -6"><span class='ocrx_word' id='word_1_603' title='bbox 1165 2090 1219 2120; x_wconf 78' lang='lat'>⁶25.</span> <span class='ocrx_word' id='word_1_604' title='bbox 1247 2091 1302 2120; x_wconf 82' lang='lat'>29.</span> <span class='ocrx_word' id='word_1_605' title='bbox 1330 2090 1382 2119; x_wconf 82' lang='lat'>36.</span> <span class='ocrx_word' id='word_1_606' title='bbox 1432 2092 1553 2119; x_wconf 87' lang='lat' dir='ltr'>Plenae</span> <span class='ocrx_word' id='word_1_607' title='bbox 1582 2090 1703 2120; x_wconf 86' lang='lat' dir='ltr'>fastidii</span> <span class='ocrx_word' id='word_1_608' title='bbox 1731 2091 1951 2126; x_wconf 84' lang='lat' dir='ltr'>repetitiones.</span> 
     </span>
     <span class='ocr_line' id='line_1_101' title="bbox 1166 2136 1953 2172; baseline 0.003 -8"><span class='ocrx_word' id='word_1_609' title='bbox 1166 2152 1210 2156; x_wconf 91' lang='lat'><strong>—</strong></span> <span class='ocrx_word' id='word_1_610' title='bbox 1237 2136 1296 2172; x_wconf 77' lang='lat'>(2)</span> <span class='ocrx_word' id='word_1_611' title='bbox 1323 2138 1402 2165; x_wconf 88' lang='lat' dir='ltr'>Tum</span> <span class='ocrx_word' id='word_1_612' title='bbox 1427 2136 1554 2165; x_wconf 84' lang='lat' dir='ltr'>difficile</span> <span class='ocrx_word' id='word_1_613' title='bbox 1576 2137 1679 2170; x_wconf 79' lang='lat' dir='ltr'>dictu,</span> <span class='ocrx_word' id='word_1_614' title='bbox 1711 2144 1795 2170; x_wconf 82' lang='lat' dir='ltr'>uuae</span> <span class='ocrx_word' id='word_1_615' title='bbox 1826 2136 1867 2165; x_wconf 84' lang='lat' dir='ltr'>sit</span> <span class='ocrx_word' id='word_1_616' title='bbox 1896 2137 1953 2166; x_wconf 86' lang='lat' dir='ltr'>illa</span> 
     </span>
     <span class='ocr_line' id='line_1_102' title="bbox 1166 2179 1952 2221; baseline 0 -11"><span class='ocrx_word' id='word_1_617' title='bbox 1166 2179 1218 2211; x_wconf 73' lang='lat' dir='ltr'>vis·</span> <span class='ocrx_word' id='word_1_618' title='bbox 1253 2190 1480 2221; x_wconf 69' lang='lat' dir='ltr'>superum...</span> <span class='ocrx_word' id='word_1_619' title='bbox 1530 2181 1591 2218; x_wconf 80' lang='lat'>(3)</span> <span class='ocrx_word' id='word_1_620' title='bbox 1618 2182 1742 2210; x_wconf 88' lang='lat' dir='ltr'>Deinde</span> <span class='ocrx_word' id='word_1_621' title='bbox 1772 2184 1851 2210; x_wconf 84' lang='lat' dir='ltr'>luno</span> <span class='ocrx_word' id='word_1_622' title='bbox 1887 2190 1952 2211; x_wconf 90' lang='lat' dir='ltr'>non</span> 
     </span>
     <span class='ocr_line' id='line_1_103' title="bbox 1163 2227 1951 2266; baseline 0 -10"><span class='ocrx_word' id='word_1_623' title='bbox 1163 2228 1270 2256; x_wconf 87' lang='lat' dir='ltr'>minus</span> <span class='ocrx_word' id='word_1_624' title='bbox 1308 2228 1453 2256; x_wconf 84' lang='lat' dir='ltr'>Aeneam</span> <span class='ocrx_word' id='word_1_625' title='bbox 1489 2228 1521 2256; x_wconf 90' lang='lat' dir='ltr'>in</span> <span class='ocrx_word' id='word_1_626' title='bbox 1559 2227 1634 2262; x_wconf 80' lang='lat' dir='ltr'>ipsa</span> <span class='ocrx_word' id='word_1_627' title='bbox 1668 2228 1764 2256; x_wconf 84' lang='lat' dir='ltr'>ltalia</span> <span class='ocrx_word' id='word_1_628' title='bbox 1803 2227 1951 2266; x_wconf 82' lang='lat' dir='ltr'>vexavit,</span> 
     </span>
     <span class='ocr_line' id='line_1_104' title="bbox 1165 2273 1948 2307; baseline -0.003 -5"><span class='ocrx_word' id='word_1_629' title='bbox 1165 2281 1258 2307; x_wconf 80' lang='lat' dir='ltr'>quam</span> <span class='ocrx_word' id='word_1_630' title='bbox 1300 2274 1372 2301; x_wconf 91' lang='lat' dir='ltr'>dum</span> <span class='ocrx_word' id='word_1_631' title='bbox 1411 2273 1504 2302; x_wconf 89' lang='lat' dir='ltr'>terris</span> <span class='ocrx_word' id='word_1_632' title='bbox 1542 2277 1573 2301; x_wconf 82' lang='lat' dir='ltr'>et</span> <span class='ocrx_word' id='word_1_633' title='bbox 1609 2274 1673 2301; x_wconf 85' lang='lat' dir='ltr'>alto</span> <span class='ocrx_word' id='word_1_634' title='bbox 1709 2273 1948 2302; x_wconf 81' lang='lat' dir='ltr'>iactaretur....</span> 
     </span>
     <span class='ocr_line' id='line_1_105' title="bbox 1165 2318 1950 2354; baseline 0 -8"><span class='ocrx_word' id='word_1_635' title='bbox 1165 2318 1224 2354; x_wconf 76' lang='lat'>(4)</span> <span class='ocrx_word' id='word_1_636' title='bbox 1245 2319 1389 2352; x_wconf 85' lang='lat' dir='ltr'>Denique</span> <span class='ocrx_word' id='word_1_637' title='bbox 1414 2327 1532 2347; x_wconf 86' lang='lat' dir='ltr'>cursus</span> <span class='ocrx_word' id='word_1_638' title='bbox 1554 2318 1709 2347; x_wconf 88' lang='lat' dir='ltr'>orationis</span> <span class='ocrx_word' id='word_1_639' title='bbox 1726 2326 1827 2347; x_wconf 89' lang='lat' dir='ltr'>versu</span> <span class='ocrx_word' id='word_1_640' title='bbox 1846 2318 1950 2346; x_wconf 88' lang='lat' dir='ltr'>eiecto</span> 
     </span>
     <span class='ocr_line' id='line_1_106' title="bbox 1164 2360 1951 2399; baseline 0 -7"><span class='ocrx_word' id='word_1_641' title='bbox 1164 2366 1263 2392; x_wconf 89' lang='lat' dir='ltr'>multo</span> <span class='ocrx_word' id='word_1_642' title='bbox 1288 2364 1469 2398; x_wconf 83' lang='lat' dir='ltr'>expeditior</span> <span class='ocrx_word' id='word_1_643' title='bbox 1494 2362 1580 2392; x_wconf 83' lang='lat' dir='ltr'>est.“</span> <span class='ocrx_word' id='word_1_644' title='bbox 1626 2364 1715 2392; x_wconf 84' lang='lat' dir='ltr'>Haec</span> <span class='ocrx_word' id='word_1_645' title='bbox 1738 2360 1800 2399; x_wconf 65' lang='lat' dir='ltr'>Pl„</span> <span class='ocrx_word' id='word_1_646' title='bbox 1826 2367 1857 2391; x_wconf 88' lang='lat' dir='ltr'>et</span> <span class='ocrx_word' id='word_1_647' title='bbox 1881 2365 1951 2392; x_wconf 89' lang='lat' dir='ltr'>col-</span> 
     </span>
     <span class='ocr_line' id='line_1_107' title="bbox 1165 2408 1952 2444; baseline -0.001 -6"><span class='ocrx_word' id='word_1_648' title='bbox 1165 2410 1240 2444; x_wconf 86' lang='lat' dir='ltr'>legit</span> <span class='ocrx_word' id='word_1_649' title='bbox 1274 2409 1343 2437; x_wconf 80' lang='lat' dir='ltr'>fere</span> <span class='ocrx_word' id='word_1_650' title='bbox 1375 2418 1487 2438; x_wconf 87' lang='lat' dir='ltr'>omnes</span> <span class='ocrx_word' id='word_1_651' title='bbox 1516 2408 1734 2444; x_wconf 84' lang='lat' dir='ltr'>difficultates,</span> <span class='ocrx_word' id='word_1_652' title='bbox 1769 2416 1852 2444; x_wconf 81' lang='lat' dir='ltr'>quae</span> <span class='ocrx_word' id='word_1_653' title='bbox 1874 2409 1952 2437; x_wconf 83' lang='lat' dir='ltr'>huic</span> 
     </span>
     <span class='ocr_line' id='line_1_108' title="bbox 1165 2454 1950 2488; baseline -0.001 -5"><span class='ocrx_word' id='word_1_654' title='bbox 1165 2455 1276 2483; x_wconf 78' lang='lat' dir='ltr'>versui</span> <span class='ocrx_word' id='word_1_655' title='bbox 1305 2457 1434 2482; x_wconf 86' lang='lat' dir='ltr'>obstare</span> <span class='ocrx_word' id='word_1_656' title='bbox 1468 2455 1630 2487; x_wconf 76' lang='lat' dir='ltr'>videntur,</span> <span class='ocrx_word' id='word_1_657' title='bbox 1664 2454 1771 2488; x_wconf 82' lang='lat' dir='ltr'>iisque</span> <span class='ocrx_word' id='word_1_658' title='bbox 1797 2454 1950 2483; x_wconf 86' lang='lat' dir='ltr'>inductus</span> 
     </span>
     <span class='ocr_line' id='line_1_109' title="bbox 1166 2499 1951 2533; baseline 0 -5"><span class='ocrx_word' id='word_1_659' title='bbox 1166 2508 1297 2528; x_wconf 77' lang='lat' dir='ltr'>versum</span> <span class='ocrx_word' id='word_1_660' title='bbox 1315 2500 1418 2528; x_wconf 86' lang='lat' dir='ltr'>eiecit.</span> <span class='ocrx_word' id='word_1_661' title='bbox 1460 2500 1510 2528; x_wconf 87' lang='lat' dir='ltr'>Ac</span> <span class='ocrx_word' id='word_1_662' title='bbox 1533 2499 1655 2533; x_wconf 86' lang='lat' dir='ltr'>prima</span> <span class='ocrx_word' id='word_1_663' title='bbox 1679 2500 1806 2533; x_wconf 84' lang='lat' dir='ltr'>quidem</span> <span class='ocrx_word' id='word_1_664' title='bbox 1827 2506 1951 2528; x_wconf 83' lang='lat' dir='ltr'>caussa</span> 
     </span>
     <span class='ocr_line' id='line_1_110' title="bbox 1164 2544 1951 2581; baseline -0.001 -8"><span class='ocrx_word' id='word_1_665' title='bbox 1164 2546 1337 2574; x_wconf 81' lang='lat' dir='ltr'>levissima</span> <span class='ocrx_word' id='word_1_666' title='bbox 1360 2549 1420 2573; x_wconf 86' lang='lat' dir='ltr'>est.</span> <span class='ocrx_word' id='word_1_667' title='bbox 1465 2545 1627 2573; x_wconf 79' lang='lat' dir='ltr'>mittamus</span> <span class='ocrx_word' id='word_1_668' title='bbox 1656 2544 1833 2581; x_wconf 80' lang='lat' dir='ltr'>fastidium,</span> <span class='ocrx_word' id='word_1_669' title='bbox 1865 2545 1951 2578; x_wconf 80' lang='lat' dir='ltr'>quod</span> 
     </span>
     <span class='ocr_line' id='line_1_111' title="bbox 1164 2589 1950 2619; baseline -0.001 0"><span class='ocrx_word' id='word_1_670' title='bbox 1164 2599 1229 2619; x_wconf 91' lang='lat' dir='ltr'>non</span> <span class='ocrx_word' id='word_1_671' title='bbox 1263 2592 1344 2619; x_wconf 88' lang='lat' dir='ltr'>solet</span> <span class='ocrx_word' id='word_1_672' title='bbox 1376 2591 1459 2618; x_wconf 86' lang='lat' dir='ltr'>idem</span> <span class='ocrx_word' id='word_1_673' title='bbox 1494 2598 1571 2618; x_wconf 90' lang='lat' dir='ltr'>esse</span> <span class='ocrx_word' id='word_1_674' title='bbox 1602 2590 1633 2617; x_wconf 91' lang='lat' dir='ltr'>in</span> <span class='ocrx_word' id='word_1_675' title='bbox 1664 2590 1814 2618; x_wconf 84' lang='lat' dir='ltr'>omnibus</span> <span class='ocrx_word' id='word_1_676' title='bbox 1845 2589 1950 2618; x_wconf 86' lang='lat' dir='ltr'>homi-</span> 
     </span>
     <span class='ocr_line' id='line_1_112' title="bbox 1164 2635 1950 2671; baseline -0.001 -7"><span class='ocrx_word' id='word_1_677' title='bbox 1164 2637 1278 2671; x_wconf 83' lang='lat' dir='ltr'>nibus;</span> <span class='ocrx_word' id='word_1_678' title='bbox 1309 2639 1341 2664; x_wconf 83' lang='lat' dir='ltr'>at</span> <span class='ocrx_word' id='word_1_679' title='bbox 1365 2643 1461 2670; x_wconf 84' lang='lat' dir='ltr'>quum</span> <span class='ocrx_word' id='word_1_680' title='bbox 1483 2643 1514 2663; x_wconf 81' lang='lat' dir='ltr'>v.</span> <span class='ocrx_word' id='word_1_681' title='bbox 1542 2635 1563 2663; x_wconf 78' lang='lat'>8</span> <span class='ocrx_word' id='word_1_682' title='bbox 1586 2638 1681 2664; x_wconf 86' lang='lat' dir='ltr'>Musa</span> <span class='ocrx_word' id='word_1_683' title='bbox 1705 2635 1768 2664; x_wconf 88' lang='lat' dir='ltr'>odii</span> <span class='ocrx_word' id='word_1_684' title='bbox 1795 2642 1950 2663; x_wconf 86' lang='lat' dir='ltr'>caussam</span> 
     </span>
     <span class='ocr_line' id='line_1_113' title="bbox 1165 2681 1949 2716; baseline -0.001 -7"><span class='ocrx_word' id='word_1_685' title='bbox 1165 2682 1273 2710; x_wconf 88' lang='lat' dir='ltr'>dicere</span> <span class='ocrx_word' id='word_1_686' title='bbox 1299 2681 1472 2716; x_wconf 87' lang='lat' dir='ltr'>iuberetur,</span> <span class='ocrx_word' id='word_1_687' title='bbox 1497 2681 1603 2716; x_wconf 88' lang='lat' dir='ltr'>ipsum</span> <span class='ocrx_word' id='word_1_688' title='bbox 1633 2681 1738 2709; x_wconf 85' lang='lat' dir='ltr'>odium</span> <span class='ocrx_word' id='word_1_689' title='bbox 1764 2685 1859 2709; x_wconf 88' lang='lat' dir='ltr'>antea</span> <span class='ocrx_word' id='word_1_690' title='bbox 1881 2688 1949 2708; x_wconf 92' lang='lat' dir='ltr'>me-</span> 
     </span>
     <span class='ocr_line' id='line_1_114' title="bbox 1165 2725 1947 2763; baseline 0 -9"><span class='ocrx_word' id='word_1_691' title='bbox 1165 2728 1353 2755; x_wconf 90' lang='lat' dir='ltr'>morandum</span> <span class='ocrx_word' id='word_1_692' title='bbox 1386 2730 1463 2754; x_wconf 85' lang='lat' dir='ltr'>erat.</span> <span class='ocrx_word' id='word_1_693' title='bbox 1518 2728 1608 2754; x_wconf 86' lang='lat' dir='ltr'>Haec</span> <span class='ocrx_word' id='word_1_694' title='bbox 1641 2733 1705 2754; x_wconf 89' lang='lat' dir='ltr'>una</span> <span class='ocrx_word' id='word_1_695' title='bbox 1735 2734 1789 2754; x_wconf 84' lang='lat' dir='ltr'>res</span> <span class='ocrx_word' id='word_1_696' title='bbox 1820 2725 1947 2763; x_wconf 81' lang='lat' dir='ltr'>sufficit,</span> 
     </span>
     <span class='ocr_line' id='line_1_115' title="bbox 1166 2771 1949 2801; baseline -0.003 0"><span class='ocrx_word' id='word_1_697' title='bbox 1166 2777 1196 2801; x_wconf 91' lang='lat' dir='ltr'>ut</span> <span class='ocrx_word' id='word_1_698' title='bbox 1222 2780 1341 2800; x_wconf 75' lang='lat' dir='ltr'>versus</span> <span class='ocrx_word' id='word_1_699' title='bbox 1367 2773 1407 2799; x_wconf 89' lang='lat' dir='ltr'>ad</span> <span class='ocrx_word' id='word_1_700' title='bbox 1432 2772 1625 2800; x_wconf 79' lang='lat' dir='ltr'>sententiam</span> <span class='ocrx_word' id='word_1_701' title='bbox 1643 2771 1855 2800; x_wconf 76' lang='lat' dir='ltr'>necessarius</span> <span class='ocrx_word' id='word_1_702' title='bbox 1877 2779 1949 2799; x_wconf 85' lang='lat' dir='ltr'>ser-</span> 
     </span>
     <span class='ocr_line' id='line_1_116' title="bbox 1164 2817 1948 2852; baseline -0.001 -7"><span class='ocrx_word' id='word_1_703' title='bbox 1164 2821 1258 2846; x_wconf 84' lang='lat' dir='ltr'>vetur</span> <span class='ocrx_word' id='word_1_704' title='bbox 1284 2824 1324 2845; x_wconf 87' lang='lat' dir='ltr'>ac</span> <span class='ocrx_word' id='word_1_705' title='bbox 1355 2817 1560 2852; x_wconf 83' lang='lat' dir='ltr'>defendatur,</span> <span class='ocrx_word' id='word_1_706' title='bbox 1593 2823 1807 2851; x_wconf 80' lang='lat' dir='ltr'>quaecunque</span> <span class='ocrx_word' id='word_1_707' title='bbox 1835 2817 1948 2845; x_wconf 86' lang='lat' dir='ltr'>inesse</span> 
     </span>
     <span class='ocr_line' id='line_1_117' title="bbox 1164 2862 1947 2898; baseline 0 -8"><span class='ocrx_word' id='word_1_708' title='bbox 1164 2863 1333 2891; x_wconf 71' lang='lat' dir='ltr'>videantur</span> <span class='ocrx_word' id='word_1_709' title='bbox 1358 2867 1505 2897; x_wconf 87' lang='lat' dir='ltr'>peccata.</span> <span class='ocrx_word' id='word_1_710' title='bbox 1553 2864 1618 2891; x_wconf 87' lang='lat' dir='ltr'>Iam</span> <span class='ocrx_word' id='word_1_711' title='bbox 1645 2863 1837 2898; x_wconf 87' lang='lat' dir='ltr'>alterum,</span> <span class='ocrx_word' id='word_1_712' title='bbox 1862 2862 1947 2895; x_wconf 80' lang='lat' dir='ltr'>quod</span> 
     </span>
     <span class='ocr_line' id='line_1_118' title="bbox 1169 2905 1947 2944; baseline -0.001 -8"><span class='ocrx_word' id='word_1_713' title='bbox 1169 2905 1219 2936; x_wconf 81' lang='grc' dir='ltr'>ΡΙ.</span> <span class='ocrx_word' id='word_1_714' title='bbox 1244 2909 1344 2944; x_wconf 81' lang='lat' dir='ltr'>affert,</span> <span class='ocrx_word' id='word_1_715' title='bbox 1372 2916 1484 2937; x_wconf 77' lang='lat' dir='ltr'>verunt</span> <span class='ocrx_word' id='word_1_716' title='bbox 1504 2911 1564 2943; x_wconf 81' lang='lat' dir='ltr'>est,</span> <span class='ocrx_word' id='word_1_717' title='bbox 1589 2906 1715 2935; x_wconf 84' lang='lat' dir='ltr'>difficile</span> <span class='ocrx_word' id='word_1_718' title='bbox 1738 2914 1817 2936; x_wconf 88' lang='lat' dir='ltr'>esse</span> <span class='ocrx_word' id='word_1_719' title='bbox 1839 2907 1947 2942; x_wconf 78' lang='lat' dir='ltr'>expli-</span> 
     </span>
     <span class='ocr_line' id='line_1_119' title="bbox 1163 2951 1948 2992; baseline -0.003 -10"><span class='ocrx_word' id='word_1_720' title='bbox 1163 2961 1239 2982; x_wconf 86' lang='lat' dir='ltr'>care</span> <span class='ocrx_word' id='word_1_721' title='bbox 1263 2951 1298 2982; x_wconf 84' lang='lat' dir='ltr'>vi</span> <span class='ocrx_word' id='word_1_722' title='bbox 1326 2961 1496 2992; x_wconf 83' lang='lat' dir='ltr'>superum.</span> <span class='ocrx_word' id='word_1_723' title='bbox 1545 2953 1634 2987; x_wconf 82' lang='lat' dir='ltr'>Quod</span> <span class='ocrx_word' id='word_1_724' title='bbox 1660 2953 1870 2987; x_wconf 81' lang='lat' dir='ltr'>conspicuum</span> <span class='ocrx_word' id='word_1_725' title='bbox 1896 2956 1948 2980; x_wconf 87' lang='lat' dir='ltr'>est</span> 
     </span>
     <span class='ocr_line' id='line_1_120' title="bbox 1163 2998 1947 3037; baseline -0.001 -10"><span class='ocrx_word' id='word_1_726' title='bbox 1163 3006 1205 3028; x_wconf 83' lang='lat' dir='ltr'>ex</span> <span class='ocrx_word' id='word_1_727' title='bbox 1229 3007 1285 3037; x_wconf 88' lang='lat' dir='ltr'>eo,</span> <span class='ocrx_word' id='word_1_728' title='bbox 1316 3000 1401 3034; x_wconf 85' lang='lat' dir='ltr'>quod</span> <span class='ocrx_word' id='word_1_729' title='bbox 1426 2998 1672 3028; x_wconf 81' lang='lat' dir='ltr'>diversissimae</span> <span class='ocrx_word' id='word_1_730' title='bbox 1702 3000 1848 3034; x_wconf 85' lang='lat' dir='ltr'>prolatae</span> <span class='ocrx_word' id='word_1_731' title='bbox 1870 3000 1947 3028; x_wconf 85' lang='lat' dir='ltr'>sunt</span> 
     </span>
    </p>
   </div>
  </div>
 </body>
</html>
