<?xml version="1.0" encoding="UTF-8"?>
<!DOCTYPE html PUBLIC "-//W3C//DTD XHTML 1.0 Transitional//EN"
    "http://www.w3.org/TR/xhtml1/DTD/xhtml1-transitional.dtd">
<html xmlns="http://www.w3.org/1999/xhtml" xml:lang="en" lang="en">
 <head>
  <title>
</title>
<meta http-equiv="Content-Type" content="text/html;charset=utf-8" />
  <meta name='ocr-system' content='tesseract 3.04.00' />
  <meta name='ocr-capabilities' content='ocr_page ocr_carea ocr_par ocr_line ocrx_word'/>
</head>
<body>
  <div class='ocr_page' id='page_1' title='image "aeneisvi00virguoft_0186.png"; bbox 0 0 2023 3350; ppageno 0'>
   <div class='ocr_carea' id='block_1_1' title="bbox 193 77 1250 120">
    <p class='ocr_par' dir='ltr' id='par_1_1' title="bbox 193 77 1250 120">
     <span class='ocr_line' id='line_1_1' title="bbox 193 77 1250 120; baseline -0.004 -5"><span class='ocrx_word' id='word_1_1' title='bbox 193 81 271 120; x_wconf 82' lang='grc'>160</span> <span class='ocrx_word' id='word_1_2' title='bbox 763 78 798 110; x_wconf 88' lang='lat' dir='ltr'>P.</span> <span class='ocrx_word' id='word_1_3' title='bbox 823 77 1019 110; x_wconf 88' lang='lat' dir='ltr'>VIRGlLII</span> <span class='ocrx_word' id='word_1_4' title='bbox 1042 78 1250 112; x_wconf 74' lang='lat' dir='ltr'>MARONIS</span> 
     </span>
    </p>
   </div>
   <div class='ocr_carea' id='block_1_2' title="bbox 188 189 1817 358">
    <p class='ocr_par' dir='ltr' id='par_1_2' title="bbox 188 189 1817 358">
     <span class='ocr_line' id='line_1_2' title="bbox 188 189 1817 247; baseline -0.001 -12"><span class='ocrx_word' id='word_1_5' title='bbox 188 194 381 247; x_wconf 77' lang='lat' dir='ltr'>Pauper-e</span> <span class='ocrx_word' id='word_1_6' title='bbox 418 217 476 222; x_wconf 91' lang='lat'>—-</span> <span class='ocrx_word' id='word_1_7' title='bbox 510 190 823 243; x_wconf 76' lang='lat' dir='ltr'>mansissetque</span> <span class='ocrx_word' id='word_1_8' title='bbox 859 189 1022 232; x_wconf 88' lang='lat' dir='ltr'>utinam</span> <span class='ocrx_word' id='word_1_9' title='bbox 1054 190 1250 232; x_wconf 87' lang='lat' dir='ltr'>fortuna!</span> <span class='ocrx_word' id='word_1_10' title='bbox 1287 217 1342 222; x_wconf 92' lang='lat'>—</span> <span class='ocrx_word' id='word_1_11' title='bbox 1381 190 1613 246; x_wconf 88' lang='lat' dir='ltr'>profectus.</span> <span class='ocrx_word' id='word_1_12' title='bbox 1736 194 1817 234; x_wconf 84' lang='lat'>615</span> 
     </span>
     <span class='ocr_line' id='line_1_3' title="bbox 189 246 1380 302; baseline -0.001 -11"><span class='ocrx_word' id='word_1_13' title='bbox 189 251 270 292; x_wconf 91' lang='lat' dir='ltr'>Hic</span> <span class='ocrx_word' id='word_1_14' title='bbox 307 264 389 301; x_wconf 87' lang='lat' dir='ltr'>me,</span> <span class='ocrx_word' id='word_1_15' title='bbox 435 249 534 290; x_wconf 91' lang='lat' dir='ltr'>dum</span> <span class='ocrx_word' id='word_1_16' title='bbox 563 246 722 301; x_wconf 84' lang='lat' dir='ltr'>trepidi</span> <span class='ocrx_word' id='word_1_17' title='bbox 758 247 948 288; x_wconf 78' lang='lat' dir='ltr'>crudelia</span> <span class='ocrx_word' id='word_1_18' title='bbox 984 248 1132 289; x_wconf 83' lang='lat' dir='ltr'>limina</span> <span class='ocrx_word' id='word_1_19' title='bbox 1168 248 1380 302; x_wconf 89' lang='lat' dir='ltr'>linquunt,</span> 
     </span>
     <span class='ocr_line' id='line_1_4' title="bbox 188 303 1227 358; baseline -0.002 -9"><span class='ocrx_word' id='word_1_20' title='bbox 188 309 460 350; x_wconf 81' lang='lat' dir='ltr'>Immemores</span> <span class='ocrx_word' id='word_1_21' title='bbox 496 305 599 347; x_wconf 84' lang='lat' dir='ltr'>socii</span> <span class='ocrx_word' id='word_1_22' title='bbox 633 308 755 346; x_wconf 81' lang='lat' dir='ltr'>vasto</span> <span class='ocrx_word' id='word_1_23' title='bbox 792 303 986 358; x_wconf 78' lang='lat' dir='ltr'>Cyclopis</span> <span class='ocrx_word' id='word_1_24' title='bbox 1022 304 1066 345; x_wconf 88' lang='lat' dir='ltr'>in</span> <span class='ocrx_word' id='word_1_25' title='bbox 1104 308 1227 347; x_wconf 87' lang='lat' dir='ltr'>antro</span> 
     </span>
    </p>
   </div>
   <div class='ocr_carea' id='block_1_3' title="bbox 187 366 699 474">
    <p class='ocr_par' dir='ltr' id='par_1_3' title="bbox 187 366 699 474">
     <span class='ocr_line' id='line_1_5' title="bbox 187 366 432 406; baseline -0.008 0"><span class='ocrx_word' id='word_1_26' title='bbox 187 366 432 406; x_wconf 84' lang='lat' dir='ltr'>Deseruere.</span> 
     </span>
     <span class='ocr_line' id='line_1_6' title="bbox 187 420 699 474; baseline -0.008 -11"><span class='ocrx_word' id='word_1_27' title='bbox 187 423 308 464; x_wconf 80' lang='lat' dir='ltr'>Intus</span> <span class='ocrx_word' id='word_1_28' title='bbox 343 434 499 474; x_wconf 87' lang='lat' dir='ltr'>opaca,</span> <span class='ocrx_word' id='word_1_29' title='bbox 539 420 699 473; x_wconf 80' lang='lat' dir='ltr'>ingens.</span> 
     </span>
    </p>
   </div>
   <div class='ocr_carea' id='block_1_4' title="bbox 490 361 1468 475">
    <p class='ocr_par' dir='ltr' id='par_1_4' title="bbox 490 361 1468 475">
     <span class='ocr_line' id='line_1_7' title="bbox 490 361 1343 415; baseline 0.002 -12"><span class='ocrx_word' id='word_1_30' title='bbox 490 363 651 404; x_wconf 90' lang='lat' dir='ltr'>Domus</span> <span class='ocrx_word' id='word_1_31' title='bbox 688 362 805 403; x_wconf 87' lang='lat' dir='ltr'>sanie</span> <span class='ocrx_word' id='word_1_32' title='bbox 841 361 1109 415; x_wconf 82' lang='lat' dir='ltr'>dapibusque</span> <span class='ocrx_word' id='word_1_33' title='bbox 1147 363 1343 415; x_wconf 88' lang='lat' dir='ltr'>cruentis,</span> 
     </span>
     <span class='ocr_line' id='line_1_8' title="bbox 759 418 1468 475; baseline 0.006 -15"><span class='ocrx_word' id='word_1_34' title='bbox 759 419 857 472; x_wconf 88' lang='lat' dir='ltr'>Ipse</span> <span class='ocrx_word' id='word_1_35' title='bbox 895 418 1071 470; x_wconf 83' lang='lat' dir='ltr'>arduus,</span> <span class='ocrx_word' id='word_1_36' title='bbox 1117 419 1289 473; x_wconf 83' lang='lat' dir='ltr'>altaque</span> <span class='ocrx_word' id='word_1_37' title='bbox 1323 421 1468 475; x_wconf 88' lang='lat' dir='ltr'>pulsat</span> 
     </span>
    </p>
   </div>
   <div class='ocr_carea' id='block_1_5' title="bbox 183 476 1819 1039">
    <p class='ocr_par' dir='ltr' id='par_1_5' title="bbox 186 476 1819 586">
     <span class='ocr_line' id='line_1_9' title="bbox 189 476 1819 530; baseline -0.002 -10"><span class='ocrx_word' id='word_1_38' title='bbox 189 478 338 520; x_wconf 81' lang='lat' dir='ltr'>Sidera</span> <span class='ocrx_word' id='word_1_39' title='bbox 368 503 424 508; x_wconf 90' lang='lat'>-—</span> <span class='ocrx_word' id='word_1_40' title='bbox 464 477 535 528; x_wconf 89' lang='lat' dir='ltr'>Di,</span> <span class='ocrx_word' id='word_1_41' title='bbox 582 477 713 518; x_wconf 85' lang='lat' dir='ltr'>talem</span> <span class='ocrx_word' id='word_1_42' title='bbox 750 476 877 518; x_wconf 90' lang='lat' dir='ltr'>terris</span> <span class='ocrx_word' id='word_1_43' title='bbox 914 476 1093 517; x_wconf 83' lang='lat' dir='ltr'>avertite</span> <span class='ocrx_word' id='word_1_44' title='bbox 1127 478 1308 530; x_wconf 84' lang='lat' dir='ltr'>pestem!</span> <span class='ocrx_word' id='word_1_45' title='bbox 1353 505 1407 508; x_wconf 96' lang='lat'><strong>—</strong></span> <span class='ocrx_word' id='word_1_46' title='bbox 1737 479 1819 518; x_wconf 84' lang='lat'>620</span> 
     </span>
     <span class='ocr_line' id='line_1_10' title="bbox 186 533 1230 586; baseline -0.004 -8"><span class='ocrx_word' id='word_1_47' title='bbox 186 537 274 578; x_wconf 81' lang='lat' dir='ltr'>Nec</span> <span class='ocrx_word' id='word_1_48' title='bbox 306 536 398 577; x_wconf 78' lang='lat' dir='ltr'>visu</span> <span class='ocrx_word' id='word_1_49' title='bbox 436 535 594 586; x_wconf 77' lang='lat' dir='ltr'>facilis,</span> <span class='ocrx_word' id='word_1_50' title='bbox 642 548 719 575; x_wconf 84' lang='lat' dir='ltr'>nee</span> <span class='ocrx_word' id='word_1_51' title='bbox 753 534 871 575; x_wconf 82' lang='lat' dir='ltr'>dictu</span> <span class='ocrx_word' id='word_1_52' title='bbox 903 533 1104 575; x_wconf 79' lang='lat' dir='ltr'>adfabilis</span> <span class='ocrx_word' id='word_1_53' title='bbox 1142 534 1230 575; x_wconf 85' lang='lat' dir='ltr'>ulli.</span> 
     </span>
    </p>

    <p class='ocr_par' dir='ltr' id='par_1_6' title="bbox 186 591 1397 646">
     <span class='ocr_line' id='line_1_11' title="bbox 186 591 1397 646; baseline -0.002 -11"><span class='ocrx_word' id='word_1_54' title='bbox 186 593 430 635; x_wconf 72' lang='lat' dir='ltr'>Visceribus</span> <span class='ocrx_word' id='word_1_55' title='bbox 465 592 717 633; x_wconf 86' lang='lat' dir='ltr'>miserorum</span> <span class='ocrx_word' id='word_1_56' title='bbox 750 596 792 633; x_wconf 90' lang='lat' dir='ltr'>et</span> <span class='ocrx_word' id='word_1_57' title='bbox 824 591 1032 646; x_wconf 82' lang='lat' dir='ltr'>sanguine</span> <span class='ocrx_word' id='word_1_58' title='bbox 1068 591 1253 632; x_wconf 86' lang='lat' dir='ltr'>vescitur</span> <span class='ocrx_word' id='word_1_59' title='bbox 1289 594 1397 632; x_wconf 88' lang='lat' dir='ltr'>atro.</span> 
     </span>
    </p>

    <p class='ocr_par' dir='ltr' id='par_1_7' title="bbox 186 649 1519 704">
     <span class='ocr_line' id='line_1_12' title="bbox 186 649 1519 704; baseline 0 -12"><span class='ocrx_word' id='word_1_60' title='bbox 186 651 284 692; x_wconf 79' lang='lat' dir='ltr'>Vidi</span> <span class='ocrx_word' id='word_1_61' title='bbox 326 653 508 704; x_wconf 81' lang='lat' dir='ltr'>egomet,</span> <span class='ocrx_word' id='word_1_62' title='bbox 557 649 639 691; x_wconf 89' lang='lat' dir='ltr'>duo</span> <span class='ocrx_word' id='word_1_63' title='bbox 680 649 732 691; x_wconf 88' lang='lat' dir='ltr'>de</span> <span class='ocrx_word' id='word_1_64' title='bbox 765 663 941 691; x_wconf 87' lang='lat' dir='ltr'>numero</span> <span class='ocrx_word' id='word_1_65' title='bbox 981 663 1112 703; x_wconf 89' lang='lat' dir='ltr'>quum</span> <span class='ocrx_word' id='word_1_66' title='bbox 1153 661 1336 703; x_wconf 88' lang='lat' dir='ltr'>corpora</span> <span class='ocrx_word' id='word_1_67' title='bbox 1373 653 1519 692; x_wconf 87' lang='lat' dir='ltr'>nostro</span> 
     </span>
    </p>

    <p class='ocr_par' dir='ltr' id='par_1_8' title="bbox 185 707 1384 761">
     <span class='ocr_line' id='line_1_13' title="bbox 185 707 1384 761; baseline -0.003 -12"><span class='ocrx_word' id='word_1_68' title='bbox 185 709 344 750; x_wconf 88' lang='lat' dir='ltr'>Prensa</span> <span class='ocrx_word' id='word_1_69' title='bbox 381 722 510 749; x_wconf 88' lang='lat' dir='ltr'>manu</span> <span class='ocrx_word' id='word_1_70' title='bbox 547 721 704 761; x_wconf 81' lang='lat' dir='ltr'>magna</span> <span class='ocrx_word' id='word_1_71' title='bbox 742 707 881 749; x_wconf 88' lang='lat' dir='ltr'>medio</span> <span class='ocrx_word' id='word_1_72' title='bbox 916 707 1140 761; x_wconf 84' lang='lat' dir='ltr'>resupinus</span> <span class='ocrx_word' id='word_1_73' title='bbox 1174 707 1218 748; x_wconf 91' lang='lat' dir='ltr'>in</span> <span class='ocrx_word' id='word_1_74' title='bbox 1259 709 1384 747; x_wconf 87' lang='lat' dir='ltr'>antro</span> 
     </span>
    </p>

    <p class='ocr_par' dir='ltr' id='par_1_9' title="bbox 183 765 1815 877">
     <span class='ocr_line' id='line_1_14' title="bbox 184 765 1815 820; baseline -0.002 -13"><span class='ocrx_word' id='word_1_75' title='bbox 184 767 419 820; x_wconf 83' lang='lat' dir='ltr'>Frangeret</span> <span class='ocrx_word' id='word_1_76' title='bbox 459 765 515 806; x_wconf 90' lang='lat' dir='ltr'>ad</span> <span class='ocrx_word' id='word_1_77' title='bbox 553 779 720 817; x_wconf 82' lang='lat' dir='ltr'>saxum,</span> <span class='ocrx_word' id='word_1_78' title='bbox 764 765 966 819; x_wconf 79' lang='lat' dir='ltr'>sanieque</span> <span class='ocrx_word' id='word_1_79' title='bbox 1001 765 1209 818; x_wconf 86' lang='lat' dir='ltr'>adspersa</span> <span class='ocrx_word' id='word_1_80' title='bbox 1246 766 1447 805; x_wconf 85' lang='lat' dir='ltr'>natarent</span> <span class='ocrx_word' id='word_1_81' title='bbox 1733 765 1815 804; x_wconf 68' lang='lat'>6223</span> 
     </span>
     <span class='ocr_line' id='line_1_15' title="bbox 183 821 1372 877; baseline -0.003 -12"><span class='ocrx_word' id='word_1_82' title='bbox 183 824 371 875; x_wconf 83' lang='lat' dir='ltr'>Limina3</span> <span class='ocrx_word' id='word_1_83' title='bbox 417 823 503 864; x_wconf 81' lang='lat' dir='ltr'>vidi</span> <span class='ocrx_word' id='word_1_84' title='bbox 537 827 632 865; x_wconf 87' lang='lat' dir='ltr'>atro</span> <span class='ocrx_word' id='word_1_85' title='bbox 671 837 800 877; x_wconf 90' lang='lat' dir='ltr'>quum</span> <span class='ocrx_word' id='word_1_86' title='bbox 833 822 1026 864; x_wconf 86' lang='lat' dir='ltr'>membra</span> <span class='ocrx_word' id='word_1_87' title='bbox 1059 822 1236 863; x_wconf 87' lang='lat' dir='ltr'>fluentia</span> <span class='ocrx_word' id='word_1_88' title='bbox 1269 821 1372 862; x_wconf 88' lang='lat' dir='ltr'>tabo</span> 
     </span>
    </p>

    <p class='ocr_par' dir='ltr' id='par_1_10' title="bbox 183 879 1468 934">
     <span class='ocr_line' id='line_1_16' title="bbox 183 879 1468 934; baseline -0.002 -12"><span class='ocrx_word' id='word_1_89' title='bbox 183 881 407 923; x_wconf 87' lang='lat' dir='ltr'>Manderet</span> <span class='ocrx_word' id='word_1_90' title='bbox 442 884 485 922; x_wconf 90' lang='lat' dir='ltr'>et</span> <span class='ocrx_word' id='word_1_91' title='bbox 518 880 678 934; x_wconf 84' lang='lat' dir='ltr'>trepidi</span> <span class='ocrx_word' id='word_1_92' title='bbox 715 884 946 922; x_wconf 88' lang='lat' dir='ltr'>tremerent</span> <span class='ocrx_word' id='word_1_93' title='bbox 985 879 1062 921; x_wconf 91' lang='lat' dir='ltr'>sub</span> <span class='ocrx_word' id='word_1_94' title='bbox 1101 879 1298 921; x_wconf 86' lang='lat' dir='ltr'>dentibus</span> <span class='ocrx_word' id='word_1_95' title='bbox 1338 881 1468 920; x_wconf 86' lang='lat' dir='ltr'>artus.</span> 
     </span>
    </p>

    <p class='ocr_par' dir='ltr' id='par_1_11' title="bbox 184 937 1405 993">
     <span class='ocr_line' id='line_1_17' title="bbox 184 937 1405 993; baseline -0.002 -13"><span class='ocrx_word' id='word_1_96' title='bbox 184 939 314 981; x_wconf 89' lang='lat' dir='ltr'>Haud</span> <span class='ocrx_word' id='word_1_97' title='bbox 355 939 527 993; x_wconf 87' lang='lat' dir='ltr'>impune</span> <span class='ocrx_word' id='word_1_98' title='bbox 565 938 759 992; x_wconf 75' lang='lat' dir='ltr'>quidem,</span> <span class='ocrx_word' id='word_1_99' title='bbox 801 952 879 980; x_wconf 88' lang='lat' dir='ltr'>nec</span> <span class='ocrx_word' id='word_1_100' title='bbox 918 938 1024 979; x_wconf 79' lang='lat' dir='ltr'>talia</span> <span class='ocrx_word' id='word_1_101' title='bbox 1058 952 1209 992; x_wconf 86' lang='lat' dir='ltr'>passus</span> <span class='ocrx_word' id='word_1_102' title='bbox 1248 937 1405 988; x_wconf 76' lang='lat' dir='ltr'>Ulixes,</span> 
     </span>
    </p>

    <p class='ocr_par' dir='ltr' id='par_1_12' title="bbox 185 996 1248 1039">
     <span class='ocr_line' id='line_1_18' title="bbox 185 996 1248 1039; baseline -0.003 0"><span class='ocrx_word' id='word_1_103' title='bbox 185 997 404 1039; x_wconf 82' lang='lat' dir='ltr'>Oblitusve</span> <span class='ocrx_word' id='word_1_104' title='bbox 436 997 501 1038; x_wconf 89' lang='lat' dir='ltr'>sui</span> <span class='ocrx_word' id='word_1_105' title='bbox 533 1000 597 1038; x_wconf 86' lang='lat' dir='ltr'>est</span> <span class='ocrx_word' id='word_1_106' title='bbox 627 996 801 1038; x_wconf 79' lang='lat' dir='ltr'>Ithacus</span> <span class='ocrx_word' id='word_1_107' title='bbox 841 996 1084 1037; x_wconf 79' lang='lat' dir='ltr'>discrimine</span> <span class='ocrx_word' id='word_1_108' title='bbox 1116 999 1248 1037; x_wconf 88' lang='lat' dir='ltr'>tanto.</span> 
     </span>
    </p>
   </div>
   <div class='ocr_carea' id='block_1_6' title="bbox 176 1124 979 2995">
    <p class='ocr_par' dir='ltr' id='par_1_13' title="bbox 183 1124 978 1301">
     <span class='ocr_line' id='line_1_19' title="bbox 183 1124 978 1167; baseline 0.001 -12"><span class='ocrx_word' id='word_1_109' title='bbox 183 1124 376 1156; x_wconf 76' lang='lat' dir='ltr'>clarissimo</span> <span class='ocrx_word' id='word_1_110' title='bbox 397 1128 516 1167; x_wconf 80' lang='lat' dir='ltr'>patre,</span> <span class='ocrx_word' id='word_1_111' title='bbox 543 1136 620 1164; x_wconf 81' lang='lat' dir='ltr'>avo,</span> <span class='ocrx_word' id='word_1_112' title='bbox 647 1125 847 1157; x_wconf 74' lang='lat' dir='ltr'>maioribus.</span> <span class='ocrx_word' id='word_1_113' title='bbox 895 1128 978 1156; x_wconf 86' lang='lat' dir='ltr'>Aen.</span> 
     </span>
     <span class='ocr_line' id='line_1_20' title="bbox 187 1170 976 1213; baseline 0 -12"><span class='ocrx_word' id='word_1_114' title='bbox 187 1170 238 1209; x_wconf 89' lang='lat' dir='ltr'>ll,</span> <span class='ocrx_word' id='word_1_115' title='bbox 264 1171 328 1201; x_wconf 88' lang='grc'>666</span> <span class='ocrx_word' id='word_1_116' title='bbox 359 1173 462 1202; x_wconf 81' lang='lat' dir='ltr'>fundit</span> <span class='ocrx_word' id='word_1_117' title='bbox 502 1171 678 1209; x_wconf 76' lang='lat' dir='ltr'>Euneum,</span> <span class='ocrx_word' id='word_1_118' title='bbox 726 1171 830 1202; x_wconf 82' lang='lat' dir='ltr'>Clitio</span> <span class='ocrx_word' id='word_1_119' title='bbox 863 1176 976 1213; x_wconf 86' lang='lat' dir='ltr'>patre.</span> 
     </span>
     <span class='ocr_line' id='line_1_21' title="bbox 184 1217 978 1258; baseline 0.001 -11"><span class='ocrx_word' id='word_1_120' title='bbox 184 1221 292 1254; x_wconf 77' lang='lat' dir='ltr'>Neque</span> <span class='ocrx_word' id='word_1_121' title='bbox 313 1218 491 1258; x_wconf 83' lang='lat' dir='ltr'>profectus</span> <span class='ocrx_word' id='word_1_122' title='bbox 519 1224 565 1247; x_wconf 87' lang='lat' dir='ltr'>est</span> <span class='ocrx_word' id='word_1_123' title='bbox 592 1228 663 1248; x_wconf 90' lang='lat' dir='ltr'>cum</span> <span class='ocrx_word' id='word_1_124' title='bbox 690 1217 883 1248; x_wconf 79' lang='lat' dir='ltr'>Adamasto</span> <span class='ocrx_word' id='word_1_125' title='bbox 906 1219 978 1248; x_wconf 86' lang='lat' dir='ltr'>iun-</span> 
     </span>
     <span class='ocr_line' id='line_1_22' title="bbox 183 1262 794 1301; baseline 0 -8"><span class='ocrx_word' id='word_1_126' title='bbox 183 1266 330 1301; x_wconf 82' lang='lat' dir='ltr'>gendum.</span> <span class='ocrx_word' id='word_1_127' title='bbox 380 1266 426 1293; x_wconf 88' lang='lat' dir='ltr'>De</span> <span class='ocrx_word' id='word_1_128' title='bbox 445 1266 507 1293; x_wconf 84' lang='lat' dir='ltr'>abl.</span> <span class='ocrx_word' id='word_1_129' title='bbox 531 1265 569 1294; x_wconf 83' lang='lat' dir='ltr'>cf.</span> <span class='ocrx_word' id='word_1_130' title='bbox 593 1267 643 1293; x_wconf 86' lang='lat' dir='ltr'>Gr.</span> <span class='ocrx_word' id='word_1_131' title='bbox 671 1265 692 1299; x_wconf 68' lang='lat' dir='ltr'>S</span> <span class='ocrx_word' id='word_1_132' title='bbox 718 1262 794 1294; x_wconf 86' lang='lat'>316.</span> 
     </span>
    </p>

    <p class='ocr_par' dir='ltr' id='par_1_14' title="bbox 176 1308 979 1717">
     <span class='ocr_line' id='line_1_23' title="bbox 231 1308 979 1349; baseline 0.003 -11"><span class='ocrx_word' id='word_1_133' title='bbox 231 1309 305 1339; x_wconf 84' lang='grc'><strong>615.</strong></span> <span class='ocrx_word' id='word_1_134' title='bbox 332 1308 581 1349; x_wconf 75' lang='lat' dir='ltr'>mansissetque</span> <span class='ocrx_word' id='word_1_135' title='bbox 631 1309 764 1339; x_wconf 86' lang='lat' dir='ltr'>utinam</span> <span class='ocrx_word' id='word_1_136' title='bbox 806 1310 979 1348; x_wconf 85' lang='lat' dir='ltr'>fortuna:</span> 
     </span>
     <span class='ocr_line' id='line_1_24' title="bbox 184 1357 975 1393; baseline 0.001 -8"><span class='ocrx_word' id='word_1_137' title='bbox 184 1357 315 1386; x_wconf 80' lang='lat' dir='ltr'>Utinam</span> <span class='ocrx_word' id='word_1_138' title='bbox 339 1357 544 1393; x_wconf 86' lang='lat' dir='ltr'>mansissem,</span> <span class='ocrx_word' id='word_1_139' title='bbox 568 1365 627 1391; x_wconf 89' lang='lat' dir='ltr'>quo</span> <span class='ocrx_word' id='word_1_140' title='bbox 649 1357 697 1385; x_wconf 84' lang='lat' dir='ltr'>fui</span> <span class='ocrx_word' id='word_1_141' title='bbox 721 1361 805 1385; x_wconf 84' lang='lat' dir='ltr'>statu</span> <span class='ocrx_word' id='word_1_142' title='bbox 831 1361 861 1385; x_wconf 90' lang='lat' dir='ltr'>et</span> <span class='ocrx_word' id='word_1_143' title='bbox 887 1359 975 1393; x_wconf 76' lang='grc' dir='ltr'><strong>100ος</strong></span> 
     </span>
     <span class='ocr_line' id='line_1_25' title="bbox 182 1402 976 1437; baseline 0 -5"><span class='ocrx_word' id='word_1_144' title='bbox 182 1403 306 1432; x_wconf 84' lang='grc'><strong>1111113111</strong></span> <span class='ocrx_word' id='word_1_145' title='bbox 344 1410 465 1437; x_wconf 78' lang='lat' dir='ltr'>pauper</span> <span class='ocrx_word' id='word_1_146' title='bbox 504 1403 587 1431; x_wconf 85' lang='lat' dir='ltr'>domi</span> <span class='ocrx_word' id='word_1_147' title='bbox 625 1402 830 1431; x_wconf 80' lang='lat' dir='ltr'>mansissem.</span> <span class='ocrx_word' id='word_1_148' title='bbox 885 1404 976 1432; x_wconf 80' lang='lat' dir='ltr'>Nunc</span> 
     </span>
     <span class='ocr_line' id='line_1_26' title="bbox 176 1444 975 1483; baseline 0 -6"><span class='ocrx_word' id='word_1_149' title='bbox 176 1444 341 1483; x_wconf 65' lang='lat' dir='ltr'>&#39;quaesitis</span> <span class='ocrx_word' id='word_1_150' title='bbox 390 1449 507 1476; x_wconf 86' lang='lat' dir='ltr'>militia</span> <span class='ocrx_word' id='word_1_151' title='bbox 557 1448 682 1476; x_wconf 78' lang='lat' dir='ltr'>divitiis</span> <span class='ocrx_word' id='word_1_152' title='bbox 744 1448 848 1477; x_wconf 85' lang='lat' dir='ltr'>factus</span> <span class='ocrx_word' id='word_1_153' title='bbox 903 1457 975 1477; x_wconf 86' lang='lat' dir='ltr'>sum</span> 
     </span>
     <span class='ocr_line' id='line_1_27' title="bbox 185 1494 976 1529; baseline -0.003 -5"><span class='ocrx_word' id='word_1_154' title='bbox 185 1495 326 1524; x_wconf 90' lang='lat' dir='ltr'>omnium</span> <span class='ocrx_word' id='word_1_155' title='bbox 358 1494 569 1523; x_wconf 86' lang='lat' dir='ltr'>miserrimus.</span> <span class='ocrx_word' id='word_1_156' title='bbox 643 1494 756 1529; x_wconf 73' lang='lat' dir='ltr'>Tangit</span> <span class='ocrx_word' id='word_1_157' title='bbox 787 1494 878 1529; x_wconf 86' lang='lat' dir='ltr'>illos,</span> <span class='ocrx_word' id='word_1_158' title='bbox 921 1495 976 1529; x_wconf 87' lang='lat' dir='ltr'>qni</span> 
     </span>
     <span class='ocr_line' id='line_1_28' title="bbox 183 1540 975 1577; baseline 0 -8"><span class='ocrx_word' id='word_1_159' title='bbox 183 1541 279 1577; x_wconf 81' lang='lat' dir='ltr'>signa</span> <span class='ocrx_word' id='word_1_160' title='bbox 311 1543 541 1575; x_wconf 69' lang='lat' dir='ltr'>sequebamur,</span> <span class='ocrx_word' id='word_1_161' title='bbox 577 1544 610 1568; x_wconf 86' lang='lat' dir='ltr'>ut</span> <span class='ocrx_word' id='word_1_162' title='bbox 633 1540 768 1568; x_wconf 80' lang='lat' dir='ltr'>divitias</span> <span class='ocrx_word' id='word_1_163' title='bbox 793 1540 856 1568; x_wconf 75' lang='lat' dir='ltr'>sibi</span> <span class='ocrx_word' id='word_1_164' title='bbox 879 1547 975 1575; x_wconf 83' lang='lat' dir='ltr'>para-</span> 
     </span>
     <span class='ocr_line' id='line_1_29' title="bbox 182 1583 975 1622; baseline -0.001 -7"><span class='ocrx_word' id='word_1_165' title='bbox 182 1591 261 1616; x_wconf 89' lang='lat' dir='ltr'>rent.</span> <span class='ocrx_word' id='word_1_166' title='bbox 311 1586 357 1615; x_wconf 86' lang='lat' dir='ltr'>Cf.</span> <span class='ocrx_word' id='word_1_167' title='bbox 383 1584 413 1622; x_wconf 83' lang='lat'>2,</span> <span class='ocrx_word' id='word_1_168' title='bbox 439 1583 491 1614; x_wconf 72' lang='grc'><strong>87.</strong></span> <span class='ocrx_word' id='word_1_169' title='bbox 527 1586 595 1613; x_wconf 85' lang='lat' dir='ltr'>Tib.</span> <span class='ocrx_word' id='word_1_170' title='bbox 628 1583 654 1619; x_wconf 82' lang='lat'>1,</span> <span class='ocrx_word' id='word_1_171' title='bbox 683 1583 710 1622; x_wconf 86' lang='lat'>1,</span> <span class='ocrx_word' id='word_1_172' title='bbox 734 1584 762 1613; x_wconf 87' lang='lat'>1.</span> <span class='ocrx_word' id='word_1_173' title='bbox 814 1583 867 1614; x_wconf 91' lang='lat' dir='ltr'>Pl.</span> <span class='ocrx_word' id='word_1_174' title='bbox 893 1587 975 1621; x_wconf 87' lang='lat' dir='ltr'>quod</span> 
     </span>
     <span class='ocr_line' id='line_1_30' title="bbox 183 1629 975 1670; baseline -0.001 -9"><span class='ocrx_word' id='word_1_175' title='bbox 183 1640 266 1670; x_wconf 87' lang='lat' dir='ltr'>„non</span> <span class='ocrx_word' id='word_1_176' title='bbox 297 1633 378 1660; x_wconf 84' lang='lat' dir='ltr'>satis</span> <span class='ocrx_word' id='word_1_177' title='bbox 407 1636 480 1660; x_wconf 88' lang='lat' dir='ltr'>sunt</span> <span class='ocrx_word' id='word_1_178' title='bbox 506 1630 693 1660; x_wconf 69' lang='lat' dir='ltr'>elaborata‘⁴</span> <span class='ocrx_word' id='word_1_179' title='bbox 717 1631 804 1661; x_wconf 83' lang='lat' dir='ltr'>eiicit</span> <span class='ocrx_word' id='word_1_180' title='bbox 834 1629 975 1661; x_wconf 85' lang='lat' dir='ltr'>Troiam</span> 
     </span>
     <span class='ocr_line' id='line_1_31' title="bbox 182 1675 430 1717; baseline 0.004 -12"><span class='ocrx_word' id='word_1_181' title='bbox 182 1691 227 1698; x_wconf 90' lang='lat'>—</span> <span class='ocrx_word' id='word_1_182' title='bbox 242 1675 430 1717; x_wconf 83' lang='lat' dir='ltr'>profectus.</span> 
     </span>
    </p>

    <p class='ocr_par' dir='ltr' id='par_1_15' title="bbox 181 1719 977 2035">
     <span class='ocr_line' id='line_1_32' title="bbox 230 1719 976 1760; baseline 0 -9"><span class='ocrx_word' id='word_1_183' title='bbox 230 1721 304 1752; x_wconf 88' lang='grc'><strong>616.</strong></span> <span class='ocrx_word' id='word_1_184' title='bbox 331 1719 487 1751; x_wconf 80' lang='lat' dir='ltr'>crudelia</span> <span class='ocrx_word' id='word_1_185' title='bbox 517 1719 640 1750; x_wconf 78' lang='lat' dir='ltr'>limina</span> <span class='ocrx_word' id='word_1_186' title='bbox 664 1723 702 1751; x_wconf 85' lang='lat' dir='ltr'>cf.</span> <span class='ocrx_word' id='word_1_187' title='bbox 730 1719 759 1759; x_wconf 86' lang='lat'>1,</span> <span class='ocrx_word' id='word_1_188' title='bbox 788 1720 851 1750; x_wconf 84' lang='lat'>355</span> <span class='ocrx_word' id='word_1_189' title='bbox 876 1724 976 1760; x_wconf 82' lang='lat' dir='ltr'>„Spe-</span> 
     </span>
     <span class='ocr_line' id='line_1_33' title="bbox 181 1769 975 1804; baseline -0.001 -7"><span class='ocrx_word' id='word_1_190' title='bbox 181 1771 312 1798; x_wconf 88' lang='lat' dir='ltr'>luncam</span> <span class='ocrx_word' id='word_1_191' title='bbox 352 1769 504 1804; x_wconf 80' lang='lat' dir='ltr'>Cyclopis</span> <span class='ocrx_word' id='word_1_192' title='bbox 545 1769 759 1804; x_wconf 65' lang='lat' dir='ltr'>Polyphemi-⁴</span> <span class='ocrx_word' id='word_1_193' title='bbox 798 1771 829 1797; x_wconf 89' lang='lat' dir='ltr'>S.</span> <span class='ocrx_word' id='word_1_194' title='bbox 893 1770 975 1797; x_wconf 89' lang='lat' dir='ltr'>Dum</span> 
     </span>
     <span class='ocr_line' id='line_1_34' title="bbox 183 1814 975 1850; baseline -0.003 -6"><span class='ocrx_word' id='word_1_195' title='bbox 183 1820 351 1844; x_wconf 89' lang='lat' dir='ltr'>occaecato</span> <span class='ocrx_word' id='word_1_196' title='bbox 376 1816 572 1850; x_wconf 76' lang='lat' dir='ltr'>Polyphemo</span> <span class='ocrx_word' id='word_1_197' title='bbox 600 1815 713 1849; x_wconf 82' lang='lat' dir='ltr'>trepidi</span> <span class='ocrx_word' id='word_1_198' title='bbox 747 1814 917 1850; x_wconf 75' lang='lat' dir='ltr'>aufugiunt</span> <span class='ocrx_word' id='word_1_199' title='bbox 947 1819 975 1843; x_wconf 89' lang='lat' dir='ltr'>et</span> 
     </span>
     <span class='ocr_line' id='line_1_35' title="bbox 183 1860 977 1896; baseline -0.003 -7"><span class='ocrx_word' id='word_1_200' title='bbox 183 1868 276 1890; x_wconf 88' lang='lat' dir='ltr'>suam</span> <span class='ocrx_word' id='word_1_201' title='bbox 298 1861 432 1896; x_wconf 86' lang='lat' dir='ltr'>quisque</span> <span class='ocrx_word' id='word_1_202' title='bbox 457 1864 546 1889; x_wconf 89' lang='lat' dir='ltr'>curat</span> <span class='ocrx_word' id='word_1_203' title='bbox 567 1862 717 1894; x_wconf 84' lang='grc'><strong>3311110111,</strong></span> <span class='ocrx_word' id='word_1_204' title='bbox 744 1860 797 1889; x_wconf 87' lang='grc'><strong>1110</strong></span> <span class='ocrx_word' id='word_1_205' title='bbox 822 1861 977 1895; x_wconf 87' lang='lat' dir='ltr'>relinqui-</span> 
     </span>
     <span class='ocr_line' id='line_1_36' title="bbox 182 1903 974 1940; baseline -0.003 -5"><span class='ocrx_word' id='word_1_206' title='bbox 182 1912 241 1936; x_wconf 91' lang='lat' dir='ltr'>tur.</span> <span class='ocrx_word' id='word_1_207' title='bbox 285 1922 322 1926; x_wconf 96' lang='lat'>—-</span> <span class='ocrx_word' id='word_1_208' title='bbox 362 1903 417 1935; x_wconf 77' lang='lat' dir='ltr'>hic</span> <span class='ocrx_word' id='word_1_209' title='bbox 442 1920 486 1926; x_wconf 90' lang='lat'>-—</span> <span class='ocrx_word' id='word_1_210' title='bbox 512 1903 545 1934; x_wconf 82' lang='lat' dir='ltr'>in</span> <span class='ocrx_word' id='word_1_211' title='bbox 572 1907 674 1934; x_wconf 84' lang='lat' dir='ltr'>antro</span> <span class='ocrx_word' id='word_1_212' title='bbox 700 1906 739 1935; x_wconf 87' lang='lat' dir='ltr'>cf.</span> <span class='ocrx_word' id='word_1_213' title='bbox 766 1906 797 1940; x_wconf 73' lang='grc'>5,</span> <span class='ocrx_word' id='word_1_214' title='bbox 825 1903 900 1934; x_wconf 88' lang='grc'><strong>609.</strong></span> <span class='ocrx_word' id='word_1_215' title='bbox 936 1921 974 1926; x_wconf 84' lang='lat'>—</span> 
     </span>
     <span class='ocr_line' id='line_1_37' title="bbox 188 1949 976 1992; baseline -0.001 -11"><span class='ocrx_word' id='word_1_216' title='bbox 188 1949 332 1992; x_wconf 61' lang='lat' dir='ltr'>Trepida·</span> <span class='ocrx_word' id='word_1_217' title='bbox 356 1956 384 1981; x_wconf 89' lang='lat' dir='ltr'>et</span> <span class='ocrx_word' id='word_1_218' title='bbox 407 1956 575 1981; x_wconf 81' lang='lat' dir='ltr'>trementes</span> <span class='ocrx_word' id='word_1_219' title='bbox 594 1956 623 1980; x_wconf 90' lang='lat' dir='ltr'>et</span> <span class='ocrx_word' id='word_1_220' title='bbox 649 1951 838 1981; x_wconf 87' lang='lat' dir='ltr'>festinantes</span> <span class='ocrx_word' id='word_1_221' title='bbox 869 1952 976 1989; x_wconf 83' lang='lat' dir='ltr'>signat</span> 
     </span>
     <span class='ocr_line' id='line_1_38' title="bbox 182 1995 406 2035; baseline -0.013 -7"><span class='ocrx_word' id='word_1_222' title='bbox 182 1998 220 2028; x_wconf 88' lang='lat' dir='ltr'>cf.</span> <span class='ocrx_word' id='word_1_223' title='bbox 252 1997 303 2035; x_wconf 82' lang='lat'>10,</span> <span class='ocrx_word' id='word_1_224' title='bbox 331 1995 406 2026; x_wconf 73' lang='lat'>283.</span> 
     </span>
    </p>

    <p class='ocr_par' dir='ltr' id='par_1_16' title="bbox 182 2040 976 2170">
     <span class='ocr_line' id='line_1_39' title="bbox 229 2040 973 2081; baseline -0.001 -9"><span class='ocrx_word' id='word_1_225' title='bbox 229 2041 304 2072; x_wconf 83' lang='lat'>617.</span> <span class='ocrx_word' id='word_1_226' title='bbox 333 2040 545 2072; x_wconf 73' lang='lat' dir='ltr'>immemores</span> <span class='ocrx_word' id='word_1_227' title='bbox 585 2052 628 2072; x_wconf 81' lang='grc'>30.</span> <span class='ocrx_word' id='word_1_228' title='bbox 667 2043 728 2072; x_wconf 88' lang='lat' dir='ltr'>mei</span> <span class='ocrx_word' id='word_1_229' title='bbox 768 2043 806 2071; x_wconf 87' lang='lat' dir='ltr'>cf.</span> <span class='ocrx_word' id='word_1_230' title='bbox 843 2041 873 2081; x_wconf 89' lang='grc'>2,</span> <span class='ocrx_word' id='word_1_231' title='bbox 898 2041 973 2072; x_wconf 74' lang='grc'><strong>244.</strong></span> 
     </span>
     <span class='ocr_line' id='line_1_40' title="bbox 183 2090 976 2124; baseline -0.001 -6"><span class='ocrx_word' id='word_1_232' title='bbox 183 2090 321 2124; x_wconf 87' lang='lat' dir='ltr'>Saepius</span> <span class='ocrx_word' id='word_1_233' title='bbox 351 2090 435 2118; x_wconf 89' lang='lat' dir='ltr'>enim</span> <span class='ocrx_word' id='word_1_234' title='bbox 466 2090 628 2118; x_wconf 77' lang='lat' dir='ltr'>adiectiva</span> <span class='ocrx_word' id='word_1_235' title='bbox 652 2090 791 2118; x_wconf 82' lang='lat' dir='ltr'>relativa</span> <span class='ocrx_word' id='word_1_236' title='bbox 816 2094 976 2124; x_wconf 91' lang='lat' dir='ltr'>ponuntur</span> 
     </span>
     <span class='ocr_line' id='line_1_41' title="bbox 182 2135 917 2170; baseline -0.001 -6"><span class='ocrx_word' id='word_1_237' title='bbox 182 2137 281 2166; x_wconf 76' lang='lat' dir='ltr'>nude.</span> <span class='ocrx_word' id='word_1_238' title='bbox 308 2135 465 2170; x_wconf 84' lang='lat' dir='ltr'>siquidem</span> <span class='ocrx_word' id='word_1_239' title='bbox 488 2144 548 2169; x_wconf 90' lang='lat' dir='ltr'>qno</span> <span class='ocrx_word' id='word_1_240' title='bbox 572 2135 750 2163; x_wconf 88' lang='lat' dir='ltr'>referantur</span> <span class='ocrx_word' id='word_1_241' title='bbox 775 2140 917 2170; x_wconf 77' lang='lat' dir='ltr'>apparet.</span> 
     </span>
    </p>

    <p class='ocr_par' dir='ltr' id='par_1_17' title="bbox 180 2177 976 2620">
     <span class='ocr_line' id='line_1_42' title="bbox 228 2177 976 2220; baseline 0 -11"><span class='ocrx_word' id='word_1_242' title='bbox 228 2179 302 2209; x_wconf 77' lang='grc'><strong>618.</strong></span> <span class='ocrx_word' id='word_1_243' title='bbox 331 2179 451 2209; x_wconf 87' lang='lat' dir='ltr'>domus</span> <span class='ocrx_word' id='word_1_244' title='bbox 484 2177 581 2209; x_wconf 73' lang='lat' dir='ltr'>sanie</span> <span class='ocrx_word' id='word_1_245' title='bbox 609 2178 825 2220; x_wconf 80' lang='lat' dir='ltr'>dapibusque</span> <span class='ocrx_word' id='word_1_246' title='bbox 856 2189 976 2209; x_wconf 84' lang='lat' dir='ltr'>cruen-</span> 
     </span>
     <span class='ocr_line' id='line_1_43' title="bbox 181 2224 975 2262; baseline 0 -6"><span class='ocrx_word' id='word_1_247' title='bbox 181 2224 238 2257; x_wconf 78' lang='lat' dir='ltr'>tis.</span> <span class='ocrx_word' id='word_1_248' title='bbox 295 2227 342 2255; x_wconf 88' lang='lat' dir='ltr'>De</span> <span class='ocrx_word' id='word_1_249' title='bbox 381 2228 443 2255; x_wconf 83' lang='lat' dir='ltr'>abl.</span> <span class='ocrx_word' id='word_1_250' title='bbox 484 2226 638 2255; x_wconf 84' lang='lat' dir='ltr'>materiae</span> <span class='ocrx_word' id='word_1_251' title='bbox 676 2226 714 2255; x_wconf 86' lang='lat' dir='ltr'>cf.</span> <span class='ocrx_word' id='word_1_252' title='bbox 750 2228 801 2255; x_wconf 84' lang='lat' dir='ltr'>Gr.</span> <span class='ocrx_word' id='word_1_253' title='bbox 841 2226 862 2262; x_wconf 72' lang='lat' dir='ltr'>S</span> <span class='ocrx_word' id='word_1_254' title='bbox 900 2224 975 2256; x_wconf 86' lang='lat'>310.</span> 
     </span>
     <span class='ocr_line' id='line_1_44' title="bbox 185 2273 976 2309; baseline 0 -8"><span class='ocrx_word' id='word_1_255' title='bbox 185 2288 222 2292; x_wconf 90' lang='lat'>—</span> <span class='ocrx_word' id='word_1_256' title='bbox 263 2273 351 2307; x_wconf 84' lang='lat' dir='ltr'>Quae</span> <span class='ocrx_word' id='word_1_257' title='bbox 390 2273 495 2309; x_wconf 85' lang='lat' dir='ltr'>imago</span> <span class='ocrx_word' id='word_1_258' title='bbox 527 2273 638 2301; x_wconf 87' lang='lat' dir='ltr'>domus</span> <span class='ocrx_word' id='word_1_259' title='bbox 676 2273 768 2301; x_wconf 84' lang='lat' dir='ltr'>sanie</span> <span class='ocrx_word' id='word_1_260' title='bbox 804 2276 831 2301; x_wconf 90' lang='lat' dir='ltr'>et</span> <span class='ocrx_word' id='word_1_261' title='bbox 866 2281 976 2302; x_wconf 86' lang='lat' dir='ltr'>cruore</span> 
     </span>
     <span class='ocr_line' id='line_1_45' title="bbox 181 2318 974 2356; baseline 0 -9"><span class='ocrx_word' id='word_1_262' title='bbox 181 2319 358 2348; x_wconf 82' lang='lat' dir='ltr'>constantis</span> <span class='ocrx_word' id='word_1_263' title='bbox 381 2326 479 2352; x_wconf 87' lang='grc'><strong>(11111111</strong></span> <span class='ocrx_word' id='word_1_264' title='bbox 505 2323 601 2347; x_wconf 86' lang='lat' dir='ltr'>vasta</span> <span class='ocrx_word' id='word_1_265' title='bbox 625 2318 802 2356; x_wconf 77' lang='lat' dir='ltr'>videretur,</span> <span class='ocrx_word' id='word_1_266' title='bbox 833 2319 905 2347; x_wconf 88' lang='lat' dir='ltr'>inde</span> <span class='ocrx_word' id='word_1_267' title='bbox 925 2327 974 2347; x_wconf 89' lang='lat' dir='ltr'>or-</span> 
     </span>
     <span class='ocr_line' id='line_1_46' title="bbox 180 2361 974 2401; baseline -0.001 -8"><span class='ocrx_word' id='word_1_268' title='bbox 180 2369 231 2393; x_wconf 81' lang='lat' dir='ltr'>tae</span> <span class='ocrx_word' id='word_1_269' title='bbox 258 2368 331 2393; x_wconf 86' lang='lat' dir='ltr'>sunt</span> <span class='ocrx_word' id='word_1_270' title='bbox 353 2364 572 2401; x_wconf 87' lang='lat' dir='ltr'>coniecturae,</span> <span class='ocrx_word' id='word_1_271' title='bbox 609 2368 641 2392; x_wconf 92' lang='lat' dir='ltr'>ut</span> <span class='ocrx_word' id='word_1_272' title='bbox 662 2366 823 2397; x_wconf 84' lang='lat' dir='ltr'>cruenta,</span> <span class='ocrx_word' id='word_1_273' title='bbox 852 2368 881 2392; x_wconf 89' lang='lat' dir='ltr'>et</span> <span class='ocrx_word' id='word_1_274' title='bbox 909 2361 974 2399; x_wconf 58' lang='lat' dir='ltr'>Pl„</span> 
     </span>
     <span class='ocr_line' id='line_1_47' title="bbox 180 2407 975 2445; baseline 0 -6"><span class='ocrx_word' id='word_1_275' title='bbox 180 2419 277 2445; x_wconf 87' lang='grc'><strong>(11111111</strong></span> <span class='ocrx_word' id='word_1_276' title='bbox 298 2410 394 2438; x_wconf 88' lang='grc'><strong>0113111</strong></span> <span class='ocrx_word' id='word_1_277' title='bbox 421 2410 500 2438; x_wconf 85' lang='grc'><strong>1111111</strong></span> <span class='ocrx_word' id='word_1_278' title='bbox 525 2407 618 2438; x_wconf 85' lang='lat' dir='ltr'>intus</span> <span class='ocrx_word' id='word_1_279' title='bbox 635 2410 718 2437; x_wconf 86' lang='lat' dir='ltr'>satis</span> <span class='ocrx_word' id='word_1_280' title='bbox 734 2417 975 2444; x_wconf 86' lang='lat' dir='ltr'>supervacuum</span> 
     </span>
     <span class='ocr_line' id='line_1_48' title="bbox 180 2452 974 2495; baseline 0 -11"><span class='ocrx_word' id='word_1_281' title='bbox 180 2458 317 2491; x_wconf 77' lang='lat' dir='ltr'>liaberet,</span> <span class='ocrx_word' id='word_1_282' title='bbox 344 2456 474 2490; x_wconf 81' lang='lat' dir='ltr'>scripsit</span> <span class='ocrx_word' id='word_1_283' title='bbox 497 2453 647 2484; x_wconf 80' lang='lat' dir='ltr'>cruentis</span> <span class='ocrx_word' id='word_1_284' title='bbox 671 2452 830 2495; x_wconf 80' lang='lat' dir='ltr'>pinguis,</span> <span class='ocrx_word' id='word_1_285' title='bbox 850 2463 974 2494; x_wconf 80' lang='lat' dir='ltr'>opaca,</span> 
     </span>
     <span class='ocr_line' id='line_1_49' title="bbox 180 2498 975 2540; baseline -0.003 -10"><span class='ocrx_word' id='word_1_286' title='bbox 180 2502 219 2530; x_wconf 83' lang='lat' dir='ltr'>cf.</span> <span class='ocrx_word' id='word_1_287' title='bbox 252 2499 289 2539; x_wconf 79' lang='lat'>4,</span> <span class='ocrx_word' id='word_1_288' title='bbox 313 2499 373 2529; x_wconf 90' lang='grc'>201</span> <span class='ocrx_word' id='word_1_289' title='bbox 416 2498 656 2540; x_wconf 82' lang='lat' dir='ltr'>pecudumque</span> <span class='ocrx_word' id='word_1_290' title='bbox 693 2508 813 2529; x_wconf 85' lang='lat' dir='ltr'>cruore</span> <span class='ocrx_word' id='word_1_291' title='bbox 840 2498 975 2540; x_wconf 81' lang='lat' dir='ltr'>pingue</span> 
     </span>
     <span class='ocr_line' id='line_1_50' title="bbox 180 2545 975 2581; baseline -0.001 -6"><span class='ocrx_word' id='word_1_292' title='bbox 180 2545 303 2575; x_wconf 78' lang='lat' dir='ltr'>solum.</span> <span class='ocrx_word' id='word_1_293' title='bbox 360 2548 404 2575; x_wconf 79' lang='lat' dir='ltr'>At</span> <span class='ocrx_word' id='word_1_294' title='bbox 439 2547 557 2576; x_wconf 88' lang='lat' dir='ltr'>mutari</span> <span class='ocrx_word' id='word_1_295' title='bbox 590 2546 762 2581; x_wconf 79' lang='lat' dir='ltr'>quidquam</span> <span class='ocrx_word' id='word_1_296' title='bbox 797 2554 877 2580; x_wconf 86' lang='lat' dir='ltr'>opus</span> <span class='ocrx_word' id='word_1_297' title='bbox 911 2554 975 2574; x_wconf 90' lang='lat' dir='ltr'>non</span> 
     </span>
     <span class='ocr_line' id='line_1_51' title="bbox 182 2597 239 2620; baseline 0.018 -1"><span class='ocrx_word' id='word_1_298' title='bbox 182 2597 239 2620; x_wconf 86' lang='lat' dir='ltr'>est.</span> 
     </span>
    </p>

    <p class='ocr_par' dir='ltr' id='par_1_18' title="bbox 179 2635 971 2764">
     <span class='ocr_line' id='line_1_52' title="bbox 226 2635 971 2678; baseline 0 -13"><span class='ocrx_word' id='word_1_299' title='bbox 226 2635 300 2666; x_wconf 86' lang='grc'><strong>619.</strong></span> <span class='ocrx_word' id='word_1_300' title='bbox 328 2638 465 2673; x_wconf 79' lang='lat' dir='ltr'>Saepius</span> <span class='ocrx_word' id='word_1_301' title='bbox 506 2635 631 2678; x_wconf 78' lang='lat' dir='ltr'>ingens</span> <span class='ocrx_word' id='word_1_302' title='bbox 678 2636 773 2665; x_wconf 88' lang='lat' dir='ltr'>alteri</span> <span class='ocrx_word' id='word_1_303' title='bbox 812 2636 971 2666; x_wconf 78' lang='grc' dir='ltr'><strong>31110011νο</strong></span> 
     </span>
     <span class='ocr_line' id='line_1_53' title="bbox 179 2682 971 2720; baseline -0.001 -9"><span class='ocrx_word' id='word_1_304' title='bbox 179 2685 375 2713; x_wconf 75' lang='lat' dir='ltr'>subnectitur</span> <span class='ocrx_word' id='word_1_305' title='bbox 406 2684 445 2713; x_wconf 81' lang='lat' dir='ltr'>cf.</span> <span class='ocrx_word' id='word_1_306' title='bbox 478 2682 516 2720; x_wconf 88' lang='lat'>6,</span> <span class='ocrx_word' id='word_1_307' title='bbox 538 2682 613 2711; x_wconf 71' lang='lat'>283.</span> <span class='ocrx_word' id='word_1_308' title='bbox 669 2684 830 2717; x_wconf 90' lang='lat' dir='ltr'>Spelunca</span> <span class='ocrx_word' id='word_1_309' title='bbox 861 2683 971 2717; x_wconf 86' lang='lat' dir='ltr'>opaci-</span> 
     </span>
     <span class='ocr_line' id='line_1_54' title="bbox 179 2728 925 2764; baseline 0 -8"><span class='ocrx_word' id='word_1_310' title='bbox 179 2732 243 2757; x_wconf 83' lang='lat' dir='ltr'>tate</span> <span class='ocrx_word' id='word_1_311' title='bbox 268 2730 420 2758; x_wconf 75' lang='lat' dir='ltr'>terribilis</span> <span class='ocrx_word' id='word_1_312' title='bbox 445 2730 618 2758; x_wconf 88' lang='lat' dir='ltr'>terribilior</span> <span class='ocrx_word' id='word_1_313' title='bbox 642 2729 672 2757; x_wconf 89' lang='lat' dir='ltr'>fit</span> <span class='ocrx_word' id='word_1_314' title='bbox 696 2728 925 2764; x_wconf 79' lang='lat' dir='ltr'>magnitudine.</span> 
     </span>
    </p>

    <p class='ocr_par' dir='ltr' id='par_1_19' title="bbox 179 2771 969 2854">
     <span class='ocr_line' id='line_1_55' title="bbox 226 2771 969 2811; baseline 0.003 -10"><span class='ocrx_word' id='word_1_315' title='bbox 226 2771 300 2802; x_wconf 80' lang='lat'>621.</span> <span class='ocrx_word' id='word_1_316' title='bbox 333 2772 399 2803; x_wconf 71' lang='lat' dir='ltr'>Nec</span> <span class='ocrx_word' id='word_1_317' title='bbox 435 2773 511 2803; x_wconf 76' lang='lat' dir='ltr'>visu</span> <span class='ocrx_word' id='word_1_318' title='bbox 542 2771 683 2811; x_wconf 74' lang='lat' dir='ltr'>faciliS,</span> <span class='ocrx_word' id='word_1_319' title='bbox 719 2774 833 2809; x_wconf 84' lang='lat' dir='ltr'>„cuius</span> <span class='ocrx_word' id='word_1_320' title='bbox 868 2775 969 2808; x_wconf 85' lang='lat' dir='ltr'>possit</span> 
     </span>
     <span class='ocr_line' id='line_1_56' title="bbox 179 2817 920 2854; baseline 0 -7"><span class='ocrx_word' id='word_1_321' title='bbox 179 2820 274 2848; x_wconf 88' lang='lat' dir='ltr'>etiam</span> <span class='ocrx_word' id='word_1_322' title='bbox 295 2821 464 2854; x_wconf 81' lang='lat' dir='ltr'>adspectus</span> <span class='ocrx_word' id='word_1_323' title='bbox 485 2821 602 2849; x_wconf 85' lang='lat' dir='ltr'>inferre</span> <span class='ocrx_word' id='word_1_324' title='bbox 627 2817 860 2848; x_wconf 60' lang='lat' dir='ltr'>formidinemf&#39;-</span> <span class='ocrx_word' id='word_1_325' title='bbox 889 2821 920 2848; x_wconf 89' lang='lat' dir='ltr'>S.</span> 
     </span>
    </p>

    <p class='ocr_par' dir='ltr' id='par_1_20' title="bbox 179 2862 966 2948">
     <span class='ocr_line' id='line_1_57' title="bbox 226 2862 966 2905; baseline 0.001 -13"><span class='ocrx_word' id='word_1_326' title='bbox 226 2863 300 2893; x_wconf 91' lang='lat'>623.</span> <span class='ocrx_word' id='word_1_327' title='bbox 333 2862 413 2893; x_wconf 65' lang='lat' dir='ltr'>Vidi</span> <span class='ocrx_word' id='word_1_328' title='bbox 441 2869 575 2905; x_wconf 80' lang='lat' dir='ltr'>egomet</span> <span class='ocrx_word' id='word_1_329' title='bbox 602 2866 766 2901; x_wconf 86' lang='lat' dir='ltr'>emphasis</span> <span class='ocrx_word' id='word_1_330' title='bbox 793 2869 840 2894; x_wconf 84' lang='lat' dir='ltr'>est</span> <span class='ocrx_word' id='word_1_331' title='bbox 873 2865 911 2894; x_wconf 89' lang='lat' dir='ltr'>cf.</span> <span class='ocrx_word' id='word_1_332' title='bbox 936 2863 966 2902; x_wconf 85' lang='lat'>2,</span> 
     </span>
     <span class='ocr_line' id='line_1_58' title="bbox 179 2907 254 2948; baseline 0.013 -11"><span class='ocrx_word' id='word_1_333' title='bbox 179 2907 254 2948; x_wconf 68' lang='lat'>499.</span> 
     </span>
    </p>

    <p class='ocr_par' dir='ltr' id='par_1_21' title="bbox 226 2952 966 2995">
     <span class='ocr_line' id='line_1_59' title="bbox 226 2952 966 2995; baseline 0.004 -13"><span class='ocrx_word' id='word_1_334' title='bbox 226 2952 299 2984; x_wconf 73' lang='lat'>624.</span> <span class='ocrx_word' id='word_1_335' title='bbox 326 2953 528 2995; x_wconf 74' lang='lat' dir='ltr'>resupinus:</span> <span class='ocrx_word' id='word_1_336' title='bbox 582 2957 786 2993; x_wconf 83' lang='lat' dir='ltr'>„magnitudo</span> <span class='ocrx_word' id='word_1_337' title='bbox 835 2956 966 2986; x_wconf 84' lang='lat' dir='ltr'>virtutis</span> 
     </span>
    </p>
   </div>
   <div class='ocr_carea' id='block_1_7' title="bbox 179 3001 965 3037">
    <p class='ocr_par' dir='ltr' id='par_1_22' title="bbox 179 3001 965 3037">
     <span class='ocr_line' id='line_1_60' title="bbox 179 3001 965 3037; baseline 0.005 -9"><span class='ocrx_word' id='word_1_338' title='bbox 179 3001 394 3037; x_wconf 71' lang='lat' dir='ltr'>ostenditur-“3</span> <span class='ocrx_word' id='word_1_339' title='bbox 427 3003 458 3030; x_wconf 89' lang='lat' dir='ltr'>S.</span> <span class='ocrx_word' id='word_1_340' title='bbox 500 3004 580 3037; x_wconf 86' lang='lat' dir='ltr'>quod</span> <span class='ocrx_word' id='word_1_341' title='bbox 610 3010 675 3032; x_wconf 89' lang='lat' dir='ltr'>una</span> <span class='ocrx_word' id='word_1_342' title='bbox 698 3010 796 3032; x_wconf 88' lang='lat' dir='ltr'>manu</span> <span class='ocrx_word' id='word_1_343' title='bbox 819 3006 850 3031; x_wconf 84' lang='lat' dir='ltr'>et</span> <span class='ocrx_word' id='word_1_344' title='bbox 874 3011 965 3032; x_wconf 89' lang='lat' dir='ltr'>resu-</span> 
     </span>
    </p>
   </div>
   <div class='ocr_carea' id='block_1_8' title="bbox 1013 1124 1821 3031">
    <p class='ocr_par' dir='ltr' id='par_1_23' title="bbox 1025 1124 1817 1206">
     <span class='ocr_line' id='line_1_61' title="bbox 1025 1124 1817 1162; baseline -0.001 -7"><span class='ocrx_word' id='word_1_345' title='bbox 1025 1128 1120 1162; x_wconf 82' lang='lat' dir='ltr'>pinus</span> <span class='ocrx_word' id='word_1_346' title='bbox 1153 1130 1275 1156; x_wconf 82' lang='lat' dir='ltr'>cubans</span> <span class='ocrx_word' id='word_1_347' title='bbox 1314 1127 1356 1155; x_wconf 83' lang='lat' dir='ltr'>ad</span> <span class='ocrx_word' id='word_1_348' title='bbox 1391 1132 1477 1154; x_wconf 84' lang='lat' dir='ltr'>saxa</span> <span class='ocrx_word' id='word_1_349' title='bbox 1508 1124 1630 1161; x_wconf 81' lang='lat' dir='ltr'>frangit</span> <span class='ocrx_word' id='word_1_350' title='bbox 1660 1125 1817 1155; x_wconf 87' lang='lat' dir='ltr'>homines.</span> 
     </span>
     <span class='ocr_line' id='line_1_62' title="bbox 1025 1170 1749 1206; baseline -0.001 -5"><span class='ocrx_word' id='word_1_351' title='bbox 1025 1174 1078 1202; x_wconf 89' lang='lat' dir='ltr'>Sic</span> <span class='ocrx_word' id='word_1_352' title='bbox 1105 1170 1220 1201; x_wconf 81' lang='lat' dir='ltr'>iacens</span> <span class='ocrx_word' id='word_1_353' title='bbox 1246 1175 1325 1202; x_wconf 84' lang='grc'><strong>11300</strong></span> <span class='ocrx_word' id='word_1_354' title='bbox 1349 1172 1426 1201; x_wconf 81' lang='lat' dir='ltr'>facit</span> <span class='ocrx_word' id='word_1_355' title='bbox 1452 1179 1503 1206; x_wconf 86' lang='lat' dir='ltr'>ap.</span> <span class='ocrx_word' id='word_1_356' title='bbox 1530 1173 1588 1200; x_wconf 65' lang='grc' dir='ltr'><strong>ΟΥ.</strong></span> <span class='ocrx_word' id='word_1_357' title='bbox 1613 1179 1645 1200; x_wconf 81' lang='lat' dir='ltr'>v.</span> <span class='ocrx_word' id='word_1_358' title='bbox 1673 1170 1749 1200; x_wconf 71' lang='lat'>207.</span> 
     </span>
    </p>

    <p class='ocr_par' dir='ltr' id='par_1_24' title="bbox 1020 1213 1821 2174">
     <span class='ocr_line' id='line_1_63' title="bbox 1071 1213 1820 1252; baseline -0.003 -5"><span class='ocrx_word' id='word_1_359' title='bbox 1071 1217 1145 1247; x_wconf 75' lang='grc'><strong>625.</strong></span> <span class='ocrx_word' id='word_1_360' title='bbox 1179 1216 1313 1247; x_wconf 58' lang='lat' dir='ltr'>hatum</span> <span class='ocrx_word' id='word_1_361' title='bbox 1336 1215 1472 1252; x_wconf 78' lang='lat' dir='ltr'>limina,</span> <span class='ocrx_word' id='word_1_362' title='bbox 1499 1221 1530 1245; x_wconf 89' lang='lat' dir='ltr'>ut</span> <span class='ocrx_word' id='word_1_363' title='bbox 1555 1225 1615 1245; x_wconf 89' lang='lat' dir='ltr'>nos</span> <span class='ocrx_word' id='word_1_364' title='bbox 1640 1215 1697 1246; x_wconf 82' lang='lat' dir='ltr'>die</span> <span class='ocrx_word' id='word_1_365' title='bbox 1714 1213 1820 1246; x_wconf 82' lang='lat' dir='ltr'>Stube</span> 
     </span>
     <span class='ocr_line' id='line_1_64' title="bbox 1024 1259 1820 1303; baseline -0.004 -10"><span class='ocrx_word' id='word_1_366' title='bbox 1024 1262 1224 1294; x_wconf 83' lang='lat' dir='ltr'>schwimmt.</span> <span class='ocrx_word' id='word_1_367' title='bbox 1283 1266 1318 1293; x_wconf 88' lang='lat' dir='ltr'>G.</span> <span class='ocrx_word' id='word_1_368' title='bbox 1360 1262 1396 1300; x_wconf 84' lang='lat'>1,</span> <span class='ocrx_word' id='word_1_369' title='bbox 1429 1260 1493 1291; x_wconf 84' lang='grc'>372</span> <span class='ocrx_word' id='word_1_370' title='bbox 1542 1259 1668 1292; x_wconf 84' lang='lat' dir='ltr'>Omnia</span> <span class='ocrx_word' id='word_1_371' title='bbox 1706 1260 1820 1303; x_wconf 79' lang='lat' dir='ltr'>plenis</span> 
     </span>
     <span class='ocr_line' id='line_1_65' title="bbox 1023 1305 1819 1347; baseline -0.004 -8"><span class='ocrx_word' id='word_1_372' title='bbox 1023 1318 1107 1339; x_wconf 82' lang='lat' dir='ltr'>rura</span> <span class='ocrx_word' id='word_1_373' title='bbox 1146 1312 1273 1340; x_wconf 76' lang='lat' dir='ltr'>natant</span> <span class='ocrx_word' id='word_1_374' title='bbox 1308 1307 1426 1347; x_wconf 72' lang='lat' dir='ltr'>fossis.</span> <span class='ocrx_word' id='word_1_375' title='bbox 1493 1309 1559 1338; x_wconf 89' lang='lat' dir='ltr'>Cic.</span> <span class='ocrx_word' id='word_1_376' title='bbox 1591 1309 1676 1338; x_wconf 86' lang='lat' dir='ltr'>Phil.</span> <span class='ocrx_word' id='word_1_377' title='bbox 1713 1307 1748 1344; x_wconf 83' lang='grc'>2,</span> <span class='ocrx_word' id='word_1_378' title='bbox 1776 1305 1819 1336; x_wconf 80' lang='lat'>41</span> 
     </span>
     <span class='ocr_line' id='line_1_66' title="bbox 1027 1352 1821 1394; baseline -0.004 -9"><span class='ocrx_word' id='word_1_379' title='bbox 1027 1353 1208 1385; x_wconf 51' lang='lat' dir='ltr'>natabant</span> <span class='ocrx_word' id='word_1_380' title='bbox 1251 1353 1455 1394; x_wconf 79' lang='lat' dir='ltr'>pavimenta</span> <span class='ocrx_word' id='word_1_381' title='bbox 1496 1353 1595 1391; x_wconf 81' lang='lat' dir='ltr'>vino,</span> <span class='ocrx_word' id='word_1_382' title='bbox 1632 1352 1821 1384; x_wconf 75' lang='lat' dir='ltr'>madebant</span> 
     </span>
     <span class='ocr_line' id='line_1_67' title="bbox 1020 1398 1820 1441; baseline -0.001 -11"><span class='ocrx_word' id='word_1_383' title='bbox 1020 1401 1184 1441; x_wconf 79' lang='lat' dir='ltr'>parietes.</span> <span class='ocrx_word' id='word_1_384' title='bbox 1233 1403 1291 1430; x_wconf 83' lang='lat' dir='ltr'>Ov.</span> <span class='ocrx_word' id='word_1_385' title='bbox 1317 1403 1358 1429; x_wconf 85' lang='grc' dir='ltr'>Μ.</span> <span class='ocrx_word' id='word_1_386' title='bbox 1387 1398 1440 1437; x_wconf 84' lang='grc'>13,</span> <span class='ocrx_word' id='word_1_387' title='bbox 1465 1398 1528 1429; x_wconf 83' lang='grc'><strong>629</strong></span> <span class='ocrx_word' id='word_1_388' title='bbox 1563 1408 1712 1429; x_wconf 84' lang='lat' dir='ltr'>manans</span> <span class='ocrx_word' id='word_1_389' title='bbox 1739 1408 1820 1429; x_wconf 81' lang='lat' dir='ltr'>san-</span> 
     </span>
     <span class='ocr_line' id='line_1_68' title="bbox 1022 1444 1818 1486; baseline -0.001 -11"><span class='ocrx_word' id='word_1_390' title='bbox 1022 1445 1132 1486; x_wconf 78' lang='lat' dir='ltr'>guine</span> <span class='ocrx_word' id='word_1_391' title='bbox 1170 1452 1275 1476; x_wconf 80' lang='lat' dir='ltr'>terra.</span> <span class='ocrx_word' id='word_1_392' title='bbox 1330 1447 1437 1475; x_wconf 87' lang='lat' dir='ltr'>Simili</span> <span class='ocrx_word' id='word_1_393' title='bbox 1471 1449 1562 1476; x_wconf 88' lang='lat' dir='ltr'>modo</span> <span class='ocrx_word' id='word_1_394' title='bbox 1596 1448 1636 1475; x_wconf 82' lang='lat' dir='ltr'>A.</span> <span class='ocrx_word' id='word_1_395' title='bbox 1675 1444 1726 1483; x_wconf 83' lang='lat' dir='ltr'>lt,</span> <span class='ocrx_word' id='word_1_396' title='bbox 1755 1444 1818 1474; x_wconf 83' lang='grc'>382</span> 
     </span>
     <span class='ocr_line' id='line_1_69' title="bbox 1022 1490 1820 1533; baseline -0.001 -12"><span class='ocrx_word' id='word_1_397' title='bbox 1022 1490 1196 1521; x_wconf 80' lang='lat' dir='ltr'>inundant</span> <span class='ocrx_word' id='word_1_398' title='bbox 1222 1490 1399 1533; x_wconf 79' lang='lat' dir='ltr'>sauguine</span> <span class='ocrx_word' id='word_1_399' title='bbox 1416 1491 1549 1530; x_wconf 75' lang='lat' dir='ltr'>fossae.</span> <span class='ocrx_word' id='word_1_400' title='bbox 1599 1493 1652 1522; x_wconf 89' lang='lat' dir='ltr'>Sic</span> <span class='ocrx_word' id='word_1_401' title='bbox 1671 1494 1766 1521; x_wconf 90' lang='lat' dir='ltr'>Lucr.</span> <span class='ocrx_word' id='word_1_402' title='bbox 1788 1490 1820 1530; x_wconf 90' lang='grc'>6,</span> 
     </span>
     <span class='ocr_line' id='line_1_70' title="bbox 1023 1536 1820 1578; baseline 0.003 -13"><span class='ocrx_word' id='word_1_403' title='bbox 1023 1536 1097 1566; x_wconf 85' lang='grc'><strong>266.</strong></span> <span class='ocrx_word' id='word_1_404' title='bbox 1125 1536 1189 1565; x_wconf 74' lang='lat'>404</span> <span class='ocrx_word' id='word_1_405' title='bbox 1215 1546 1354 1578; x_wconf 82' lang='lat' dir='ltr'>campos</span> <span class='ocrx_word' id='word_1_406' title='bbox 1379 1542 1506 1567; x_wconf 80' lang='lat' dir='ltr'>natare</span> <span class='ocrx_word' id='word_1_407' title='bbox 1531 1539 1622 1574; x_wconf 84' lang='lat' dir='ltr'>dixit,</span> <span class='ocrx_word' id='word_1_408' title='bbox 1647 1539 1700 1572; x_wconf 81' lang='lat' dir='ltr'>qui</span> <span class='ocrx_word' id='word_1_409' title='bbox 1725 1539 1820 1573; x_wconf 82' lang='lat' dir='ltr'>aquis</span> 
     </span>
     <span class='ocr_line' id='line_1_71' title="bbox 1022 1580 1820 1622; baseline 0.001 -10"><span class='ocrx_word' id='word_1_410' title='bbox 1022 1588 1177 1620; x_wconf 84' lang='lat' dir='ltr'>teguntur.</span> <span class='ocrx_word' id='word_1_411' title='bbox 1213 1598 1250 1602; x_wconf 91' lang='lat'>—</span> <span class='ocrx_word' id='word_1_412' title='bbox 1288 1580 1512 1622; x_wconf 65' lang='lat' dir='ltr'>„Exspffl-sa:</span> <span class='ocrx_word' id='word_1_413' title='bbox 1544 1587 1624 1614; x_wconf 87' lang='lat' dir='ltr'>haec</span> <span class='ocrx_word' id='word_1_414' title='bbox 1651 1584 1709 1613; x_wconf 85' lang='lat' dir='ltr'>fuit</span> <span class='ocrx_word' id='word_1_415' title='bbox 1739 1591 1820 1614; x_wconf 81' lang='lat' dir='ltr'>vera</span> 
     </span>
     <span class='ocr_line' id='line_1_72' title="bbox 1022 1629 1820 1665; baseline 0.003 -8"><span class='ocrx_word' id='word_1_416' title='bbox 1022 1630 1115 1658; x_wconf 81' lang='lat' dir='ltr'>lectio</span> <span class='ocrx_word' id='word_1_417' title='bbox 1146 1630 1166 1657; x_wconf 91' lang='lat' dir='ltr'>i.</span> <span class='ocrx_word' id='word_1_418' title='bbox 1193 1638 1219 1657; x_wconf 87' lang='lat' dir='ltr'>e.</span> <span class='ocrx_word' id='word_1_419' title='bbox 1247 1629 1434 1658; x_wconf 83' lang='lat' dir='ltr'>madefacta.</span> <span class='ocrx_word' id='word_1_420' title='bbox 1486 1629 1604 1664; x_wconf 83' lang='lat' dir='ltr'>(quue</span> <span class='ocrx_word' id='word_1_421' title='bbox 1632 1635 1820 1665; x_wconf 84' lang='lat' dir='ltr'>receperunt</span> 
     </span>
     <span class='ocr_line' id='line_1_73' title="bbox 1024 1672 1819 1715; baseline 0.001 -12"><span class='ocrx_word' id='word_1_422' title='bbox 1024 1672 1095 1703; x_wconf 87' lang='lat' dir='ltr'>Hn.</span> <span class='ocrx_word' id='word_1_423' title='bbox 1128 1672 1212 1714; x_wconf 75' lang='lat' dir='ltr'>Wg.</span> <span class='ocrx_word' id='word_1_424' title='bbox 1242 1672 1325 1710; x_wconf 77' lang='lat' dir='ltr'>Hb.)</span> <span class='ocrx_word' id='word_1_425' title='bbox 1364 1677 1444 1703; x_wconf 79' lang='lat' dir='ltr'>Nam</span> <span class='ocrx_word' id='word_1_426' title='bbox 1468 1675 1497 1703; x_wconf 89' lang='lat' dir='ltr'>si</span> <span class='ocrx_word' id='word_1_427' title='bbox 1523 1674 1691 1715; x_wconf 76' lang='lat' dir='ltr'>adspersa</span> <span class='ocrx_word' id='word_1_428' title='bbox 1717 1675 1819 1710; x_wconf 84' lang='lat' dir='ltr'>(quod</span> 
     </span>
     <span class='ocr_line' id='line_1_74' title="bbox 1023 1717 1818 1758; baseline 0.003 -9"><span class='ocrx_word' id='word_1_429' title='bbox 1023 1726 1071 1749; x_wconf 87' lang='lat' dir='ltr'>est</span> <span class='ocrx_word' id='word_1_430' title='bbox 1096 1721 1165 1749; x_wconf 80' lang='lat' dir='ltr'>MP.</span> <span class='ocrx_word' id='word_1_431' title='bbox 1192 1729 1253 1749; x_wconf 85' lang='lat' dir='ltr'>rec.</span> <span class='ocrx_word' id='word_1_432' title='bbox 1283 1717 1369 1756; x_wconf 67' lang='lat' dir='ltr'>LA.)</span> <span class='ocrx_word' id='word_1_433' title='bbox 1405 1721 1528 1750; x_wconf 81' lang='lat' dir='ltr'>dixeris</span> <span class='ocrx_word' id='word_1_434' title='bbox 1563 1721 1583 1750; x_wconf 90' lang='lat' dir='ltr'>i.</span> <span class='ocrx_word' id='word_1_435' title='bbox 1611 1730 1637 1750; x_wconf 85' lang='lat' dir='ltr'>e.</span> <span class='ocrx_word' id='word_1_436' title='bbox 1671 1722 1818 1758; x_wconf 84' lang='lat' dir='ltr'>irrorata,</span> 
     </span>
     <span class='ocr_line' id='line_1_75' title="bbox 1023 1766 1818 1803; baseline 0.001 -8"><span class='ocrx_word' id='word_1_437' title='bbox 1023 1766 1182 1801; x_wconf 85' lang='lat' dir='ltr'>tapinosis</span> <span class='ocrx_word' id='word_1_438' title='bbox 1209 1771 1237 1795; x_wconf 90' lang='lat' dir='ltr'>et</span> <span class='ocrx_word' id='word_1_439' title='bbox 1264 1768 1438 1801; x_wconf 66' lang='lat' dir='ltr'>hyperbole</span> <span class='ocrx_word' id='word_1_440' title='bbox 1467 1767 1723 1803; x_wconf 70' lang='lat' dir='ltr'>iung1111111r.“S.</span> <span class='ocrx_word' id='word_1_441' title='bbox 1758 1769 1818 1797; x_wconf 89' lang='lat' dir='ltr'>Sed</span> 
     </span>
     <span class='ocr_line' id='line_1_76' title="bbox 1023 1812 1817 1852; baseline 0.004 -12"><span class='ocrx_word' id='word_1_442' title='bbox 1023 1813 1114 1840; x_wconf 86' lang='lat' dir='ltr'>illius</span> <span class='ocrx_word' id='word_1_443' title='bbox 1139 1812 1384 1848; x_wconf 72' lang='lat' dir='ltr'>significationis</span> <span class='ocrx_word' id='word_1_444' title='bbox 1402 1821 1432 1841; x_wconf 82' lang='lat' dir='ltr'>v.</span> <span class='ocrx_word' id='word_1_445' title='bbox 1452 1821 1615 1852; x_wconf 62' lang='lat' dir='ltr'>exspersit</span> <span class='ocrx_word' id='word_1_446' title='bbox 1634 1816 1817 1849; x_wconf 88' lang='lat' dir='ltr'>exemplum</span> 
     </span>
     <span class='ocr_line' id='line_1_77' title="bbox 1024 1857 1819 1893; baseline 0.003 -7"><span class='ocrx_word' id='word_1_447' title='bbox 1024 1863 1148 1893; x_wconf 87' lang='lat' dir='ltr'>praeter</span> <span class='ocrx_word' id='word_1_448' title='bbox 1180 1861 1264 1887; x_wconf 89' lang='lat' dir='ltr'>hunc</span> <span class='ocrx_word' id='word_1_449' title='bbox 1296 1860 1400 1887; x_wconf 86' lang='lat' dir='ltr'>locum</span> <span class='ocrx_word' id='word_1_450' title='bbox 1431 1866 1494 1887; x_wconf 91' lang='lat' dir='ltr'>non</span> <span class='ocrx_word' id='word_1_451' title='bbox 1527 1860 1692 1893; x_wconf 88' lang='lat' dir='ltr'>reperitur.</span> <span class='ocrx_word' id='word_1_452' title='bbox 1745 1857 1819 1888; x_wconf 74' lang='lat' dir='ltr'>Ex—</span> 
     </span>
     <span class='ocr_line' id='line_1_78' title="bbox 1024 1904 1820 1943; baseline 0.003 -11"><span class='ocrx_word' id='word_1_453' title='bbox 1024 1912 1178 1943; x_wconf 84' lang='lat' dir='ltr'>spcrsum</span> <span class='ocrx_word' id='word_1_454' title='bbox 1220 1907 1385 1933; x_wconf 84' lang='lat' dir='ltr'>cerebrum</span> <span class='ocrx_word' id='word_1_455' title='bbox 1422 1904 1519 1933; x_wconf 83' lang='lat' dir='ltr'>facile</span> <span class='ocrx_word' id='word_1_456' title='bbox 1559 1905 1752 1942; x_wconf 82' lang='lat' dir='ltr'>intelligitur</span> <span class='ocrx_word' id='word_1_457' title='bbox 1789 1909 1820 1935; x_wconf 84' lang='lat' dir='ltr'>et</span> 
     </span>
     <span class='ocr_line' id='line_1_79' title="bbox 1023 1950 1818 1990; baseline 0.003 -12"><span class='ocrx_word' id='word_1_458' title='bbox 1023 1952 1175 1985; x_wconf 85' lang='lat' dir='ltr'>probatur</span> <span class='ocrx_word' id='word_1_459' title='bbox 1194 1951 1369 1986; x_wconf 84' lang='lat' dir='ltr'>exemplis,</span> <span class='ocrx_word' id='word_1_460' title='bbox 1399 1959 1463 1979; x_wconf 90' lang='lat' dir='ltr'>non</span> <span class='ocrx_word' id='word_1_461' title='bbox 1488 1950 1533 1979; x_wconf 84' lang='lat' dir='ltr'>ita</span> <span class='ocrx_word' id='word_1_462' title='bbox 1560 1958 1741 1990; x_wconf 76' lang='lat' dir='ltr'>exspersus</span> <span class='ocrx_word' id='word_1_463' title='bbox 1762 1959 1818 1986; x_wconf 86' lang='lat' dir='ltr'>pro</span> 
     </span>
     <span class='ocr_line' id='line_1_80' title="bbox 1023 1998 1819 2036; baseline 0.003 -12"><span class='ocrx_word' id='word_1_464' title='bbox 1023 2003 1238 2034; x_wconf 80' lang='lat' dir='ltr'>conspersus.</span> <span class='ocrx_word' id='word_1_465' title='bbox 1309 1998 1346 2024; x_wconf 88' lang='lat' dir='ltr'>Et</span> <span class='ocrx_word' id='word_1_466' title='bbox 1391 2004 1552 2036; x_wconf 68' lang='lat' dir='ltr'>erspcrsa</span> <span class='ocrx_word' id='word_1_467' title='bbox 1598 1998 1734 2026; x_wconf 83' lang='lat' dir='ltr'>Servius</span> <span class='ocrx_word' id='word_1_468' title='bbox 1776 2006 1819 2026; x_wconf 85' lang='lat' dir='ltr'>ex</span> 
     </span>
     <span class='ocr_line' id='line_1_81' title="bbox 1022 2039 1820 2081; baseline 0.003 -11"><span class='ocrx_word' id='word_1_469' title='bbox 1022 2049 1084 2070; x_wconf 85' lang='lat' dir='ltr'>sua</span> <span class='ocrx_word' id='word_1_470' title='bbox 1100 2042 1260 2076; x_wconf 84' lang='lat' dir='ltr'>opinione,</span> <span class='ocrx_word' id='word_1_471' title='bbox 1271 2049 1334 2076; x_wconf 89' lang='lat' dir='ltr'>qua</span> <span class='ocrx_word' id='word_1_472' title='bbox 1351 2039 1519 2081; x_wconf 76' lang='lat' dir='ltr'>adspersa</span> <span class='ocrx_word' id='word_1_473' title='bbox 1540 2043 1702 2077; x_wconf 79' lang='lat' dir='ltr'>tapinosin</span> <span class='ocrx_word' id='word_1_474' title='bbox 1721 2043 1820 2072; x_wconf 81' lang='lat' dir='ltr'>sumit</span> 
     </span>
     <span class='ocr_line' id='line_1_82' title="bbox 1022 2088 1817 2121; baseline 0.003 -5"><span class='ocrx_word' id='word_1_475' title='bbox 1022 2096 1113 2121; x_wconf 81' lang='lat' dir='ltr'>esse,</span> <span class='ocrx_word' id='word_1_476' title='bbox 1147 2088 1273 2116; x_wconf 78' lang='lat' dir='ltr'>videtur</span> <span class='ocrx_word' id='word_1_477' title='bbox 1297 2088 1441 2117; x_wconf 82' lang='lat' dir='ltr'>finxisse.</span> <span class='ocrx_word' id='word_1_478' title='bbox 1490 2088 1594 2121; x_wconf 81' lang='lat' dir='ltr'>Quare</span> <span class='ocrx_word' id='word_1_479' title='bbox 1617 2089 1817 2118; x_wconf 86' lang='lat' dir='ltr'>retinendum</span> 
     </span>
     <span class='ocr_line' id='line_1_83' title="bbox 1020 2131 1273 2174; baseline -0.004 -12"><span class='ocrx_word' id='word_1_480' title='bbox 1020 2138 1070 2162; x_wconf 82' lang='lat' dir='ltr'>est</span> <span class='ocrx_word' id='word_1_481' title='bbox 1094 2131 1273 2174; x_wconf 79' lang='lat' dir='ltr'>adspersa.</span> 
     </span>
    </p>

    <p class='ocr_par' dir='ltr' id='par_1_25' title="bbox 1014 2176 1819 2856">
     <span class='ocr_line' id='line_1_84' title="bbox 1070 2176 1817 2219; baseline 0.001 -12"><span class='ocrx_word' id='word_1_482' title='bbox 1070 2177 1145 2208; x_wconf 82' lang='lat'>627.</span> <span class='ocrx_word' id='word_1_483' title='bbox 1172 2177 1302 2219; x_wconf 78' lang='lat' dir='ltr'>tepidi3</span> <span class='ocrx_word' id='word_1_484' title='bbox 1323 2179 1462 2215; x_wconf 86' lang='lat' dir='ltr'>„Melius</span> <span class='ocrx_word' id='word_1_485' title='bbox 1479 2176 1588 2218; x_wconf 80' lang='lat' dir='ltr'>tepidi</span> <span class='ocrx_word' id='word_1_486' title='bbox 1606 2179 1673 2214; x_wconf 82' lang='lat' dir='ltr'>[sic</span> <span class='ocrx_word' id='word_1_487' title='bbox 1690 2177 1817 2217; x_wconf 84' lang='lat' dir='ltr'>M2P1]</span> 
     </span>
     <span class='ocr_line' id='line_1_85' title="bbox 1021 2223 1818 2265; baseline 0.003 -11"><span class='ocrx_word' id='word_1_488' title='bbox 1021 2226 1116 2260; x_wconf 86' lang='lat' dir='ltr'>quasi</span> <span class='ocrx_word' id='word_1_489' title='bbox 1152 2227 1256 2254; x_wconf 88' lang='lat' dir='ltr'>adhuc</span> <span class='ocrx_word' id='word_1_490' title='bbox 1294 2225 1386 2261; x_wconf 70' lang='lat' dir='ltr'>vivi,</span> <span class='ocrx_word' id='word_1_491' title='bbox 1436 2232 1533 2259; x_wconf 85' lang='lat' dir='ltr'>quam</span> <span class='ocrx_word' id='word_1_492' title='bbox 1575 2223 1704 2265; x_wconf 81' lang='lat' dir='ltr'>trepidi</span> <span class='ocrx_word' id='word_1_493' title='bbox 1749 2226 1818 2261; x_wconf 88' lang='lat' dir='ltr'>(sic</span> 
     </span>
     <span class='ocr_line' id='line_1_86' title="bbox 1022 2268 1818 2301; baseline 0.001 -1"><span class='ocrx_word' id='word_1_494' title='bbox 1022 2268 1129 2300; x_wconf 83' lang='grc' dir='ltr'><strong>ΜΙΡ2</strong></span> <span class='ocrx_word' id='word_1_495' title='bbox 1155 2279 1218 2300; x_wconf 88' lang='grc'><strong>300.</strong></span> <span class='ocrx_word' id='word_1_496' title='bbox 1240 2268 1303 2299; x_wconf 81' lang='lat' dir='ltr'>Rb.</span> <span class='ocrx_word' id='word_1_497' title='bbox 1327 2272 1374 2299; x_wconf 89' lang='lat' dir='ltr'>De</span> <span class='ocrx_word' id='word_1_498' title='bbox 1395 2270 1511 2299; x_wconf 89' lang='lat' dir='ltr'>ceteris</span> <span class='ocrx_word' id='word_1_499' title='bbox 1531 2273 1611 2300; x_wconf 86' lang='lat' dir='ltr'>Mss.</span> <span class='ocrx_word' id='word_1_500' title='bbox 1636 2272 1718 2300; x_wconf 85' lang='lat' dir='ltr'>nihil</span> <span class='ocrx_word' id='word_1_501' title='bbox 1741 2280 1818 2301; x_wconf 87' lang='lat' dir='ltr'>con-</span> 
     </span>
     <span class='ocr_line' id='line_1_87' title="bbox 1023 2316 1815 2352; baseline 0.003 -7"><span class='ocrx_word' id='word_1_502' title='bbox 1023 2317 1107 2352; x_wconf 85' lang='lat' dir='ltr'>stat]</span> <span class='ocrx_word' id='word_1_503' title='bbox 1138 2317 1158 2345; x_wconf 88' lang='lat' dir='ltr'>i.</span> <span class='ocrx_word' id='word_1_504' title='bbox 1186 2325 1212 2345; x_wconf 88' lang='lat' dir='ltr'>e.</span> <span class='ocrx_word' id='word_1_505' title='bbox 1237 2321 1422 2352; x_wconf 79' lang='lat' dir='ltr'>trementeS,</span> <span class='ocrx_word' id='word_1_506' title='bbox 1464 2324 1503 2345; x_wconf 90' lang='lat' dir='ltr'>ne</span> <span class='ocrx_word' id='word_1_507' title='bbox 1528 2317 1567 2345; x_wconf 86' lang='lat' dir='ltr'>sit</span> <span class='ocrx_word' id='word_1_508' title='bbox 1596 2316 1755 2346; x_wconf 80' lang='lat' dir='ltr'>iteratio.“</span> <span class='ocrx_word' id='word_1_509' title='bbox 1783 2320 1815 2347; x_wconf 93' lang='lat' dir='ltr'>S.</span> 
     </span>
     <span class='ocr_line' id='line_1_88' title="bbox 1022 2361 1819 2401; baseline 0.004 -11"><span class='ocrx_word' id='word_1_510' title='bbox 1022 2364 1131 2397; x_wconf 79' lang='lat' dir='ltr'>Neque</span> <span class='ocrx_word' id='word_1_511' title='bbox 1154 2367 1261 2391; x_wconf 83' lang='lat' dir='ltr'>tamen</span> <span class='ocrx_word' id='word_1_512' title='bbox 1287 2364 1346 2391; x_wconf 86' lang='lat' dir='ltr'>hoc</span> <span class='ocrx_word' id='word_1_513' title='bbox 1370 2363 1544 2391; x_wconf 83' lang='lat' dir='ltr'>absurdum</span> <span class='ocrx_word' id='word_1_514' title='bbox 1576 2363 1614 2392; x_wconf 83' lang='lat' dir='ltr'>cs.</span> <span class='ocrx_word' id='word_1_515' title='bbox 1643 2362 1672 2401; x_wconf 83' lang='lat'>4,</span> <span class='ocrx_word' id='word_1_516' title='bbox 1698 2361 1750 2392; x_wconf 85' lang='lat'>22.</span> <span class='ocrx_word' id='word_1_517' title='bbox 1787 2368 1819 2393; x_wconf 83' lang='lat' dir='ltr'>et</span> 
     </span>
     <span class='ocr_line' id='line_1_89' title="bbox 1022 2405 1817 2443; baseline 0.004 -7"><span class='ocrx_word' id='word_1_518' title='bbox 1022 2409 1127 2443; x_wconf 85' lang='lat' dir='ltr'>ipsam</span> <span class='ocrx_word' id='word_1_519' title='bbox 1159 2408 1359 2437; x_wconf 80' lang='lat' dir='ltr'>iterationem</span> <span class='ocrx_word' id='word_1_520' title='bbox 1390 2409 1524 2436; x_wconf 85' lang='lat' dir='ltr'>laudant</span> <span class='ocrx_word' id='word_1_521' title='bbox 1552 2405 1639 2438; x_wconf 72' lang='lat' dir='ltr'>ch.</span> <span class='ocrx_word' id='word_1_522' title='bbox 1672 2406 1734 2439; x_wconf 83' lang='lat' dir='ltr'>Ld.</span> <span class='ocrx_word' id='word_1_523' title='bbox 1782 2411 1817 2439; x_wconf 86' lang='lat' dir='ltr'>Is</span> 
     </span>
     <span class='ocr_line' id='line_1_90' title="bbox 1021 2451 1816 2493; baseline 0.003 -10"><span class='ocrx_word' id='word_1_524' title='bbox 1021 2451 1132 2493; x_wconf 80' lang='lat' dir='ltr'>tepidi</span> <span class='ocrx_word' id='word_1_525' title='bbox 1161 2454 1335 2491; x_wconf 86' lang='lat' dir='ltr'>improbat,</span> <span class='ocrx_word' id='word_1_526' title='bbox 1374 2455 1456 2488; x_wconf 88' lang='lat' dir='ltr'>qnod</span> <span class='ocrx_word' id='word_1_527' title='bbox 1488 2458 1620 2489; x_wconf 87' lang='lat' dir='ltr'>nequeat</span> <span class='ocrx_word' id='word_1_528' title='bbox 1649 2455 1682 2484; x_wconf 90' lang='lat' dir='ltr'>id</span> <span class='ocrx_word' id='word_1_529' title='bbox 1707 2456 1816 2485; x_wconf 86' lang='lat' dir='ltr'>Ache-</span> 
     </span>
     <span class='ocr_line' id='line_1_91' title="bbox 1024 2497 1817 2541; baseline 0.004 -13"><span class='ocrx_word' id='word_1_530' title='bbox 1024 2499 1166 2528; x_wconf 86' lang='lat' dir='ltr'>menides</span> <span class='ocrx_word' id='word_1_531' title='bbox 1203 2501 1325 2541; x_wconf 64' lang='lat' dir='ltr'>yidere.</span> <span class='ocrx_word' id='word_1_532' title='bbox 1388 2500 1441 2528; x_wconf 80' lang='lat' dir='ltr'>At.</span> <span class='ocrx_word' id='word_1_533' title='bbox 1474 2500 1503 2528; x_wconf 93' lang='lat' dir='ltr'>si</span> <span class='ocrx_word' id='word_1_534' title='bbox 1541 2497 1674 2540; x_wconf 87' lang='lat' dir='ltr'>tepidos</span> <span class='ocrx_word' id='word_1_535' title='bbox 1706 2502 1817 2531; x_wconf 73' lang='lat' dir='ltr'>videre</span> 
     </span>
     <span class='ocr_line' id='line_1_92' title="bbox 1021 2543 1815 2586; baseline 0.003 -13"><span class='ocrx_word' id='word_1_536' title='bbox 1021 2553 1085 2574; x_wconf 87' lang='lat' dir='ltr'>non</span> <span class='ocrx_word' id='word_1_537' title='bbox 1110 2546 1226 2581; x_wconf 87' lang='lat' dir='ltr'>potuit,</span> <span class='ocrx_word' id='word_1_538' title='bbox 1260 2554 1321 2574; x_wconf 89' lang='lat' dir='ltr'>non</span> <span class='ocrx_word' id='word_1_539' title='bbox 1348 2546 1447 2581; x_wconf 83' lang='lat' dir='ltr'>potuit</span> <span class='ocrx_word' id='word_1_540' title='bbox 1475 2543 1636 2584; x_wconf 83' lang='lat' dir='ltr'>trepidos.</span> <span class='ocrx_word' id='word_1_541' title='bbox 1691 2544 1815 2586; x_wconf 59' lang='lat' dir='ltr'>&#39;lt-pisti</span> 
     </span>
     <span class='ocr_line' id='line_1_93' title="bbox 1020 2588 1816 2631; baseline 0.003 -12"><span class='ocrx_word' id='word_1_542' title='bbox 1020 2600 1081 2620; x_wconf 87' lang='lat' dir='ltr'>rec.</span> <span class='ocrx_word' id='word_1_543' title='bbox 1114 2589 1198 2631; x_wconf 76' lang='lat' dir='ltr'>Wg.</span> <span class='ocrx_word' id='word_1_544' title='bbox 1221 2588 1283 2619; x_wconf 75' lang='grc' dir='ltr'><strong>ΠΙ).</strong></span> <span class='ocrx_word' id='word_1_545' title='bbox 1327 2589 1455 2631; x_wconf 75' lang='lat' dir='ltr'>trepidi</span> <span class='ocrx_word' id='word_1_546' title='bbox 1479 2600 1540 2620; x_wconf 89' lang='lat' dir='ltr'>rec.</span> <span class='ocrx_word' id='word_1_547' title='bbox 1562 2588 1624 2619; x_wconf 46' lang='lat' dir='ltr'>H...</span> <span class='ocrx_word' id='word_1_548' title='bbox 1648 2589 1687 2620; x_wconf 89' lang='lat' dir='ltr'>Pl</span> <span class='ocrx_word' id='word_1_549' title='bbox 1734 2594 1816 2621; x_wconf 88' lang='lat' dir='ltr'>Pos—</span> 
     </span>
     <span class='ocr_line' id='line_1_94' title="bbox 1020 2637 1814 2672; baseline 0.001 -7"><span class='ocrx_word' id='word_1_550' title='bbox 1020 2641 1096 2665; x_wconf 82' lang='lat' dir='ltr'>sunt</span> <span class='ocrx_word' id='word_1_551' title='bbox 1123 2637 1234 2671; x_wconf 90' lang='lat' dir='ltr'>aliqua</span> <span class='ocrx_word' id='word_1_552' title='bbox 1257 2637 1319 2666; x_wconf 87' lang='lat' dir='ltr'>dici</span> <span class='ocrx_word' id='word_1_553' title='bbox 1344 2638 1378 2665; x_wconf 90' lang='lat' dir='ltr'>in</span> <span class='ocrx_word' id='word_1_554' title='bbox 1403 2641 1570 2671; x_wconf 80' lang='lat' dir='ltr'>utramque</span> <span class='ocrx_word' id='word_1_555' title='bbox 1597 2641 1726 2672; x_wconf 84' lang='lat' dir='ltr'>partem.</span> <span class='ocrx_word' id='word_1_556' title='bbox 1766 2638 1814 2666; x_wconf 84' lang='lat' dir='ltr'>De</span> 
     </span>
     <span class='ocr_line' id='line_1_95' title="bbox 1018 2679 1810 2720; baseline 0 -10"><span class='ocrx_word' id='word_1_557' title='bbox 1018 2683 1111 2711; x_wconf 82' lang='lat' dir='ltr'>libris</span> <span class='ocrx_word' id='word_1_558' title='bbox 1135 2691 1198 2711; x_wconf 91' lang='lat' dir='ltr'>non</span> <span class='ocrx_word' id='word_1_559' title='bbox 1221 2687 1353 2712; x_wconf 90' lang='lat' dir='ltr'>constat.</span> <span class='ocrx_word' id='word_1_560' title='bbox 1383 2698 1420 2702; x_wconf 87' lang='lat'>—-</span> <span class='ocrx_word' id='word_1_561' title='bbox 1439 2684 1492 2711; x_wconf 83' lang='lat' dir='ltr'>Ad</span> <span class='ocrx_word' id='word_1_562' title='bbox 1505 2691 1571 2711; x_wconf 89' lang='lat' dir='ltr'>rem</span> <span class='ocrx_word' id='word_1_563' title='bbox 1585 2679 1810 2720; x_wconf 80' lang='lat' dir='ltr'>cf.ov.M.14‚</span> 
     </span>
     <span class='ocr_line' id='line_1_96' title="bbox 1021 2725 1813 2768; baseline 0 -12"><span class='ocrx_word' id='word_1_564' title='bbox 1021 2726 1082 2756; x_wconf 84' lang='grc'>196</span> <span class='ocrx_word' id='word_1_565' title='bbox 1122 2725 1199 2756; x_wconf 83' lang='lat' dir='ltr'>elisi</span> <span class='ocrx_word' id='word_1_566' title='bbox 1229 2726 1402 2768; x_wconf 80' lang='lat' dir='ltr'>trepident</span> <span class='ocrx_word' id='word_1_567' title='bbox 1429 2727 1489 2757; x_wconf 88' lang='lat' dir='ltr'>sub</span> <span class='ocrx_word' id='word_1_568' title='bbox 1520 2725 1679 2757; x_wconf 80' lang='lat' dir='ltr'>dentibus</span> <span class='ocrx_word' id='word_1_569' title='bbox 1703 2730 1813 2757; x_wconf 84' lang='lat' dir='ltr'>artus.</span> 
     </span>
     <span class='ocr_line' id='line_1_97' title="bbox 1018 2774 1812 2810; baseline 0 -8"><span class='ocrx_word' id='word_1_570' title='bbox 1018 2790 1054 2793; x_wconf 97' lang='lat'><strong>—</strong></span> <span class='ocrx_word' id='word_1_571' title='bbox 1083 2775 1187 2803; x_wconf 87' lang='lat' dir='ltr'>Plena</span> <span class='ocrx_word' id='word_1_572' title='bbox 1211 2779 1284 2803; x_wconf 88' lang='lat' dir='ltr'>sunt</span> <span class='ocrx_word' id='word_1_573' title='bbox 1310 2777 1389 2804; x_wconf 85' lang='lat' dir='ltr'>haec</span> <span class='ocrx_word' id='word_1_574' title='bbox 1414 2774 1560 2810; x_wconf 87' lang='lat' dir='ltr'>terroris,</span> <span class='ocrx_word' id='word_1_575' title='bbox 1598 2774 1652 2802; x_wconf 84' lang='lat' dir='ltr'>sed</span> <span class='ocrx_word' id='word_1_576' title='bbox 1681 2774 1721 2802; x_wconf 87' lang='lat' dir='ltr'>ad</span> <span class='ocrx_word' id='word_1_577' title='bbox 1746 2774 1812 2802; x_wconf 88' lang='lat' dir='ltr'>Po-</span> 
     </span>
     <span class='ocr_line' id='line_1_98' title="bbox 1014 2820 1624 2856; baseline -0.002 -8"><span class='ocrx_word' id='word_1_578' title='bbox 1014 2821 1158 2856; x_wconf 72' lang='lat' dir='ltr'>lyphemi</span> <span class='ocrx_word' id='word_1_579' title='bbox 1185 2821 1383 2849; x_wconf 87' lang='lat' dir='ltr'>atrocitatem</span> <span class='ocrx_word' id='word_1_580' title='bbox 1409 2820 1624 2850; x_wconf 86' lang='lat' dir='ltr'>accomodata.</span> 
     </span>
    </p>

    <p class='ocr_par' dir='ltr' id='par_1_26' title="bbox 1013 2863 1813 2996">
     <span class='ocr_line' id='line_1_99' title="bbox 1061 2863 1813 2905; baseline 0.001 -13"><span class='ocrx_word' id='word_1_581' title='bbox 1061 2863 1136 2894; x_wconf 75' lang='lat'>628.</span> <span class='ocrx_word' id='word_1_582' title='bbox 1162 2873 1224 2894; x_wconf 88' lang='lat' dir='ltr'>nec</span> <span class='ocrx_word' id='word_1_583' title='bbox 1251 2863 1342 2894; x_wconf 81' lang='lat' dir='ltr'>talia</span> <span class='ocrx_word' id='word_1_584' title='bbox 1364 2873 1491 2905; x_wconf 86' lang='lat' dir='ltr'>passus</span> <span class='ocrx_word' id='word_1_585' title='bbox 1511 2865 1530 2892; x_wconf 95' lang='lat' dir='ltr'>i.</span> <span class='ocrx_word' id='word_1_586' title='bbox 1547 2872 1574 2893; x_wconf 89' lang='lat' dir='ltr'>e.</span> <span class='ocrx_word' id='word_1_587' title='bbox 1600 2872 1662 2892; x_wconf 90' lang='lat' dir='ltr'>non</span> <span class='ocrx_word' id='word_1_588' title='bbox 1689 2865 1813 2900; x_wconf 84' lang='lat' dir='ltr'>patien-</span> 
     </span>
     <span class='ocr_line' id='line_1_100' title="bbox 1014 2907 1810 2950; baseline 0.001 -11"><span class='ocrx_word' id='word_1_589' title='bbox 1014 2915 1060 2939; x_wconf 85' lang='lat' dir='ltr'>ter</span> <span class='ocrx_word' id='word_1_590' title='bbox 1084 2912 1164 2939; x_wconf 89' lang='lat' dir='ltr'>tulit.</span> <span class='ocrx_word' id='word_1_591' title='bbox 1215 2911 1260 2940; x_wconf 83' lang='lat' dir='ltr'>Cf.</span> <span class='ocrx_word' id='word_1_592' title='bbox 1294 2912 1369 2940; x_wconf 86' lang='lat' dir='ltr'>Hor.</span> <span class='ocrx_word' id='word_1_593' title='bbox 1397 2911 1431 2939; x_wconf 89' lang='lat' dir='ltr'>C.</span> <span class='ocrx_word' id='word_1_594' title='bbox 1459 2909 1488 2947; x_wconf 89' lang='grc'>3,</span> <span class='ocrx_word' id='word_1_595' title='bbox 1516 2907 1569 2947; x_wconf 71' lang='lat'>24,</span> <span class='ocrx_word' id='word_1_596' title='bbox 1592 2907 1634 2937; x_wconf 76' lang='lat'>42</span> <span class='ocrx_word' id='word_1_597' title='bbox 1673 2907 1810 2950; x_wconf 82' lang='lat' dir='ltr'>Paupe-</span> 
     </span>
     <span class='ocr_line' id='line_1_101' title="bbox 1013 2953 1718 2996; baseline -0.003 -11"><span class='ocrx_word' id='word_1_598' title='bbox 1013 2954 1081 2986; x_wconf 80' lang='lat' dir='ltr'>ries</span> <span class='ocrx_word' id='word_1_599' title='bbox 1101 2954 1193 2986; x_wconf 81' lang='lat' dir='ltr'>iubet</span> <span class='ocrx_word' id='word_1_600' title='bbox 1216 2954 1354 2996; x_wconf 76' lang='lat' dir='ltr'>quidvis</span> <span class='ocrx_word' id='word_1_601' title='bbox 1380 2958 1411 2985; x_wconf 80' lang='lat' dir='ltr'>et</span> <span class='ocrx_word' id='word_1_602' title='bbox 1429 2954 1552 2994; x_wconf 84' lang='lat' dir='ltr'>facere</span> <span class='ocrx_word' id='word_1_603' title='bbox 1579 2956 1610 2984; x_wconf 83' lang='lat' dir='ltr'>et</span> <span class='ocrx_word' id='word_1_604' title='bbox 1628 2953 1718 2995; x_wconf 82' lang='lat' dir='ltr'>pati.</span> 
     </span>
    </p>

    <p class='ocr_par' dir='ltr' id='par_1_27' title="bbox 1060 2998 1810 3031">
     <span class='ocr_line' id='line_1_102' title="bbox 1060 2998 1810 3031; baseline 0.001 -1"><span class='ocrx_word' id='word_1_605' title='bbox 1060 3000 1134 3030; x_wconf 89' lang='grc'><strong>629.</strong></span> <span class='ocrx_word' id='word_1_606' title='bbox 1167 2999 1344 3031; x_wconf 81' lang='lat' dir='ltr'>oblitusve</span> <span class='ocrx_word' id='word_1_607' title='bbox 1372 2998 1427 3031; x_wconf 78' lang='lat' dir='ltr'>sui</span> <span class='ocrx_word' id='word_1_608' title='bbox 1453 3002 1503 3031; x_wconf 84' lang='lat' dir='ltr'>est</span> <span class='ocrx_word' id='word_1_609' title='bbox 1531 3007 1665 3030; x_wconf 87' lang='lat' dir='ltr'>suarum</span> <span class='ocrx_word' id='word_1_610' title='bbox 1689 3002 1810 3031; x_wconf 79' lang='lat' dir='ltr'>virium</span> 
     </span>
    </p>
   </div>
   <div class='ocr_carea' id='block_1_9' title="bbox 1952 0 2011 2215">
    <p class='ocr_par' dir='ltr' id='par_1_28' title="bbox 1952 0 2011 2215">
     <span class='ocr_line' id='line_1_103' title="bbox 1952 0 2011 2215; baseline 0 0"><span class='ocrx_word' id='word_1_611' title='bbox 1952 0 2011 2215; x_wconf 95' lang='lat' dir='ltr'> </span> 
     </span>
    </p>
   </div>
  </div>
 </body>
</html>
