2023 3350
708 121 947 155 AENEIDOS
979 124 1064 155 LIB.
1092 122 1131 155 V.

1659 123 1740 161 229

102 237 190 278 Dat
224 238 340 278 tecto
377 235 616 289 ingentem,
666 249 769 277 mox
806 249 905 278 aere
940 235 1065 289 lapsa
1100 235 1245 289 quieto

99 294 233 336 Radit
267 293 351 334 iter
386 292 601 347 liquidum
637 293 796 335 celeres
838 307 975 347 neque
1013 295 1249 335 commovet
1284 291 1399 333 alas:

103 351 174 394 Sic
216 350 484 401 Mnestheus,
528 349 588 391 sic
623 350 720 404 ipsa
754 349 860 404 fuga
898 353 1017 392 secat
1056 350 1209 392 ultima
1244 349 1398 391 Pristis

101 409 322 462 Aequora,
372 408 433 449 sic
469 407 589 448 illam
628 407 714 450 fert
752 407 937 462 impetus
973 408 1065 462 ipse
1102 408 1331 449 volantem.

101 466 159 507 Et

194 465 380 519 primum
417 465 462 506 in
494 464 670 518 scopulo
709 465 945 507 luctantem
984 465 1143 507 deserit
1182 465 1271 506 alto

1655 464 1738 503 220

100 523 346 576 Sergestum
382 521 670 575 brevibusque
707 523 828 565 vadis
863 523 1110 576 frustraque
1148 524 1372 564 vocantem

98 580 272 622 Auxilia
311 582 354 621 et
392 579 541 620 fractis
584 580 818 622 discentem
853 594 1025 622 currere
1057 580 1196 621 remis.

99 637 206 680 Inde
244 636 367 691 Gyan
399 637 624 692 ipsamque
657 638 822 691 ingenti
856 638 968 679 mole
1004 637 1274 679 Chimaeram

101 694 407 748 Consequitur3
455 694 585 746 cedit,
625 696 827 749 quoniam
862 695 1048 749 spoliata
1086 695 1295 748 magistro
1331 697 1408 736 est.

101 751 226 795 Solus
258 753 429 806 iamque
460 752 555 806 ipso
598 756 794 806 superest
824 753 868 794 in
900 751 983 794 fine
1027 752 1273 803 Cloanthus,

99 810 233 861 Quem
273 810 399 864 petit,
445 812 487 850 et
522 810 696 852 summis
740 810 921 851 adnixus
956 809 1118 851 viribus
1155 811 1323 863 urguet.

100 868 208 909 Tum
241 881 341 909 vero
381 867 617 919 ingeminat
655 867 837 920 clamor,
881 867 1109 920 cunctique
1147 869 1394 920 sequentem

100 925 316 978 Instigant
352 923 527 976 studiis,
570 928 828 979 resonatque
866 923 1111 978 fragoribus
1146 923 1310 966 aether.

97 982 155 1024 Hi
185 981 409 1036 proprium
451 981 579 1023 decus
620 986 662 1024 et
698 986 873 1036 partum
909 981 1190 1034 indignantur
1224 980 1433 1021 honorem

101 1040 157 1082 Ni
190 1042 386 1091 teneant,
429 1039 647 1093 vitamque
687 1040 835 1081 volunt
867 1052 946 1092 pro
986 1037 1114 1079 laude
1148 1037 1326 1091 pacisci:

98 1097 192 1139 Hos
232 1110 453 1138 successus
490 1096 586 1148 alit;
628 1100 826 1150 possunt,
866 1095 968 1148 quia
1006 1108 1134 1148 posse
1169 1093 1382 1135 videntur.

97 1155 155 1196 Et
194 1153 284 1196 fors
319 1153 515 1208 aequatis
554 1154 765 1206 cepissent
806 1152 1000 1205 praemia
1036 1151 1201 1201 rostris,

100 1212 156 1254 Ni
191 1211 357 1265 palmas
392 1214 524 1264 ponto
564 1210 742 1252 tendens
783 1213 992 1262 utrasque
1025 1208 1262 1251 Cloanthus

99 1269 384 1323 Fudissetque
421 1282 569 1322 preces
608 1267 816 1320 divosque
853 1267 898 1308 in

98 1327 175 1380 Di,
219 1326 374 1382 quibus
406 1325 632 1380 imperium
666 1329 731 1367 est
764 1324 928 1379 pelagi,
972 1338 1156 1378 quorum
1195 1335 1391 1376 aequora
1429 1334 1566 1373 curro,

144 1488 222 1521 217.
248 1491 362 1520 Dulcis
383 1494 414 1519 et
438 1493 579 1519 venusta
602 1490 797 1526 comparatio
821 1497 892 1519 cum

98 1538 261 1568 celeritate
285 1538 451 1566 columbae
475 1536 658 1572 exterritae,
688 1544 771 1571 quae
795 1543 893 1571 quum

99 1584 213 1619 incipit
251 1585 379 1620 volare,
422 1583 473 1610 dat
515 1582 676 1618 ingentem
715 1582 892 1617 strepitum,

98 1629 173 1658 inde
207 1629 252 1657 ita
282 1629 392 1663 quieta
421 1629 530 1664 volat,
578 1632 611 1656 ut
643 1637 706 1657 non
745 1628 894 1656 videatur

99 1683 229 1704 movere
251 1676 335 1711 alas,
361 1674 422 1703 etsi
447 1674 615 1703 celerrime
641 1675 749 1709 volat3
788 1678 838 1702 est
864 1673 894 1700 id

99 1722 181 1755 quod
207 1720 325 1749 dicitur
347 1716 493 1756 paribus
519 1716 587 1747 alis
615 1716 735 1748 volare
759 1717 789 1755 4,
817 1716 893 1746 252.

98 1768 149 1795 Ita
184 1766 343 1794 Mnesthei
373 1765 471 1794 navis
503 1773 602 1799 quum
634 1765 732 1794 remis
767 1768 795 1793 et
834 1773 892 1792 ve-

100 1812 144 1841 lis
168 1819 292 1840 summo
316 1813 426 1840 labore
452 1811 586 1840 incitata
610 1811 643 1839 in
674 1819 771 1841 cursu
796 1814 893 1841 esset.

100 1858 146 1886 ita
170 1856 273 1893 pergit
297 1858 409 1885 volare
433 1856 610 1892 remigibus
634 1858 688 1885 vei
710 1857 818 1885 minus
844 1856 894 1883 in-

100 1903 207 1931 tentis.
257 1901 304 1930 Cf.
330 1902 394 1931 Cic.
420 1902 458 1930 de
481 1909 525 1930 or.
552 1898 581 1937 1,
603 1899 656 1936 33,
686 1899 764 1930 153:
789 1902 895 1937 „con-

100 1949 198 1978 citato
223 1947 368 1984 navigio,
394 1954 491 1981 quum
514 1947 652 1983 remiges
679 1947 896 1983 inhibuerunt,

103 1994 216 2023 retinet
244 1997 350 2022 tamen
381 1993 455 2027 ipsa
486 1992 584 2020 navis
615 1996 734 2021 motum
766 1997 795 2021 et
824 2000 896 2021 cur-

103 2047 176 2068 sum
211 2047 324 2075 suum,
368 2037 554 2066 intermisso
589 2038 708 2072 impetu
740 2045 900 2072 cursuque

106 2082 299 2114 remorum.“

148 2128 224 2158 220.
256 2125 428 2168 Scopulus
456 2128 538 2157 idem
563 2128 617 2163 qui
643 2124 718 2155 201.

149 2173 226 2204 221.
248 2174 408 2211 frustra:
452 2176 553 2203 Nemo
592 2174 677 2202 enim
713 2172 903 2202 certantium

103 2223 265 2251 aemulum
290 2221 434 2250 adiuvat.
461 2235 499 2239 —
528 2216 687 2248 brevibus
710 2215 834 2253 vadis3
860 2218 905 2246 ita

102 2264 222 2297 brevia
250 2264 278 2303 1,
307 2263 379 2294 111.

150 2310 226 2341 222.
253 2309 460 2345 discentem
491 2311 546 2345 qui
575 2314 706 2339 coactus
733 2313 779 2338 est
806 2308 902 2338 navi-

105 2366 182 2395 gare
205 2358 319 2387 fractis
345 2357 452 2386 remis.

151 2400 228 2432 224.
256 2399 362 2437 cedit,
386 2401 554 2437 praeteriri
581 2409 616 2429 se
643 2401 730 2429 sinit.
759 2415 795 2419 —-
826 2408 902 2439 spo-

105 2445 196 2478 liata
222 2445 396 2486 magistro
420 2448 459 2476 cf.
487 2444 563 2474 175.

154 2492 230 2522 225.
259 2490 332 2532 ipso
357 2490 389 2520 in
409 2490 486 2530 fine
510 2492 606 2520 totius
632 2499 758 2520 cursus.

154 2537 230 2567 226.
258 2540 399 2578 urguet,
425 2546 521 2572 quum
547 2538 692 2571 proxime
716 2537 875 2565 succedat.

153 2582 229 2613 227.
256 2580 454 2622 ingeminat
479 2583 517 2612 cf.
546 2582 574 2619 1,
604 2580 676 2610 104.
704 2597 742 2602 --
771 2583 903 2616 Specta-

108 2637 194 2661 tores
225 2631 329 2658 solent
359 2629 389 2657 ei
417 2628 544 2663 favere,
586 2628 642 2661 qui
669 2628 774 2656 subito
801 2631 830 2655 ct
852 2627 902 2655 in—

109 2680 256 2712 sperato,
296 2674 470 2708 resumptis
502 2674 628 2702 viribus
662 2673 840 2701 anteriores
870 2672 904 2700 in

107 2731 144 2752 eo
165 2726 213 2751 est
237 2724 271 2749 ut
298 2723 440 2755 superet,
483 2723 591 2748 amant
623 2719 708 2747 enim
737 2719 770 2746 in
801 2722 904 2747 certa-

107 2769 193 2797 mine
217 2765 481 2801 vicissitudines,
505 2765 621 2798 quibus
647 2765 788 2792 maiores
812 2763 902 2792 exci—

109 2817 216 2842 tantur
237 2811 430 2841 certantium
452 2810 680 2845 contentiones,
697 2810 779 2844 quod
798 2809 905 2843 ipsum

111 2862 325 2894 spectatorum
343 2861 389 2886 est
413 2858 689 2885 oblectamentum.

159 2902 233 2932 229.
264 2900 524 2943 Indignamur,
559 2901 624 2929 nisi
658 2900 820 2928 obtineant
850 2902 907 2927 ho-

115 2957 239 2986 norem,
271 2957 365 2984 quem
386 2949 452 2977 iam
475 2947 656 2982 proprium,
688 2953 784 2974 suum
809 2944 848 2973 cf.
879 2940 907 2980 1,

112 2991 166 3022 73.
193 2998 221 3023 et
245 2998 370 3029 partum
394 2995 560 3030 putabant.
590 3007 627 3011 —
658 2987 908 3031 indignantur,

114 3037 151 3069 m·
178 3039 216 3069 cf.
239 3038 270 3078 9,
289 3037 366 3067 805.

938 1270 1039 1308 vota
1073 1268 1289 1308 vocasset:

1656 1322 1736 1361 235

986 1486 1062 1517 230.
1092 1484 1268 1527 vitamque
1301 1482 1444 1526 pacisci.
1504 1486 1625 1514 Volunt
1656 1483 1739 1512 inire

940 1535 1136 1570 pactionem,
1175 1541 1239 1567 qua
1269 1533 1398 1561 taudem
1432 1536 1466 1560 ut
1502 1534 1738 1565 consequantur

940 1581 1010 1609 vita
1041 1581 1083 1609 sit
1112 1580 1227 1608 danda.
1276 1580 1325 1607 Ita
1357 1575 1393 1614 9,
1421 1575 1486 1605 206
1520 1573 1595 1605 vita
1629 1582 1740 1604 emere

940 1623 1114 1655 honorem.
1170 1622 1229 1662 12,
1254 1622 1295 1652 49
1338 1621 1512 1663 letumque
1545 1619 1642 1650 sinas
1676 1629 1739 1660 pro

941 1668 1046 1700 lande
1073 1668 1226 1710 pacisci,
1257 1671 1368 1699 eadem
1393 1668 1571 1705 sententia,
1598 1674 1663 1702 qua
1687 1667 1740 1695 hic

941 1722 988 1746 est
1013 1719 1103 1745 locus
1133 1716 1186 1751 (ut
1211 1723 1261 1751 ap.
1286 1724 1345 1744 nos
1375 1712 1528 1743 Lebens-
1553 1717 1583 1742 et
1611 1709 1739 1742 'sodes-

939 1761 1050 1799 strafe
1083 1763 1120 1790 (ie
1150 1763 1263 1790 eadem
1299 1761 1353 1796 re)
1395 1761 1451 1789 sed
1487 1762 1611 1789 mutata
1648 1758 1740 1786 verbi

939 1808 1192 1845 significatione2
1229 1811 1262 1836 ut
1291 1808 1428 1835 mutare
1455 1801 1591 1845 aliquid
1616 1801 1740 1843 aliqua

939 1862 976 1883 re
998 1857 1045 1882 est
1069 1858 1096 1881 et
1122 1849 1344 1882 eintauschen
1371 1856 1400 1880 et
1422 1846 1665 1880 austauschen.
1693 1849 1739 1878 Cf.

943 1898 973 1936 6,
997 1896 1072 1927 229.

990 1943 1064 1973 232.
1097 1940 1180 1973 Fors
1197 1945 1327 1972 adverb.
1348 1942 1385 1971 cf.
1405 1938 1457 1977 11,
1473 1938 1525 1969 50.
1547 1957 1584 1961 -
1610 1948 1741 1980 aequa-

944 1988 987 2020 tis
1010 1987 1154 2020 rostris.-
1191 1997 1258 2018 una
1284 1989 1423 2017 fortasse
1447 1988 1486 2015 ad
1512 1987 1604 2016 finem
1627 1995 1742 2022 perve-

946 2037 1088 2071 nissent,
1112 2036 1159 2064 ita
1183 2039 1217 2063 ut
1242 2036 1379 2064 alterum
1405 2032 1498 2062 alteri
1525 2041 1588 2062 non
1613 2036 1742 2062 antece-

948 2083 1033 2110 deret
1057 2084 1205 2109 rostrum.

995 2123 1071 2153 233.
1097 2127 1204 2163 ponto
1236 2126 1299 2153 dat.
1328 2124 1366 2153 cf.
1393 2120 1469 2151 451.
1518 2124 1570 2152 Ad
1599 2123 1743 2152 marinos

950 2172 1026 2200 deos
1064 2170 1119 2204 qui
1155 2172 1382 2205 precabantur,
1423 2175 1540 2197 manus
1578 2170 1619 2197 ad
1656 2176 1744 2197 mare

951 2216 1153 2251 porrigebant
1179 2215 1217 2244 cf.
1243 2216 1334 2242 Hom.
1361 2216 1399 2242 Il.
1427 2211 1455 2249 1,
1480 2211 1556 2241 351.
1584 2214 1676 2241 Pind.
1695 2215 1743 2241 01.

953 2259 981 2298 1,
1006 2259 1059 2289 71.
1083 2260 1114 2297 5,
1140 2259 1193 2289 58.
1241 2260 1333 2289 Adde
1360 2257 1389 2293 3,
1418 2255 1491 2285 176.
1524 2273 1561 2278 —
1600 2255 1746 2287 Palmae
1790 2287 1793 2289 ,

949 2310 1022 2336 sunt
1060 2314 1176 2335 manus
1210 2305 1346 2340 supinae
1380 2304 1428 2332 sic
1461 2299 1490 2339 1,
1517 2300 1570 2331 94.
1610 2301 1640 2339 2,
1668 2299 1742 2330 153.

950 2352 980 2387 9,
1004 2350 1052 2380 16.
1084 2367 1121 2371 -—
1149 2348 1289 2390 palmas
1317 2352 1503 2388 utrasque,·
1526 2349 1664 2384 pluralis
1688 2356 1744 2382 pro

948 2398 1109 2434 singulari
1132 2401 1163 2425 ut
1192 2395 1222 2429 6,
1248 2394 1323 2424 685.
1362 2399 1390 2424 et
1417 2395 1565 2434 utraque
1588 2395 1745 2433 tempora

951 2444 981 2481 5,
1007 2442 1084 2471 855.
1135 2442 1181 2471 ef.
1210 2444 1261 2470 or.
1282 2441 1304 2475 ,s
1329 2438 1406 2476 357,
1430 2437 1459 2467 2.

997 2486 1072 2517 234.
1104 2485 1212 2516 Divos
1237 2484 1269 2515 in
1296 2488 1376 2515 vota
1403 2491 1526 2513 vocare
1551 2486 1583 2511 ut
1605 2479 1681 2510 514.
1714 2478 1745 2517 7,

952 2532 1015 2563 471
1054 2538 1100 2563 est
1132 2535 1294 2562 advocare
1333 2536 1361 2560 et
1400 2531 1554 2558 invocare
1583 2529 1676 2563 deos,
1713 2531 1745 2555 ut

948 2584 1025 2609 vota
1051 2579 1163 2609 audire
1194 2579 1306 2607 velint.
1355 2577 1474 2605 Contra
1507 2571 1596 2603 votis
1624 2580 1747 2601 vocare

949 2630 996 2655 est
1027 2626 1113 2654 votis
1146 2624 1281 2659 prolatis
1312 2623 1482 2651 invocare.
1518 2623 1551 2648 ut
1573 2628 1628 2654 pro
1654 2622 1746 2653 pacto

950 2671 1038 2700 votis
1062 2671 1205 2706 praemio
1231 2669 1394 2698 auxilium
1421 2669 1590 2701 praestent.
1642 2664 1688 2692 Cf.
1718 2660 1746 2699 1,

951 2715 1027 2745 290.

998 2759 1074 2790 235.
1101 2757 1282 2799 imperium
1318 2753 1458 2796 pelagi,
1498 2760 1529 2784 ut
1571 2752 1627 2791 (6,
1660 2752 1746 2790 264)

957 2804 1016 2836 Dii
1041 2804 1164 2846 quibus·
1191 2801 1376 2843 imperium
1391 2803 1441 2830 est
1464 2797 1700 2829 animarumf⁸
1715 2801 1746 2827 S.

957 2868 994 2872 —-
1026 2851 1184 2891 Aequora
1211 2856 1310 2878 curro
1334 2852 1367 2875 ut
1393 2845 1422 2883 3,
1457 2844 1531 2874 191.
1579 2847 1627 2874 De
1651 2852 1748 2874 accu-

954 2898 1064 2927 sativo
1095 2897 1187 2928 viae,
1224 2901 1287 2929 qua
1318 2894 1381 2922 itur
1417 2892 1456 2921 cf.
1489 2894 1540 2920 Gr.
1565 2892 1586 2926 ς
1614 2888 1689 2926 294,
1716 2888 1746 2918 2.

955 2944 1008 2973 Sic
1048 2940 1098 2971 ire
1129 2939 1221 2969 viam
1261 2937 1291 2975 4,
1319 2935 1394 2966 468.
1422 2936 1452 2973 6,
1480 2935 1552 2965 122.
1602 2933 1652 2964 ire
1685 2932 1749 2963 iter

955 2991 989 3017 G.
1013 2985 1043 3023 4,
1065 2984 1140 3015 205³.
1170 2981 1301 3023 (redire
1324 2981 1389 3013 iter
1412 2984 1479 3013 Cic.
1503 2985 1585 3011 Mur.
1606 2978 1658 3015 12,
1674 2978 1748 3016 26).

956 3030 1034 3062 vehi
1056 3028 1170 3061 maria
1197 3027 1223 3067 1,
1249 3028 1325 3058 524.
1370 3026 1547 3070 navigare
1566 3033 1696 3066 aequor
1723 3022 1750 3062 1,
