2023 3350
661 109 898 142 AENEIDOS
929 111 1014 144 LIB.
1047 113 1143 145 VIII.

1652 118 1736 158 419

79 223 192 265 Vota
223 226 340 265 metu
376 221 600 276 duplicant
634 226 813 274 matres,
847 224 1114 279 propiusque
1155 226 1318 279 periclo

79 282 120 323 It
159 281 313 331 timor,
349 284 392 321 et
426 280 563 321 maior
601 280 755 322 Martis
793 283 879 322 iam

921 282 1104 335 adparet
1143 284 1300 337 imago.

79 339 186 380 Tum
220 342 347 392 pater
383 337 612 379 Euandrus
649 338 848 380 dextram
883 340 1131 393 complexus
1169 343 1308 384 euntis

79 396 263 447 Haeret,
299 395 539 448 inexpletus
581 395 836 447 lacrimans,
872 411 922 438 ac
957 397 1066 439 talia
1102 398 1240 440 fatur:

80 454 114 496 O
155 453 260 494 mihi
297 453 556 507 praeteritos
599 453 762 494 referat
802 455 837 495 si
873 455 1070 508 Iuppiter
1110 457 1266 498 annos!

1650 462 1735 503 560

80 511 229 562 Qualis
269 524 406 560 eram,
446 524 578 563 quum
619 511 804 564 primam
843 513 979 553 aciem
1017 513 1249 555 Praeneste
1286 513 1365 556 sub
1405 514 1503 569 ipsa

79 568 222 611 Stravi
258 571 565 620 scutorumque
604 568 776 609 incendi
817 569 955 611 victor
998 584 1187 622 acervos,

77 627 134 668 Et
167 639 313 678 regem
349 625 430 666 hac
463 626 630 666 Erilum
668 626 823 667 dextra
865 627 943 668 sub
984 628 1168 669 Tartara
1203 628 1312 680 misi,

75 683 281 725 Nascenti
319 683 386 723 cui
420 687 507 724 tres
543 684 707 725 animas
748 685 931 726 Feronia
968 689 1108 727 mater
1142 711 1195 715 —

77 740 351 782 Horrendum
393 740 528 781 dictu!
561 766 618 771 —-
659 741 838 783 dederat
881 746 1023 793 (terna
1061 757 1184 784 arma
1218 741 1441 793 movenda,

1651 746 1732 785 565

76 798 157 840 Ter
198 798 283 839 leto
322 798 576 839 sternendus
612 804 728 850 erat3
769 800 837 841 cui
876 803 979 841 tunc
1016 804 1161 842 tamen
1198 813 1345 841 omnes

75 855 265 897 Abstulit
300 855 408 897 haec
441 857 607 897 animas
643 857 798 898 dextra
828 861 871 899 et
910 857 1094 899 totidem
1129 858 1247 899 exuit
1287 857 1459 910 armis):

75 914 172 955 Non
208 926 286 967 ego
326 928 438 954 nunc
472 914 586 955 dulci
618 915 819 968 amplexu
856 914 1084 957 divellerer
1120 929 1315 969 usquam,

74 1068 194 1101 Recte;
241 1070 272 1094 at
307 1066 455 1100 neglexit
483 1066 623 1094 servius
662 1074 745 1095 usus
780 1066 879 1100 ortiss-

75 1120 167 1148 nem·‚
195 1119 268 1140 nam
297 1117 330 1139 ut
356 1110 469 1139 senior
486 1119 542 1146 pro
564 1120 664 1140 senes
683 1113 769 1146 apuu
799 1120 877 1146 poe-

75 1163 126 1186 tas
154 1162 347 1193 usurpatum
374 1165 417 1185 ex
438 1158 653 1191 comparativi
672 1163 788 1185 natura
817 1165 880 1185 ex-

75 1204 230 1240 plicatur,
266 1203 316 1231 sic
354 1201 449 1231 orius
475 1212 539 1231 non
566 1207 615 1230 est
650 1211 706 1237 pro
734 1203 877 1237 positivo

75 1247 199 1283 ociter,
243 1249 295 1283 qui
322 1253 411 1276 certe
444 1250 529 1283 apud
564 1250 667 1276 bonos
693 1249 876 1283 scriptores

74 1303 140 1324 non
165 1294 296 1332 legitur,
323 1295 382 1323 sed
408 1295 563 1322 maiorem
585 1294 728 1327 aliquam
756 1295 877 1322 indicat

74 1341 287 1370 celeritatem.
339 1341 430 1374 Quae
457 1345 565 1369 autem
601 1340 755 1373 primaria
782 1339 877 1367 fuerit

74 1387 232 1415 vocabuli
277 1385 472 1420 significatio
521 1386 711 1418 nescimus,
769 1393 877 1419 neque

75 1429 170 1462 ocius
194 1439 214 1460 a
241 1432 385 1467 positivo
413 1422 532 1465 ὠκέως
556 1431 770 1459 derivandum
797 1439 876 1459 esse

74 1478 231 1514 dicimus,
272 1478 356 1506 satis
396 1476 555 1513 contenti,
600 1479 684 1510 quod
722 1477 754 1505 in
792 1485 875 1505 voce

73 1521 227 1561 saepius,
253 1522 373 1560 ofters,
398 1523 428 1551 si
455 1530 527 1550 cum
553 1529 667 1559 saepe,
697 1521 759 1560 oft,
787 1530 876 1551 com—

74 1576 249 1606 paramus,
291 1569 431 1597 eandem
458 1568 646 1597 invenimus
690 1568 876 1597 similitudi-

72 1623 157 1645 nem.
213 1611 318 1643 Ocius
341 1615 390 1643 sic
417 1619 612 1648 usurpatum
638 1615 712 1642 vide
740 1623 770 1642 v.
802 1613 874 1642 101.

72 1661 150 1690 278.
182 1660 214 1696 5,
240 1659 318 1689 828.
351 1660 382 1697 9,
408 1659 486 1688 402.
522 1659 573 1695 10,
601 1660 675 1688 ῒ86.
722 1659 771 1695 12,
796 1659 874 1689 556.

72 1706 135 1736 681
166 1708 208 1735 al.
243 1706 300 1735 Sil.
334 1705 368 1742 1,
400 1704 478 1734 458.
527 1704 567 1741 2,
600 1704 677 1734 529.
728 1704 796 1733 534
831 1707 873 1734 al.

71 1754 145 1782 Iuv.
175 1750 230 1787 14,
262 1750 330 1780 252
351 1753 393 1780 al.
443 1752 534 1786 Quod
563 1748 659 1780 ocius
690 1751 734 1779 ita
760 1751 877 1779 dieitur

71 1798 139 1833 legi
160 1805 212 1833 ap.
233 1798 332 1827 Caes.
357 1799 423 1826 BG.
448 1796 484 1834 5,
509 1795 562 1830 44,
584 1801 635 1824 est
662 1797 694 1825 in
717 1798 791 1824 loco
817 1797 876 1825 ad-

73 1845 204 1874 modum
237 1847 401 1878 corrupto.
436 1857 480 1861 —
513 1840 559 1870 ad
597 1839 703 1871 litora
729 1841 875 1880 Μῐὶγὲῠς

72 1890 105 1919 in
124 1890 220 1917 litore
242 1894 352 1917 autem
374 1893 486 1917 castra
512 1888 623 1916 habuit
650 1890 795 1924 Tarcho,
823 1887 875 1923 [v.

73 1935 159 1970 497]
195 1935 249 1969 qui
283 1942 343 1963 rex
366 1935 560 1968 Tyrrhenus
592 1938 748 1970 vocatur,
787 1933 806 1961 i.
847 1941 875 1961 e.

73 1989 223 2011 suminus
256 1981 323 2008 dux
346 1981 584 2008 Lucumonum.
609 1994 654 1997 —
679 1976 726 2007 ad
752 1975 876 2007 limina

73 2026 192 2066 Pyle„
220 2026 316 2060 quasi
341 2027 381 2053 ad
407 2025 530 2059 regiam
551 2025 735 2052 Tarchonis
757 2031 877 2052 acces-

72 2073 186 2102 serint.
204 2072 412 2106 —Equites,
439 2079 522 2104 quos
551 2071 748 2105 promiserat
764 2072 877 2098 Evan-

73 2120 148 2154 der,
176 2124 360 2152 sequuntur
391 2119 549 2146 Aeneam.

119 2163 198 2193 556.
225 2161 433 2203 Duplfcant.
488 2165 629 2197 Matres,
682 2168 767 2194 quae
818 2168 876 2195 pro

73 2210 210 2239 filiorum
235 2211 344 2238 salute
366 2213 445 2236 vota
471 2208 582 2236 facere
608 2207 734 2242 solent,
771 2207 877 2241 dupli—

73 2260 165 2291 cant,
205 2263 301 2290 qutun
332 2262 391 2283 eos
425 2255 555 2282 videant
587 2254 618 2281 in
652 2255 772 2280 bellum
802 2260 878 2286 pro-

72 2301 186 2330 ficisci.
215 2316 258 2320 —-
286 2297 435 2339 Propius
457 2298 483 2328 it
515 2297 617 2328 timor
638 2295 768 2337 periclo
797 2298 816 2325 i.
849 2306 876 2325 e.

74 2355 118 2376 ex
153 2346 317 2383 periculo,
354 2354 419 2374 non
450 2347 488 2374 ad
523 2345 722 2380 periculum;
771 2344 877 2378 magis

74 2397 167 2428 urget
192 2392 296 2428 timor,
324 2399 420 2426 quum
448 2391 595 2426 pericula
621 2390 727 2424 magis
751 2390 879 2424 impen-

74 2440 183 2468 deant.
234 2439 288 2466 Sic
319 2439 399 2465 Luc.
426 2438 459 2473 7,
490 2435 557 2464 543
587 2432 701 2464 Semel
723 2437 819 2464 ortus
845 2433 882 2463 in

75 2491 191 2513 omnes
226 2481 252 2512 it
283 2479 397 2512 timor.
447 2483 573 2511 Deinde
600 2483 679 2509 Tac.
717 2482 794 2515 Agr.
840 2479 881 2508 16

75 2538 161 2570 quos
191 2525 404 2558 conscientia
432 2525 642 2565 desectionis
675 2527 706 2555 et
735 2523 882 2566 propius

75 2583 116 2604 es
142 2572 264 2615 legato
295 2572 399 2602 timor
432 2570 610 2613 agitabat.
661 2572 718 2600 Sil.
761 2571 792 2609 l,
837 2570 881 2600 32

76 2618 146 2650 iam
182 2617 330 2660 propius
363 2621 537 2652 metnens3
585 2623 615 2646 et
646 2620 723 2646 Sen.
758 2618 879 2646 Troad.

75 2665 142 2695 519
167 2663 295 2695 Levius
320 2661 405 2694 solet
430 2661 560 2698 timere,
584 2661 645 2703 qui
665 2661 811 2703 propius
836 2660 881 2691 ti-

76 2715 155 2742 meh

121 2757 198 2787 5257.
227 2758 258 2786 et
284 2752 399 2785 maior
422 2751 550 2783 Martis
569 2755 716 2793 apparet
739 2751 882 2793 imago:

77 2803 194 2832 omnia
225 2803 287 2832 iam
315 2801 420 2836 magis
453 2801 529 2829 belli
558 2800 706 2835 speciem
736 2799 878 2828 referunt

77 2849 118 2878 cf.
143 2849 182 2886 2,
209 2847 276 2876 369
299 2844 456 2887 plurima
481 2843 601 2874 mortis
631 2843 762 2885 imago.

122 2904 199 2935 558.
223 2906 327 2945 pater
352 2911 400 2933 sc.
427 2900 564 2938 eunlis3
593 2903 632 2930 de
656 2910 719 2937 quo
747 2902 880 2937 partici-

79 2951 132 2987 pio
157 2950 198 2980 cf.
224 2951 265 2979 ad
289 2950 329 2987 2,
362 2949 434 2978 ll‘l.

123 3007 200 3037 559.
226 3005 438 3048 inexpletum
456 3009 496 3036 Μ.
521 3009 705 3035 correctum
723 3004 756 3033 in
783 3001 880 3033 incr-

922 1064 1060 1106 plctus3
1096 1068 1179 1095 itlem
1205 1067 1326 1095 factum
1360 1071 1410 1095 est
1442 1068 1474 1095 in
1506 1068 1541 1094 P.
1576 1063 1732 1102 inpletus

924 1114 982 1151 ny.
1003 1110 1158 1141 lacrimis
1176 1116 1216 1141 Μ.
1235 1121 1318 1141 corr.
1331 1113 1363 1140 in
1384 1109 1588 1140 lacrimans.
1619 1113 1731 1147 „Hae-

925 1163 971 1186 ret
1010 1158 1218 1192 inexpletus:
1256 1158 1348 1186 multi
1382 1157 1432 1186 sic
1465 1157 1662 1193 distingunt,
1698 1161 1729 1184 ut

924 1204 984 1232 sit:
1010 1200 1202 1238 inexpletus
1229 1205 1336 1232 haesit
1363 1208 1391 1231 et
1418 1203 1498 1231 talia
1520 1204 1652 1231 locutus
1679 1207 1730 1230 est

923 1249 1114 1277 lacrimans.
1163 1249 1229 1277 Alii
1258 1251 1370 1283 legunt
1402 1246 1600 1288 inexpletus
1624 1245 1732 1276 lacri-

924 1292 999 1322 mis.
1050 1295 1230 1323 Honestius
1274 1300 1382 1322 tamen
1430 1298 1479 1323 cst
1514 1291 1731 1332 inexpletum

924 1337 1128 1377 lacrimam,
1155 1345 1184 1368 ut
1201 1341 1241 1369 sit
1265 1349 1385 1368 nomen
1408 1348 1466 1375 pro
1491 1337 1672 1368 adverbio'·'·
1698 1341 1730 1367 S.

923 1386 1058 1414 Videtur
1084 1383 1284 1425 inexpletus
1307 1388 1346 1414 ab
1371 1386 1446 1420 ipso
1474 1393 1553 1414 esse
1581 1384 1730 1419 Virgilio,

924 1433 1009 1466 quod
1035 1432 1187 1466 explica:
1230 1433 1314 1460 Dum
1339 1433 1496 1460 lacrimas
1520 1430 1635 1467 fundit,
1665 1438 1731 1458 non

923 1478 1095 1514 expletur,
1122 1486 1187 1506 non
1215 1480 1370 1512 expictur
1394 1478 1610 1506 lacrimando.
1661 1476 1731 1504 Ad-

923 1524 1078 1551 iectivum
1119 1524 1185 1551 noli
1217 1524 1404 1560 explicare,
1450 1527 1481 1551 ut
1515 1523 1555 1551 sit
1583 1521 1732 1550 adverbii

922 1571 996 1597 loco
1022 1568 1062 1597 cf.
1087 1568 1119 1605 3,
1147 1570 1200 1597 70.
1251 1570 1315 1598 Alii
1338 1571 1493 1604 iungunt:
1525 1565 1656 1597 Haeret
1678 1565 1732 1596 in—

922 1612 1098 1654 erpletns,
1124 1612 1318 1643 lacrimans
1344 1623 1395 1644 ac.

971 1670 1048 1700 560.
1080 1668 1120 1698 Si
1148 1672 1292 1705 optantis
1318 1676 1369 1700 est
1397 1676 1428 1700 ut
1452 1670 1489 1709 6,
1531 1669 1602 1700 187.
1651 1669 1730 1698 883.

923 1732 967 1734 ——
993 1719 1233 1750 Nonnunquam
1263 1717 1361 1746 etiam
1380 1722 1414 1746 ut
1438 1720 1468 1745 h.
1493 1719 1513 1745 l.
1541 1725 1560 1745 o
1586 1716 1731 1745 additum

923 1766 992 1797 es13
1020 1762 1070 1790 sic
1106 1761 1162 1799 ll,
1188 1761 1267 1791 415.
1318 1762 1358 1791 cf.
1387 1765 1441 1791 Gr.
1466 1762 1488 1797 S
1513 1761 1600 1798 409,
1627 1761 1658 1790 6.

968 1817 1045 1846 561.
1070 1815 1223 1856 primam
1246 1816 1367 1847 aciem.
1396 1818 1436 1847 cf.
1462 1818 1492 1855 7,
1515 1817 1569 1846 61.
1622 1814 1731 1846 Prae-

923 1865 1020 1891 ueste
1043 1860 1104 1892 sub
1132 1860 1232 1902 ipsa.-
1264 1861 1454 1894 Praeneste
1478 1868 1528 1892 est
1561 1863 1730 1892 ablativus

923 1916 942 1937 a
972 1909 1176 1938 nominativo
1209 1910 1359 1938 neutrius
1392 1906 1580 1938 Praeneste
1609 1908 1650 1937 cf.
1677 1911 1729 1937 Gr.

924 1954 946 1988 g
972 1953 1033 1990 85,
1066 1955 1128 1983 An.
1151 1954 1182 1983 6.
1232 1956 1324 1990 Quod
1351 1959 1402 1984 est
1425 1955 1558 1989 generis
1584 1954 1732 1983 feminini

925 1999 964 2028 cf.
993 2002 1045 2028 Gr.
1074 2001 1095 2033 S
1124 1999 1167 2028 66
1184 2002 1246 2029 An.
1273 2001 1305 2030 8.
1355 1998 1416 2030 sub
1437 1998 1515 2039 ipsa
1531 2000 1573 2028 cf.
1598 2000 1629 2034 6.
1655 1999 1729 2028 191.

927 2042 980 2074 Pl.
1010 2047 1093 2074 coni.
1123 2043 1248 2084 Qualis
1274 2043 1541 2075 Praenestinam
1568 2042 1690 2074 aciem.

971 2090 1047 2119 56¹2.
1076 2088 1187 2120 victor
1211 2089 1373 2121 incendi.-
1398 2095 1521 2121 Morem
1545 2093 1731 2119 Romanum

925 2137 1135 2171 significavit.
1186 2138 1408 2171 ..Tarquinius
1462 2137 1546 2165 enim
1591 2137 1730 2165 Priscus

926 2182 1023 2210 victis
1052 2183 1184 2210 Sabinis
1207 2183 1239 2210 in
1266 2185 1424 2211 honorem
1449 2182 1588 2211 Vulcani
1615 2190 1730 2211 eorum

926 2235 1017 2257 arma
1045 2228 1227 2262 succendit,
1253 2236 1349 2262 quem
1379 2232 1498 2262 postea
1525 2228 1633 2255 secuti
1654 2230 1730 2256 sunt

926 2273 1060 2301 ceterif·
1089 2276 1121 2302 S.
1170 2275 1261 2301 Idem
1288 2278 1400 2302 narrat
1432 2273 1502 2301 Liv.
1534 2271 1569 2309 1,
1607 2271 1670 2308 35,
1699 2273 1729 2301 is

926 2320 981 2353 qui
1001 2326 1090 2347 arma
1120 2325 1218 2354 capta
1244 2319 1385 2347 hostium
1412 2321 1625 2346 concremata
1651 2324 1730 2346 esse

926 2373 944 2393 a
973 2365 1131 2394 Romanis
1149 2365 1351 2400 saepissime
1372 2363 1479 2393 refert.
1530 2363 1623 2392 Adde
1641 2364 1728 2391 Flor.

926 2409 961 2447 4.
996 2410 1055 2445 1⁶2,
1082 2411 1112 2438 9.

973 2455 1049 2485 563.
1077 2453 1138 2484 snb
1166 2455 1205 2483 cf.
1234 2452 1272 2492 4,
1299 2454 1375 2482 387.

972 2500 1049 2530 564.
1080 2499 1231 2530 Feronia
1287 2501 1457 2537 ..nympha
1509 2498 1729 2533 campaniam

928 2547 989 2583 (cf.
1016 2548 1052 2583 7,
1086 2547 1184 2582 800.)
1216 2548 1299 2575 haec
1328 2546 1426 2574 etiam
1450 2546 1639 2573 libertorum
1668 2545 1730 2572 dea

926 2598 996 2629 est,
1034 2594 1064 2622 in
1100 2593 1196 2622 cuius
1223 2593 1344 2626 templo
1370 2598 1448 2619 raso
1475 2591 1582 2625 capite
1610 2590 1730 2625 pileum

927 2640 1167 2673 accipiebant.··
1201 2640 1233 2665 S.
1284 2640 1405 2665 Senum
1446 2643 1534 2664 more
1574 2636 1732 2664 Evander

928 2687 966 2713 de
992 2693 1054 2714 sua
1081 2684 1218 2719 pristina
1241 2683 1428 2712 fortitudine
1455 2681 1622 2716 gloriatur.

973 2729 1050 2758 565.
1079 2732 1184 2765 Quum
1222 2733 1288 2757 tres
1331 2730 1463 2756 haberet
1499 2727 1643 2763 animas,
1682 2730 1731 2755 ter

928 2781 1043 2804 contra
1073 2783 1146 2804 eum
1179 2782 1269 2804 arma
1305 2781 1440 2802 movere
1473 2777 1610 2802 coactns
1645 2780 1730 2805 sum.

928 2827 976 2850 ter
1018 2828 1090 2850 eum
1128 2826 1361 2856 prosternere3
1398 2818 1459 2847 tria
1492 2821 1533 2848 ab
1566 2827 1605 2847 eo
1635 2819 1731 2846 retuli

928 2867 1048 2903 spolia.

973 2912 1052 2942 566.
1080 2910 1148 2942 tcto
1172 2913 1236 2940 dat.
1262 2910 1302 2938 cf.
1327 2909 1367 2947 2,
1392 2908 1470 2938 398.

973 2958 1050 2987 567.
1079 2960 1110 2987 et
1135 2955 1276 2987 totidem
1307 2964 1352 2985 sc.
1381 2963 1480 2994 quem
1501 2951 1612 2984 armis
1637 2949 1733 2982 exuit

928 3005 969 3035 cf.
991 3004 1048 3043 12,
1075 3001 1150 3033 944.
1206 2999 1257 3031 ΡΙ.
1275 3002 1361 3030 eiicit
1386 2997 1444 3030 cui
1459 3002 1531 3030 tum
1551 3015 1596 3019 —
1612 2996 1732 3029 armis.
