2023 3350
116 179 194 222 Cui
230 177 395 232 triplici
427 177 584 219 crinita
619 175 723 218 iuba
759 175 884 229 galea
923 176 1015 218 alta
1048 175 1318 219 Chimaeram

115 236 323 287 Sustinet,
361 238 577 277 Aetnaeos
620 233 838 275 efflantem
876 233 1072 275 faucibus
1112 234 1253 287 ignes,

115 294 220 335 Tam
260 293 397 346 magis
436 292 512 333 illa
551 291 736 333 fremens
773 294 815 333 et
853 291 1051 332 tristibus
1093 291 1224 333 effera
1264 291 1458 344 fiammis,

116 351 253 401 Quam
289 351 426 404 magis
468 349 602 391 effuso
642 349 903 390 crudescunt
937 349 1144 402 sanguine
1182 363 1364 403 pugnae.

114 410 172 450 At
205 409 341 450 levem
371 407 555 461 clipeum
590 407 772 448 sublatis
809 406 1012 448 cornibus
1048 407 1096 447 Io

115 467 232 507 Auro
269 465 522 518 insignibat,
561 464 648 506 iam
685 464 815 506 saetis
853 464 1014 516 obsita,
1040 464 1144 517 >iam
1178 462 1256 504 bos

114 524 426 576 Argumentum
462 522 612 576 ingens
628 555 636 573 ,

116 580 380 633 Caelataque
418 594 587 620 amnem
622 579 805 620 fundens
841 583 965 633 pater
997 577 1182 620 Inachus
1222 592 1344 620 urna.

114 637 361 690 Insequitur
398 637 568 678 nimbus
603 637 819 690 peditum,

114 695 298 748 Agmina
332 694 564 735 densentur
601 695 784 748 campis:

713 63 949 96 AENEIDOS
979 65 1066 97 Lm.
1093 65 1172 97 vn.
1681 66 1763 106 383

1681 180 1763 219 785

1682 468 1764 505 790

678 525 720 563 et
760 526 904 563 custos
937 520 1115 574 virginis
1151 521 1303 574 Argus,

862 637 1134 690 clipeataque
1167 635 1271 676 totis

839 694 1083 747 Argivaque
1120 692 1269 747 pubes,

886 755 1138 804 veteresque
1173 748 1328 800 Sicani,
1680 751 1761 790 795

113 754 429 806 Auruncaeque
464 766 634 804 manus,
677 751 841 803 Rutuli,

113 907 185 934 toto
211 913 240 933 υ.
265 911 393 944 ειιρνας
432 904 478 932 ita
503 904 594 932 Aiax
625 908 674 932 est
700 898 824 943 ἔξοχος
845 897 915 942 Ἀρ-

112 946 218 990 γείων
241 944 424 989 κεφαλήν,·
456 950 502 978 ita
527 951 665 987 Saulus,
698 958 756 978 rex
780 950 915 978 Israeli-

114 1000 228 1025 tarum.

160 1039 237 1069 785.
264 1042 367 1069 Galea
391 1049 432 1069 ex
457 1042 591 1069 metallo
620 1040 727 1077 fiebat,
760 1044 914 1074 erantque

113 1088 242 1116 additae
272 1087 393 1116 cristae
424 1095 441 1115 e
477 1094 554 1115 cono
587 1087 815 1121 prominentes.
865 1085 913 1113 Cf.

115 1132 146 1169 3,
170 1130 247 1161 468.
281 1131 313 1169 ὅ,
339 1130 414 1161 620.
465 1133 591 1161 Cristas
609 1136 717 1160 autem
737 1135 830 1166 poeta
846 1139 914 1159 me-

114 1183 217 1208 morat
243 1175 366 1206 rubras
393 1176 430 1215 9,
457 1178 510 1206 50.
544 1175 619 1206 270.
658 1176 716 1215 12,
740 1176 800 1214 89,
832 1185 914 1204 son-

114 1222 268 1264 guineas
307 1222 342 1259 9,
381 1222 465 1258 733,
509 1230 708 1263 purpureus
748 1221 786 1257 9,
837 1219 912 1250 163.

115 1271 292 1298 comantes
329 1267 364 1305 3,
399 1267 475 1297 468.
533 1269 651 1298 Cristis
682 1268 824 1297 maxime
855 1276 913 1296 ex-

114 1317 275 1345 cellebant
304 1315 467 1343 Samnites
498 1315 571 1343 Liv.
600 1312 636 1351 9,
669 1312 721 1342 40.
774 1312 829 1349 111,
859 1310 912 1341 39.

117 1361 254 1396 'lriplici
291 1361 367 1389 iuba
409 1361 514 1389 ornati
554 1364 644 1389 erant
674 1360 795 1389 hastati
828 1360 913 1394 apud

114 1408 281 1435 Romanos
323 1401 718 1457 (πιροςεπικοσμοῦνται
748 1400 913 1455 πτερίνῳ

116 1445 284 1502 στεφάνῳ
314 1446 375 1480 καὶ
406 1449 552 1489 πτεροῖς
581 1445 772 1489 φοινικίοίς
803 1440 825 1489 ἢ
853 1445 914 1487 μέ-

115 1494 218 1525 λασιν
243 1490 376 1535 ὀρθοῖς
400 1491 525 1534 τρισίν.
575 1496 684 1524 Crista
714 1500 804 1524 tanta
833 1499 912 1533 erat,

113 1547 148 1572 ut
172 1545 265 1572 homo
295 1543 392 1577 duplo
418 1542 522 1570 maior
549 1549 646 1576 quam
671 1546 757 1571 esset
784 1542 913 1570 xidere-

114 1592 165 1617 tur
179 1590 293 1624 Polyb.
322 1586 352 1624 6,
379 1586 432 1625 23,
464 1586 534 1624 12),
563 1588 618 1622 qui
642 1590 737 1623 plura
759 1595 852 1616 arma
874 1595 913 1617 ac

113 1636 179 1663 tela
208 1633 364 1663 militaria
395 1641 416 1662 a
437 1634 636 1662 Samnitibus
667 1634 805 1662 mutuati
838 1637 914 1662 sunt

115 1681 196 1709 Sall.
219 1681 288 1709 Cat.
316 1677 369 1708 51.
419 1680 473 1708 Sic
497 1680 628 1708 Turnus
652 1682 747 1709 hahet
773 1681 912 1716 galeam,

113 1726 236 1760 triplici
267 1727 345 1754 iuba
369 1729 531 1763 ornatam,
566 1726 600 1754 in
625 1733 727 1760 eaque
751 1730 820 1754 erat
844 1726 913 1754 chi-

114 1779 242 1808 maera,
276 1779 360 1806 quae
392 1779 448 1805 pro
474 1775 560 1800 motu
584 1771 715 1800 ferentis
738 1774 914 1800 vehemen-

116 1817 196 1845 tiore
213 1817 288 1851 ipsa
307 1818 475 1845 ardescere
496 1818 676 1846 videbatur.
719 1818 766 1847 Cf.
784 1818 815 1855 ὅ,
835 1816 912 1845 620.

118 1877 156 1882 -
182 1863 229 1891 De
253 1866 315 1890 toto
341 1867 456 1890 ornatu
480 1862 519 1891 cf.
547 1861 583 1900 9,
608 1861 662 1892 26.

162 1905 240 1935 786.
265 1910 362 1944 Ignes
389 1908 530 1936 Aetnaei
557 1912 650 1946 sunt,
690 1910 805 1944 quales
837 1909 916 1938 iacit

116 1954 234 1983 Aetna.

162 1997 240 2028 787.
267 2000 339 2027 tam
362 1995 481 2038 magis
503 2013 547 2017 —
569 2006 672 2037 quam
698 1997 817 2039 magis
842 2009 916 2029 cum

115 2046 275 2080 positivo:
301 2044 349 2073 sic
365 2045 472 2072 Plaut.
491 2045 610 2073 Bacch.
637 2043 667 2081 5,
698 2041 725 2080 1,
748 2045 778 2072 5.
816 2047 914 2075 Poen.

120 2088 216 2128 1,2,
246 2089 318 2118 135.
361 2090 435 2118 Liv.
462 2087 499 2127 7,
531 2089 557 2118 1.
584 2086 644 2125 21,
672 2088 725 2118 43.
749 2094 916 2129 utquam

115 2134 236 2177 magis
269 2151 314 2155 —
347 2133 466 2176 magis
496 2137 531 2164 G.
567 2133 604 2171 3,
640 2133 715 2163 309.
766 2138 836 2164 tarn
872 2151 915 2155 ——-

115 2190 219 2222 quarn
249 2182 336 2210 enim
362 2182 508 2215 iungitur
537 2181 635 2210 etiam
662 2189 735 2210 cum
766 2183 917 2216 superla-

115 2229 200 2265 tivo,
245 2229 329 2262 quod
357 2227 389 2256 fit
423 2235 474 2262 ap.
509 2229 592 2255 Sall.
626 2228 695 2263 lug.
732 2225 771 2255 31
810 2235 915 2266 quam

115 2271 262 2313 quisque
284 2271 433 2313 pessime
453 2270 559 2310 facit,
586 2275 658 2302 tam
686 2270 836 2302 maxime
862 2275 916 2302 tu—

116 2322 172 2348 tus
198 2320 258 2348 est.
306 2319 378 2348 Ter.
402 2319 464 2347 Ad.
491 2317 527 2356 3,
561 2316 596 2356 4,
630 2316 683 2347 56.
739 2320 856 2347 Heaut.
883 2318 915 2356 5,

115 2362 152 2402 2,
181 2361 234 2392 44.

161 2407 238 2438 788.
266 2406 474 2438 crudescunt
494 2417 643 2449 pugnae
666 2410 705 2439 cf.
736 2406 793 2447 10,
823 2407 899 2438 682.

162 2453 238 2484 789.
264 2457 299 2484 Io
337 2455 371 2482 in
409 2454 477 2483 levi
509 2455 611 2490 clipeo
651 2455 817 2490 insculpta
847 2459 915 2484 erat

116 2505 250 2538 aurata,
283 2505 313 2529 et
341 2500 407 2529 iam
434 2503 467 2528 ut
496 2503 569 2537 bos,
602 2506 736 2530 cornuta
757 2505 788 2530 et
813 2501 915 2530 saetis

115 2548 231 2577 obsita.
270 2548 328 2575 Ius
346 2546 493 2575 fabulam
513 2547 573 2575 Ov.
592 2551 703 2576 narrat
720 2549 763 2575 M.
788 2544 817 2585 1,
837 2545 914 2576 568.

115 2595 228 2630 Argus
254 2596 364 2622 custos
389 2596 459 2620 erat
484 2593 550 2620 Ius.

161 2637 239 2668 791.
269 2637 527 2678 Argumentum
550 2638 588 2666 de
613 2645 708 2672 opere
729 2641 798 2666 arte
820 2637 915 2675 facto,

115 2693 177 2720 quo
203 2685 319 2713 fabula
350 2683 463 2718 aliqua
487 2683 677 2712 continetur.
727 2683 795 2712 Cic.
820 2684 915 2712 Verr.

116 2728 148 2769 4,
173 2729 226 2769 56,
255 2727 319 2758 124
349 2727 403 2758 Ex
425 2726 524 2757 ebore
546 2726 820 2769 diligentissime
837 2737 917 2769 per-

109 2775 211 2815 fecta
237 2776 339 2805 erant
366 2776 582 2814 argumenta
608 2772 644 2803 in
670 2771 796 2803 valvis.

162 2819 239 2850 792.
265 2823 408 2850 Inachus
432 2822 488 2849 Ius
512 2824 612 2857 pater,
637 2824 671 2849 ut
695 2821 774 2849 deus
797 2819 916 2849 fluvia-

118 2867 161 2897 lis
192 2868 374 2904 depingitur
406 2867 501 2895 nisus
530 2873 631 2903 urna,
667 2874 709 2895 ex
738 2873 802 2901 qua
829 2873 916 2901 aqua

117 2913 251 2947 profluit.
301 2914 370 2942 Hac
400 2912 526 2947 pictura
541 2915 753 2941 ‚monstratur
784 2912 915 2941 Turnus

118 2966 136 2986 e
159 2959 292 2989 Graecis
318 2962 426 2994 ortus3
462 2959 611 2987 solebant
640 2958 726 2987 enim
752 2958 784 2986 in
810 2958 914 2988 scutis

962 903 1121 932 maiorum
1151 902 1218 930 fata
1251 906 1280 931 et
1312 901 1399 931 facta
1424 901 1511 936 picta
1534 903 1662 930 habere.
1713 901 1761 930 Cf.

961 951 1003 977 ad
1030 957 1059 977 v.
1087 946 1163 976 656.

1008 992 1085 1022 793.
1111 990 1249 1022 nimbus
1281 988 1458 1032 peditum,
1508 986 1620 1031 νέφος
1650 987 1765 1028 πεζῶν

962 1041 1053 1068 Hom.
1077 1041 1115 1068 Il.
1143 1037 1178 1074 ⁴,
1209 1035 1286 1066 274.

1007 1082 1083 1112 794.
1110 1081 1346 1119 „Densentur,
1374 1083 1504 1118 denseo,
1537 1084 1653 1110 denses
1681 1082 1761 1112 dici-

961 1138 1050 1166 mus,
1082 1130 1179 1158 aliter
1205 1127 1289 1156 norr‘
1317 1129 1349 1156 S.
1398 1128 1480 1161 Quid
1504 1130 1563 1157 hoc
1589 1129 1658 1157 loco
1681 1131 1762 1156 Mss.

961 1177 1043 1213 dent,
1068 1183 1132 1203 non
1157 1175 1236 1203 dicit
1260 1171 1336 1209 Rb„
1362 1174 1416 1208 qui
1438 1173 1527 1202 affert
1553 1175 1593 1202 ad
1620 1171 1671 1207 11,
1697 1173 1763 1200 65⁰

961 1219 1081 1250 denset
1106 1221 1162 1249 sed
1186 1219 1406 1255 suprascripto
1431 1227 1450 1247 a
1471 1221 1514 1248 M.
1550 1218 1673 1248 densat
1694 1220 1764 1258 Ryc

960 1271 990 1295 et
1022 1264 1080 1303 12,
1116 1264 1182 1294 264
1224 1264 1362 1294 densete
1391 1266 1460 1294 Rbc
1505 1263 1650 1293 densare
1682 1266 1766 1304 ΜΡγ

961 1315 995 1341 G.
1014 1310 1042 1350 l,
1060 1310 1126 1340 2⁴8
1146 1309 1334 1340 densentur
1349 1311 1448 1349 PRyb
1463 1307 1658 1339 densantur
1672 1313 1723 1339 Mc
1736 1314 1766 1339 et

961 1356 1025 1386 419
1054 1355 1173 1387 denset
1197 1358 1287 1396 Rybc
1314 1354 1433 1386 denset
1461 1357 1517 1385 seu
1542 1357 1764 1391 suprascripto

960 1412 982 1433 a
1016 1406 1059 1433 Μ.
1114 1405 1226 1438 Itaque
1255 1402 1332 1431 libri
1362 1411 1427 1430 non
1463 1406 1595 1431 servant
1627 1403 1763 1430 eandem

960 1451 1173 1485 scripturam
1209 1449 1348 1477 editores
1379 1448 1478 1477 etiam
1511 1452 1689 1482 sequuntur
1714 1448 1764 1476 tli-

960 1503 1070 1525 versa.
1127 1493 1284 1524 Densare
1307 1494 1490 1530 legitimum
1515 1498 1573 1530 est,
1599 1495 1655 1522 sed
1680 1490 1765 1522 den-

960 1550 1036 1571 sere
1060 1542 1190 1571 videtur
1216 1544 1301 1570 certe
1326 1544 1440 1575 postea
1467 1540 1572 1568 fuisse
1597 1540 1763 1568 usitatum.

963 1603 1000 1607 —
1033 1585 1172 1628 Argiua
1195 1583 1320 1626 pubes,
1347 1586 1386 1615 cf.
1414 1583 1491 1614 371.
1521 1601 1558 1605 —
1588 1586 1765 1615 Auruncos

960 1633 1100 1662 fortasse
1133 1640 1205 1669 eos,
1250 1632 1306 1667 qui
1345 1632 1393 1661 cis
1425 1631 1528 1660 Lirim
1563 1632 1764 1668 habitabant,

960 1681 1020 1708 sub
1045 1687 1105 1708 suo
1130 1679 1237 1713 ipsius
1262 1678 1397 1712 imperio
1425 1678 1555 1715 habuit,
1582 1686 1681 1712 quum
1709 1686 1765 1706 eos

960 1725 1016 1760 qui
1041 1729 1132 1754 trans
1148 1724 1252 1752 Lirim
1273 1728 1393 1761 essent,
1420 1725 1543 1752 Haleso
1565 1723 1763 1752 tradidisset.

961 1771 1007 1800 Cf.
1034 1779 1066 1799 v.
1093 1768 1169 1798 725.

1006 1814 1083 1845 795.
1110 1818 1241 1844 veteres
1260 1811 1507 1851 Sicani„Bene
1527 1818 1665 1849 veteres,
1689 1821 1766 1842 nam

961 1862 1015 1891 ubi
1044 1871 1130 1891 nunc
1162 1862 1267 1889 Roma
1298 1864 1361 1897 est,
1401 1860 1446 1889 ibi
1477 1860 1608 1888 fuerunt
1639 1860 1762 1896 Sicani,

960 1916 1041 1943 quos
1081 1912 1194 1943 postea
1232 1907 1424 1941 pepulerunt.
1458 1905 1690 1942 Aborigines.“
1729 1907 1761 1934 S.

968 1952 1107 1982 tereres
1137 1950 1261 1981 Sicani
1286 1952 1384 1981 etiam
1413 1949 1465 1988 11,
1492 1950 1556 1979 316
1587 1959 1683 1986 prope
1708 1951 1764 1979 'ri-

961 1999 1062 2028 berim
1099 1999 1268 2028 habitasse
1306 1998 1473 2033 dicuntur;
1511 2005 1616 2032 neque
1654 1997 1765 2026 minus

961 2053 1036 2073 esse
1054 2043 1279 2080 antiquissimi
1298 2043 1369 2072 eius
1390 2043 1533 2080 regionis
1554 2044 1681 2072 incolae
1697 2051 1765 2072 me—

963 2094 1131 2118 morantur
1158 2089 1230 2124 (ap.
1254 2091 1355 2118 Macr.
1382 2091 1448 2117 Sat.
1477 2086 1513 2123 1,
1539 2088 1569 2117 5.
1620 2091 1700 2117 Geli.
1725 2090 1763 2116 N.

961 2135 1004 2163 A.
1034 2133 1062 2171 1,
1094 2133 1153 2170 10)
1179 2142 1253 2164 cum
1269 2135 1440 2163 Auruncis
1463 2138 1491 2163 et
1511 2135 1654 2170 Rutulis,
1682 2137 1712 2162 et
1733 2132 1764 2170 8,

965 2178 1029 2208 328
1053 2180 1203 2209 dicuntur
1227 2183 1300 2214 post
1328 2186 1462 2208 auream
1493 2183 1631 2207 aetatem
1656 2179 1764 2207 immi-

963 2233 1087 2262 grasse.
1137 2226 1275 2254 Sicanos
1300 2229 1409 2253 autem
1438 2232 1459 2252 a
1483 2225 1624 2260 Virgilio
1653 2228 1683 2252 et
1708 2225 1764 2258 qui

964 2276 1035 2306 post.
1063 2279 1137 2300 eum
1171 2271 1371 2304 scripserunt
1402 2271 1584 2304 appellatos
1612 2277 1686 2298 esse
1711 2270 1764 2297 Si-

962 2319 1055 2347 culos
1080 2320 1151 2352 post
1176 2316 1376 2345 Gronovium
1399 2316 1497 2344 etiam
1521 2315 1690 2344 Niebuhrii
1714 2319 1764 2343 est

962 2363 1124 2392 sententia
1158 2359 1171 2390 1
1202 2370 1232 2397 p.
1266 2359 1308 2389 48
1336 2369 1383 2396 sq.
1415 2360 1490 2396 (qui
1521 2368 1577 2389 eos
1605 2362 1764 2397 Pelasgos

962 2409 1078 2444 hahet)
1114 2415 1196 2443 quae
1227 2407 1371 2436 firmatur
1394 2407 1503 2436 Servii
1528 2407 1637 2435 verbis
1667 2408 1707 2435 ad
1737 2405 1764 2442 1,

963 2453 981 2482 2
1019 2455 1133 2491 „iuxta
1163 2454 1304 2482 Tiberim
1338 2453 1506 2481 habitasse
1531 2453 1677 2489 Siculos,
1709 2452 1765 2480 ubi

962 2505 1011 2529 est
1040 2500 1331 2534 Laurolavinium,
1367 2498 1577 2527 manifestum
1607 2495 1694 2533 est,‘'·
1735 2502 1764 2525 et

962 2546 1117 2581 Dionysii
1154 2545 1364 2582 auctoritate,
1404 2544 1459 2579 qui
1498 2552 1534 2572 eo
1570 2545 1658 2577 loco,
1703 2551 1765 2578 quo

962 2594 1068 2621 Roma
1103 2592 1233 2621 condita
1268 2595 1334 2625 est,
1380 2589 1560 2624 antiquitus
1597 2590 1764 2618 habitasse

966 2631 1144 2672 Σικέλους
1161 2630 1272 2670 ἔθνος
1290 2628 1483 2673 αὐθιγενὲς
1500 2639 1621 2671 narrat,
1646 2643 1766 2669 eosque

961 2690 1079 2719 magno
1094 2684 1178 2711 bello
1195 2684 1236 2710 ab
1250 2681 1487 2716 Aboriginibus
1502 2688 1575 2709 esse
1593 2682 1763 2716 expulsos.

963 2731 1002 2757 Et
1024 2731 1115 2758 Serv.
1143 2730 1173 2756 11.
1197 2729 1236 2756 l.:
1272 2726 1389 2763 „Gabii
1415 2730 1444 2754 et
1461 2727 1578 2755 Aricia
1601 2734 1621 2756 a
1640 2727 1763 2756 Siculis

962 2779 1104 2804 structae
1130 2774 1281 2802 dicuntur
1304 2775 1345 2801 ab
1371 2772 1511 2801 Hemina
1533 2780 1585 2807 ap.
1606 2773 1706 2801 Solin.
1733 2771 1764 2808 2,

966 2819 1017 2849 10.
1068 2819 1115 2849 cf.
1138 2819 1238 2848 etiam
1264 2818 1415 2847 Servium
1441 2819 1481 2846 ad
1505 2816 1537 2855 8,
1566 2816 1649 2846 328:
1689 2818 1764 2855 „Si-

962 2867 1037 2896 cani
1073 2869 1181 2894 autem
1221 2865 1399 2894 secundum
1435 2865 1609 2892 nonnullos
1651 2863 1765 2898 populi

962 2916 1038 2941 sunt
1061 2911 1243 2946 Hispaniae
1280 2917 1301 2938 a
1333 2909 1433 2938 fluvio
1457 2910 1561 2939 Sicori
1596 2909 1672 2938 dicti
1699 2908 1765 2944 (ἓ).

963 2959 1005 2987 Hi
1035 2959 1115 2987 duce
1149 2957 1260 2986 Siculo
1297 2958 1458 2985 venerunt
1495 2957 1536 2984 ad
1569 2955 1700 2984 Italiam
1735 2958 1766 2983 et
