2023 3350
221 143 302 181 524
788 140 822 172 P.
853 139 1046 172 vmottn

219 251 406 294 Transiit
446 251 656 292 intextum
692 251 828 293 tauris
869 266 992 306 opus,
1031 253 1201 307 imaque
1236 253 1346 296 sedit

219 309 418 361 higuino,
454 307 529 349 sed
565 308 676 350 vires
711 308 827 351 haud
865 309 1055 364 pertulit.

218 367 401 416 Aeneas,
440 368 529 406 viso
562 365 770 419 Tyrrheni
806 367 1013 421 sanguine
1046 367 1202 420 laetus,

219 423 362 476 Eripit
398 435 424 463 a
459 422 615 464 femine
662 427 703 465 et
739 425 973 479 trepidanti
1012 424 1199 467 fervidus
1237 426 1383 467 instat.

217 480 432 533 Ingemuit
472 480 562 522 cari
600 481 789 533 graviter
823 483 1027 535 genitoris

218 537 277 579 Ut
310 537 418 579 vidit
455 538 640 589 Lausus,
682 539 969 594 lacrimaeque
1004 554 1082 594 per
1122 555 1199 583 ora
1239 539 1423 581 volutae.

332 595 413 636 Hic
451 595 601 637 mortis
640 596 773 639 durae
816 612 979 649 casum,
1019 601 1182 651 tuaque
1221 597 1382 652 optima
1420 597 1555 649 facta,

217 652 263 694 Si
303 666 388 705 qua
423 652 552 694 fidem
586 657 708 696 tanto
751 659 816 697 est
856 657 975 710 operi
1013 655 1158 697 latura
1197 658 1404 705 vetustas,

216 711 312 751 Non
353 710 569 764 equidem,
607 726 686 754 nec
722 716 782 764 te,
824 713 986 755 iuvenis
1025 713 1320 764 memorande,
1359 711 1508 754 silebo.

216 768 296 810 Ille
331 767 483 822 pedem
520 768 708 812 referens
746 773 788 812 et
825 771 990 813 inutilis
1029 771 1159 824 inque
1192 771 1370 823 ligatus,

218 825 429 878 Cedebat,
460 826 684 880 clipeoque
725 828 944 871 inimicum
981 829 1137 870 hastile
1173 827 1386 870 trahebat.

1084 140 1292 173 MARONlS

1780 257 1804 295 7
1809 256 1862 296 85

1117 311 1245 353 Ocius
1282 325 1424 354 ensem

1062 496 1228 534 amore,

1783 542 1866 581 790

1783 828 1866 866 795

215 883 436 938 Proripuit
471 884 634 926 iuvenis
676 899 854 939 seseque
892 887 1124 928 immiscuit
1161 886 1315 937 armis,

217 940 395 995 Iamque
438 941 710 996 adsurgentis
749 943 903 986 dext-ra
939 945 1201 999 plagamque
1236 941 1414 985 ferentis

216 999 385 1041 Aeneae
423 999 555 1041 subiit
593 1014 856 1055 mucronem,
893 1003 1118 1057 ipsumque
1158 1000 1364 1044 morando

217 1175 324 1211 xis-se,
352 1176 481 1205 scilicet
506 1177 626 1212 triplex
657 1187 716 1208 aes
741 1184 770 1208 et
793 1181 916 1210 corium
947 1181 1020 1212 iun-

218 1227 336 1255 guntur
351 1223 429 1259 lino,
456 1231 519 1256 quo
540 1224 646 1257 magis
666 1230 827 1260 aptentur.
849 1244 893 1247 —
918 1229 1020 1262 Iunge

217 1275 339 1296 ucourn
388 1276 467 1298 aere
516 1267 658 1309 triplici.
721 1273 844 1302 Tribus
890 1275 1022 1304 laminis

218 1315 325 1343 aereis
360 1320 389 1344 et
421 1317 523 1345 tribus
555 1318 740 1352 tergoribus
767 1320 905 1349 taurinis
939 1329 1020 1349 con-

217 1364 281 1388 stat
302 1361 443 1397 clipeus,
469 1363 633 1392 inductum
661 1369 711 1392 est
735 1365 849 1393 linunt.
882 1380 927 1386 —
964 1367 1019 1395 Li-

217 1413 294 1434 num
345 1407 441 1435 etiam
482 1410 522 1436 ad
568 1411 735 1438 tutandum
785 1412 1017 1448 adhibebatur,

217 1457 307 1480 certe
353 1454 537 1487 Iphicrates
578 1455 732 1484 militibus
780 1457 854 1485 suis
895 1458 1018 1487 loricas

218 1498 302 1526 dedit
326 1498 456 1527 linteas.

264 1554 341 1583 786.
368 1558 438 1584 Non
465 1560 573 1590 potest
597 1561 720 1586 tantum
751 1564 941 1596 penetrare,
987 1565 1018 1589 ut

217 1605 353 1630 mortem
378 1602 502 1630 afferat.
536 1618 580 1621 —
610 1600 701 1632 vires
724 1602 870 1644 pertulit
896 1605 937 1634 cf.
967 1604 1019 1644 12,

218 1644 296 1674 907.

263 1699 339 1730 789.
365 1703 602 1733 crudelissimo
629 1706 711 1741 patri
736 1712 835 1742 poeta
861 1709 1015 1743 optimum

217 1748 328 1777 tribuit
365 1748 482 1785 filium,
532 1751 629 1779 simul
670 1757 815 1781 mutuum
848 1753 931 1782 inter
957 1763 1016 1783 eos

217 1801 364 1823 amorem
399 1794 504 1832 fingit,
550 1803 648 1831 atque
681 1797 726 1826 ita
755 1800 930 1828 humanum
956 1808 1018 1828 ex-

217 1840 339 1875 pressit
369 1841 531 1878 animum,
572 1843 625 1876 uui
664 1845 787 1872 habere
819 1847 890 1873 vult
932 1847 1017 1880 quod

217 1886 342 1920 diligat.
368 1891 396 1914 et
423 1886 452 1915 si
477 1887 584 1917 minus
609 1891 723 1926 habet,
758 1890 789 1918 id
814 1893 898 1925 quod
923 1894 1019 1920 habet

217 1940 257 1960 eo
285 1932 409 1960 maiore
434 1940 546 1962 amore
561 1936 777 1970 amplectitur.
830 1938 1016 1966 Mezentius

217 1978 348 2006 omnino
375 1980 473 2007 homo
496 1984 559 2017 est,
585 1981 617 2008 in
642 1989 706 2015 quo
729 1983 831 2011 multa
849 1988 923 2012 sunt
943 1985 1017 2012 lau-

217 2024 349 2061 dabilia,
373 2023 545 2061 fortitudo,
583 2034 676 2055 amor
698 2028 730 2055 in
752 2028 869 2065 filium,
897 2029 1015 2058 virium

218 2069 437 2106 conscientia,
479 2078 543 2105 qua
573 2072 654 2100 nihil
677 2072 784 2101 furtim
812 2081 910 2109 agere
934 2077 1015 2104 vult.

218 2117 282 2144 Sed
305 2115 449 2144 crudelis
472 2121 523 2145 est
549 2117 580 2146 in
612 2119 772 2155 homines,
803 2128 887 2153 quos
909 2125 939 2149 ut
964 2121 1017 2149 vi·-

216 2163 268 2190 les
293 2166 501 2190 contemnere
527 2163 650 2199 didicit3
700 2166 781 2194 deos
807 2171 915 2194 autem
941 2175 1018 2202 pre-

217 2208 310 2236 cibus
334 2215 399 2236 non
425 2207 527 2246 flecti,
553 2211 612 2238 sed
637 2218 681 2238 ex
706 2210 773 2239 fato
801 2212 910 2240 omnia
935 2220 1016 2241 con-

217 2254 305 2282 stitui
356 2259 493 2292 putanS,
549 2264 614 2284 non
669 2264 753 2291 opus
807 2259 902 2286 habet
961 2267 1020 2288 eos

217 2301 336 2373 cqlere.
386 2302 467 2328 Eum
497 2309 562 2329 non
595 2310 674 2330 esse
700 2294 818 2332 ἄθεον
843 2304 961 2333 docent
988 2313 1018 2334 v.

216 2346 236 2374 7
264 2345 293 2373 3.
319 2344 394 2374 745.

330 2421 521 2454 791—832.
568 2423 704 2455 Lausus
736 2423 902 2456 caeditur.
944 2466 948 2471 ¹

262 2491 339 2520 791.
373 2495 518 2530 „Duram
552 2501 688 2525 mortem
717 2497 757 2524 ad
788 2500 930 2525 aetatem
964 2505 1018 2526 re-

216 2538 288 2566 tulit
314 2539 572 2569 adolescentis.“
586 2543 668 2571 Don.
688 2557 733 2560 —
757 2539 880 2571 Mortis
898 2551 1017 2572 casum

216 2583 330 2612 Cicero
358 2585 438 2614 dixit
469 2587 538 2615 CM.
567 2586 616 2617 19.
651 2602 696 2606 —
724 2589 794 2616 Iam
817 2588 955 2620 Servius
983 2589 1015 2618 in

215 2629 306 2658 libris
330 2630 455 2660 invenit
479 2636 507 2660 et
530 2631 658 2671 optime
683 2638 714 2661 et
739 2631 889 2673 optima.
930 2640 959 2663 et
983 2635 1014 2663 in

215 2678 258 2704 M.
281 2681 334 2704 est
358 2675 511 2718 optimae
534 2679 690 2708 transfixo
718 2688 752 2719 u,
775 2680 807 2708 in
832 2682 868 2709 R.
889 2678 1018 2718 optime

216 2722 249 2750 in
273 2721 315 2750 bf).
344 2721 488 2762 optima.
544 2722 685 2764 Optima
723 2726 787 2754 iam
819 2726 951 2755 includit
985 2730 1017 2753 et

217 2768 369 2802 pietatem
396 2771 496 2798 Lausi
519 2775 549 2798 et
572 2770 807 2807 fortitudinem,
831 2777 861 2800 et
889 2769 1016 2811 optime

218 2816 256 2842 ob
292 2817 429 2844 atterum
468 2817 655 2846 vocativum
690 2815 888 2846 miserande
922 2818 1017 2846 inve-

217 2865 349 2889 nustum
381 2867 441 2890 est.
496 2860 638 2902 Optima
667 2861 771 2900 facta
807 2863 847 2892 cf.
881 2862 919 2900 2,
950 2861 1014 2891 547

217 2903 335 2934 tristia
352 2906 471 2944 fucta.

265 2962 340 2990 792.
365 2961 507 2998 „Tanto
533 2963 630 3004 operi
650 2974 714 2994 non
741 2967 780 2994 de
805 2966 876 2995 suis
898 2966 1017 2995 carmi-

218 3008 314 3035 nibus
340 3010 428 3043 (licit,
456 3019 517 3040 nec
539 3012 624 3039 enim
651 3012 712 3040 sibi
738 3017 926 3047 arrogare13
957 3012 1016 3040 sed

219 3058 306 3081 tanto
334 3056 424 3089 operi
449 3056 470 3083 i.
512 3066 539 3085 e.
572 3058 682 3091 pietati
720 3063 748 3086 et
782 3058 894 3087 virtuti
929 3062 1014 3086 tuae.

1069 1179 1149 1206 Nam
1172 1177 1224 1206 bic
1251 1181 1301 1206 est
1327 1182 1467 1204 sensus:
1516 1176 1586 1208 Ego
1617 1173 1748 1209 quidem
1776 1172 1866 1202 facta

1068 1227 1160 1252 tuao
1188 1225 1296 1252 Lause
1328 1227 1357 1250 et
1383 1225 1519 1249 mortem
1560 1228 1604 1248 ex
1639 1220 1760 1255 pietate
1803 1227 1864 1247 ve-

1067 1270 1208 1298 nientem
1234 1277 1299 1298 non
1324 1268 1453 1303 silebo,
1479 1266 1510 1295 si
1532 1269 1640 1294 tamen
1662 1266 1774 1294 credet
1803 1272 1865 1293 ve-

1065 1320 1190 1351 tustas,
1240 1323 1283 1343 ex
1310 1315 1475 1342 scelerato
1497 1312 1626 1340 bomine
1651 1311 1739 1347 pium
1765 1311 1864 1339 lilium

1065 1361 1172 1390 fuisse
1196 1358 1436 1396 procreatun1.“
1461 1360 1493 1386 S.
1538 1358 1602 1386 Sed
1628 1357 1659 1386 id
1682 1357 1778 1386 filium
1805 1364 1863 1392 pro

1067 1413 1158 1441 patre
1183 1415 1222 1435 se
1248 1406 1341 1435 morti
1365 1405 1482 1434 offerre
1506 1403 1538 1431 in
1561 1403 1687 1439 proelio
1726 1410 1791 1431 non
1818 1402 1862 1430 ita

1066 1460 1174 1481 rarum
1212 1457 1298 1486 erat,
1339 1457 1371 1479 ut
1408 1454 1561 1479 vetustas
1603 1457 1668 1477 non
1703 1449 1862 1477 crederet.

1067 1499 1159 1532 Quod
1191 1505 1287 1532 quum
1322 1497 1417 1525 unice
1448 1499 1638 1530 spectarent
1667 1494 1864 1529 interpretes

1066 1549 1095 1571 et
1123 1550 1206 1577 quae
1230 1542 1368 1571 Servius
1394 1545 1566 1570 monuerat
1593 1540 1809 1576 negligerent,
1831 1540 1863 1568 in

1067 1589 1163 1617 aliam
1191 1588 1387 1617 sententiam
1415 1586 1543 1621 delapsi
1572 1591 1668 1623 sunt,
1706 1590 1737 1614 ut
1774 1586 1865 1613 dice-

1066 1639 1134 1663 rent
1164 1639 1252 1663 tanto
1280 1634 1371 1669 operi
1396 1641 1475 1662 esse
1495 1631 1647 1667 poemati,
1670 1638 1733 1666 quo
1755 1635 1863 1660 tantas

1062 1688 1118 1710 res
1154 1681 1366 1715 complector.
1448 1679 1540 1713 Quod
1589 1678 1620 1706 si
1667 1677 1865 1714 servabitur,

1064 1730 1096 1754 tu
1124 1727 1221 1754 etiam
1246 1724 1437 1754 laudaberis
1461 1725 1500 1752 ob
1526 1723 1641 1751 merita
1681 1727 1746 1752 tua.
1791 1724 1864 1752 Hoc

1064 1772 1160 1800 etiam
1198 1772 1349 1800 Donatus
1386 1769 1515 1804 accipit.
1542 1768 1584 1797 cf.
1614 1767 1652 1806 9,
1688 1767 1764 1797 446.
1813 1770 1865 1797 lta

1065 1825 1151 1857 opuv
1185 1818 1246 1846 Ov.
1282 1819 1324 1845 M.
1367 1814 1419 1852 15,
1457 1813 1543 1843 871:
1592 1810 1736 1853 Iamque
1778 1822 1865 1853 opus

1066 1859 1187 1902 exegi,
1229 1860 1322 1902 quod
1356 1869 1418 1890 nec
1451 1857 1544 1890 lovis
1585 1855 1640 1888 ira
1681 1867 1744 1888 uec
1768 1857 1865 1900 ignis

1070 1905 1140 1937 Nec
1162 1906 1290 1948 poterit
1319 1906 1454 1944 ferrum
1499 1913 1560 1934 nec
1598 1902 1688 1934 edax
1727 1903 1866 1934 abolere

1062 1957 1233 1983 vetustas.
1288 1951 1338 1982 De
1358 1960 1411 1981 me
1440 1949 1541 1981 nulla
1566 1959 1720 1990 unquam
1747 1949 1864 1980 obmu-

1063 2001 1167 2029 tescet
1195 2004 1346 2029 vetustas
1379 2000 1446 2027 Cic.
1472 1997 1540 2027 Mil.
1568 1995 1630 2033 35,
1662 1996 1704 2025 cf.
1736 1998 1796 2026 Ov.
1821 2000 1863 2026 M.

1063 2045 1093 2081 l,
1118 2044 1186 2074 445
1228 2043 1277 2074 Pl.
1303 2045 1387 2074 coni.
1420 2040 1470 2073 Ne
1495 2051 1563 2083 qua
1585 2039 1697 2081 fidem
1723 2044 1864 2072 tantam

1060 2089 1171 2131 possit
1198 2088 1312 2120 delere
1339 2091 1506 2119 vetustam

1108 2169 1185 2199 794.
1216 2167 1368 2207 Inutilis,
1413 2171 1497 2205 quod
1516 2171 1654 2198 vulnere
1674 2172 1724 2197 est
1749 2167 1866 2196 debili-

1061 2220 1160 2252 tatus,
1186 2217 1231 2245 ita
1255 2215 1287 2252 2,
1311 2216 1389 2251 647,
1413 2216 1544 2251 plenius
1571 2216 1630 2244 Ov.
1651 2215 1725 2243 Her.
1751 2213 1777 2250 1,
1802 2213 1860 2242 105

1067 2259 1208 2291 inutilis
1238 2259 1362 2299 armis,
1399 2263 1456 2291 Sil.
1479 2262 1516 2298 7,
1550 2260 1610 2289 105
1645 2257 1746 2289 bello.
1794 2259 1864 2288 [lli-

1065 2313 1163 2344 gatus
1191 2313 1243 2338 est
1273 2311 1371 2338 nasta
1398 2316 1457 2343 per
1497 2311 1626 2336 scutum
1670 2306 1703 2334 in
1741 2313 1864 2341 corpus

1066 2356 1197 2383 adacta.

1110 2434 1187 2464 796.
1213 2431 1389 2474 proripuit
1420 2435 1516 2473 Mybc
1544 2449 1588 2453 ——
1614 2428 1776 2471 prorupit
1809 2432 1864 2460 ΡΒ

1063 2489 1129 2509 rec.
1161 2477 1222 2510 Rb.
1249 2496 1291 2500 —
1329 2477 1511 2517 proripere
1539 2479 1580 2508 cf.
1604 2481 1681 2508 Hor.
1705 2480 1740 2508 C.
1770 2478 1805 2514 1,
1829 2476 1862 2512 8,

1066 2526 1107 2554 13
1129 2523 1221 2564 Quid
1245 2524 1349 2562 latet,
1377 2528 1413 2554 ut
1435 2522 1723 2564 marinacfilium
1743 2521 1864 2553 dicunt

1066 2569 1225 2601 Thetidis
1254 2569 1315 2600 sub
1353 2568 1542 2600 lacrimosa
1574 2567 1700 2600 Troiae
1731 2568 1863 2608 funera

1063 2618 1245 2654 (Achillem
1279 2618 1366 2652 apud
1393 2616 1647 2655 Lycomedem),
1679 2624 1721 2645 ne
1749 2612 1864 2644 virilis

1064 2661 1179 2692 culeus
1205 2661 1239 2691 in
1270 2660 1407 2691 caedem
1439 2665 1469 2692 et
1503 2659 1629 2702 Lycias
1668 2659 1863 2701 proriperet

1063 2712 1236 2739 catervas.
1268 2711 1304 2737 Et
1329 2709 1508 2738 celeritatis
1529 2714 1558 2736 et
1575 2709 1717 2742 impetus
1742 2707 1774 2735 in
1799 2708 1862 2735 hoc

1062 2756 1146 2784 inest
1171 2755 1277 2791 notio,
1311 2755 1343 2783 in
1367 2752 1528 2793 prorupit
1553 2754 1689 2790 virium,
1727 2757 1758 2781 ut
1784 2750 1861 2779 379.

1064 2803 1113 2830 Ad
1137 2798 1312 2840 proripuit
1347 2801 1444 2829 facile
1476 2800 1637 2834 adiunges
1674 2806 1764 2835 sese,
1807 2802 1863 2825 aut.

1064 2847 1250 2882 explicabis
1295 2848 1336 2875 ad
1370 2854 1536 2882 normam,
1574 2852 1660 2880 quae.
1687 2848 1736 2872 est
1763 2843 1803 2871 atl
1834 2842 1861 2881 l,

1066 2891 1139 2921 104.

1110 2962 1186 2991 797.
1216 2958 1438 3001 assurgentis
1463 2957 1586 2989 dextra
1618 2958 1636 2986 i.
1664 2965 1691 2985 e.
1731 2958 1862 2985 sublata

1065 3011 1104 3038 ad
1128 3009 1224 3037 ictum
1252 3009 1365 3036 «lextra
1391 3006 1431 3034 cf.
1451 3006 1489 3041 9,
1528 3002 1603 3032 749.
1643 3018 1686 3022 —-
1727 3004 1860 3032 Lausus

1065 3055 1186 3090 excipit
1214 3055 1345 3089 plagam
1371 3052 1404 3080 in
1428 3056 1551 3086 patrem
1578 3054 1695 3077 actam.
