2023 3350
719 105 955 140 AENEIDOS
985 107 1071 140 LIB.
1096 109 1122 141 Ι.

98 219 220 262 Bella
259 220 393 272 cient,
430 220 656 274 primaque
686 224 834 262 vetant
868 221 1099 263 consistere
1137 225 1264 264 terra.

100 278 145 320 Si
184 291 317 331 genus
352 277 583 319 humanum
620 281 662 319 et
694 278 896 320 mortalia

97 336 156 377 At
188 339 358 389 sperate
395 335 496 377 deos
528 349 734 378 memores
768 335 887 379 fandi
919 340 1048 391 atque
1082 337 1265 379 nefandi.

97 393 189 435 Rex
228 397 322 435 erat
355 394 520 435 Aeneas
558 393 699 445 nobis,
739 408 823 448 quo
865 395 1021 436 iustior
1059 395 1170 436 alter

96 451 185 492 Nec
216 451 379 504 pietate
411 451 492 492 fuit
526 465 604 493 nec
640 451 752 493 bello
785 452 924 494 maior
957 456 999 494 et-
1034 453 1185 505 armis3

98 508 232 559 Quem
269 509 304 550 si
336 509 429 550 fata
465 510 602 550 virum
637 514 826 561 servant,
865 510 899 551 si

97 566 302 608 Aetheria
340 581 476 620 neque
514 566 654 609 adhuc
691 567 932 609 crudelibus
973 567 1156 609 occubat-
1196 567 1369 619 umbris,

97 624 193 665 Non
232 627 372 666 metus
412 624 552 666 officio
592 640 669 667 nec
711 629 753 667 te
791 629 977 667 certasse
1017 626 1205 680 priorem

98 681 331 724 Paeniteat.

393 682 500 724 Sunt
539 686 581 724 et
614 683 765 725 Siculis
804 683 1048 736 legionibus
1085 683 1222 735 urbes

95 740 316 794 Arvaque
355 741 623 794 Troianoque
662 755 687 782 a
723 741 928 791 sanouine
966 741 1106 782 claius
1138 742 1323 782 Acestes.

931 279 1120 321 temnitis
1153 294 1285 332 arma,

1657 454 1738 492 545

937 511 1122 551 vescitur
1155 524 1262 552 aura

1657 742 1738 780 550

98 798 356 867 Quassatam
391 799 527 840 ventis
564 799 691 840 liceat
727 799 964 840 subducere
1006 799 1196 850 classem,

100 941 217 968 duntur
240 941 401 971 crudeles.
431 941 485 975 qui
509 942 606 970 etiam
631 950 650 971 a
675 942 897 971 communibus

99 986 286 1021 prohibens·
307 989 336 1015 S.
387 988 524 1016 Attende
543 988 640 1016 etiam
659 996 802 1016 arenam
822 988 895 1023 dici,

99 1033 177 1060 litus
202 1032 414 1061 infecundum.

144 1075 220 1106 541.
252 1075 352 1107 Bella
378 1075 466 1107 cient
503 1079 647 1107 homines
672 1079 724 1107 liic
748 1078 897 1107 habitan-

100 1128 163 1157 tes;
199 1124 305 1152 simile
329 1124 364 1152 5.
391 1122 456 1151 585
490 1121 570 1152 belli
595 1122 785 1152 simulacra
808 1121 896 1152 ciere

97 1175 130 1198 et
154 1170 228 1198 Tac.
255 1170 292 1197 H.
322 1167 360 1201 2,
394 1167 434 1196 24
469 1166 611 1198 irritare
637 1166 820 1208 proelium.
854 1184 891 1188 ——

96 1212 213 1256 prima
239 1217 333 1243 terra
358 1215 400 1249 ,.i.
424 1224 450 1243 e.
477 1215 508 1243 iu
531 1213 645 1243 litore·'·
671 1217 702 1243 S.

146 1258 222 1288 54⁶2.
251 1260 284 1288 Si
320 1261 550 1289 humanitatem
587 1269 712 1289 omnem
746 1260 895 1297 exuistis,

99 1314 201 1340 neque
232 1306 396 1334 hominum
430 1307 547 1335 timetis
588 1307 781 1335 vindictam.
821 1307 896 1335 deos

98 1356 182 1381 certe
202 1352 358 1380 veremini
377 1360 494 1386 eosque
512 1353 650 1381 metuite.
672 1368 709 1372 —-
732 1349 896 1381 'Pertinere

99 1398 239 1432 simplex
265 1398 380 1432 legitur
413 1396 487 1426 665.
536 1396 570 1431 6,
607 1396 681 1426 620.
735 1396 794 1430 10,
829 1395 893 1426 737

98 1445 184 1479 apud
217 1445 401 1473 Lucretium
440 1448 468 1472 et
506 1444 689 1477 Horatium:
729 1445 761 1472 iu
799 1451 895 1478 prosa

97 1490 242 1518 oratione
270 1497 320 1524 ap.
346 1491 419 1519 Tac.
449 1491 486 1518 H.
515 1488 552 1526 3,
580 1487 631 1518 47.
683 1490 730 1519 Cf.
757 1489 792 1526 5,
821 1487 894 1518 154.

143 1534 220 1564 5-13.
249 1535 293 1565 At
326 1536 364 1564 cf.
397 1545 428 1565 v.
464 1533 483 1564 4
516 1538 553 1565 at
586 1545 675 1564 nunc
703 1544 799 1565 cano.
849 1534 895 1565 At

98 1582 277 1616 particula.
311 1589 393 1616 quae
422 1582 556 1613 indicat.
591 1582 718 1611 etiamsi
750 1582 814 1610 sint
838 1590 896 1610 ve-

98 1628 230 1656 rissima
256 1632 285 1656 et
312 1628 503 1659 certissima.
533 1636 614 1663 quae
641 1629 673 1656 in
699 1628 822 1662 protasi
849 1628 896 1656 di-

99 1678 231 1709 cantur,
272 1678 419 1703 constare
451 1679 555 1702 tamen
589 1682 627 1703 ea
653 1681 734 1709 quae
759 1674 791 1702 in
817 1681 895 1709 apo-

100 1720 170 1747 dosi
194 1720 312 1748 insunt.
362 1720 408 1749 Cf.
430 1717 586 1748 555—7.
626 1721 695 1749 Ter.
715 1722 794 1748 Eun.
813 1720 844 1753 5,
865 1718 895 1757 2,

98 1763 140 1793 27
156 1762 185 1793 si
202 1773 268 1806 ego
286 1763 398 1805 (ligna
419 1763 483 1794 hac
502 1763 711 1795 contumelia
726 1774 798 1794 sum
822 1774 895 1794 ma-

97 1808 200 1846 xime,
225 1813 261 1840 at
287 1813 323 1841 tu
339 1809 511 1852 insIIgnus
533 1809 592 1851 qui
609 1810 759 1850 faceres.
800 1813 896 1846 Legi-

99 1865 172 1885 mus
191 1857 287 1885 etiam
310 1859 345 1886 at
371 1862 440 1892 post
460 1859 658 1886 enuntiatum
679 1858 896 1887 conditionale

99 1911 171 1931 cum
197 1903 390 1937 impetattxo
417 1904 575 1939 iunctum.
610 1908 640 1932 ut
662 1906 692 1932 11.
718 1905 738 1932 l
767 1904 840 1932 Liv
867 1902 896 1939 3

100 1946 142 1976 17
163 1945 192 1976 si
213 1956 269 1976 vos
287 1946 390 1977 tes-tri
405 1947 504 1977 nulla
524 1957 607 1977 cura
628 1947 758 1989 tangit,
785 1951 821 1978 at
839 1958 897 1979 vos

99 1991 266 2022 veremini
284 1991 364 2021 deos
385 1996 513 2023 vestros
527 1992 568 2022 ab
585 1992 737 2023 hostibus
755 1997 897 2034 capim,-

99 2043 220 2069 etcum
240 2040 443 2068 coniunctim
470 2041 524 2074 qui
549 2045 595 2068 est
623 2049 677 2075 pro
704 2041 895 2075 imperativo

98 2090 133 2114 ut
161 2083 196 2121 4,
223 2083 298 2113 615.
338 2084 373 2121 6,
401 2083 475 2113 406.
526 2088 559 2114 G.
588 2083 624 2119 4.
649 2083 724 2114 239.
779 2083 898 2116 Liceat

101 2128 187 2160 haec
218 2128 332 2166 nobis,
367 2128 396 2159 si
427 2128 582 2160 oblivisci
612 2140 678 2159 non
702 2139 897 2170 possumus,

102 2178 139 2206 at
164 2178 280 2206 tacere
314 2177 348 2205 C.
377 2178 424 2205 Fi.
453 2174 506 2205 25.
557 2177 602 2206 Cf.
631 2178 681 2205 Gr.
707 2177 728 2211 S
753 2174 828 2205 483.
857 2193 895 2196 —

103 2219 254 2262 Sperare
280 2231 351 2251 cum
371 2223 520 2251 acumine
541 2224 677 2257 quodam
703 2223 818 2251 dicitur
842 2231 897 2257 pro

99 2273 300 2303 exspectare.
350 2270 400 2297 Ita
427 2269 542 2305 legitur
570 2267 598 2298 ⁴.
626 2266 700 2297 419.
741 2266 791 2299 11.
820 2265 896 2297 275.

99 2316 184 2343 Flor.
210 2312 240 2350 3,
267 2312 282 2342 1
317 2311 402 2352 Quis
427 2317 580 2354 speraret
603 2316 680 2353 post
707 2310 899 2355 Carthagi-

99 2368 175 2388 nem
210 2357 356 2400 aliquod
390 2357 424 2388 in
449 2357 574 2397 Africa
602 2355 755 2388 bellum?
803 2361 900 2395 Apud

101 2406 287 2435 Ciceronem
336 2406 525 2440 similesque
563 2415 626 2434 non
666 2406 793 2434 videtur
828 2415 900 2435 esse

103 2458 143 2480 ea
167 2451 398 2487 significatione
422 2453 487 2480 nisi
513 2453 621 2481 addita
644 2452 822 2488 negatione.
862 2453 900 2481 In

101 2497 183 2526 locis
220 2498 382 2525 Plautinis
424 2506 503 2533 quos
541 2500 631 2527 Serv.
672 2499 783 2527 laudat
821 2495 902 2527 deos

103 2550 245 2582 sperare
271 2547 319 2571 est
349 2540 415 2571 diis
441 2542 622 2583 confidere.

150 2585 226 2616 544.
253 2589 361 2622 ..Bene
384 2597 557 2625 memores,
585 2590 662 2624 quia
685 2590 815 2618 etiamsi
838 2598 902 2618 non

103 2634 213 2663 statim
243 2635 379 2668 puniant
408 2635 560 2672 crimina.
593 2640 665 2664 sunt
698 2640 804 2664 tamen
835 2644 901 2664 me-

102 2688 216 2709 mores.
268 2680 308 2708 Ut
334 2681 486 2709 Horatius
513 2680 568 2715 (C.
598 2679 629 2717 3,
655 2678 685 2717 2,
711 2678 773 2717 31)
805 2678 900 2710 Raro

104 2722 362 2755 antecedentem
400 2723 579 2755 scelestum
623 2723 775 2756 desernit
814 2724 902 2766 pede

101 2779 217 2812 poena
259 2767 420 2800 claudo.'·‘
473 2773 504 2800 S.
545 2787 586 2793 —
626 2773 757 2801 Aeneas
799 2781 902 2807 neque

103 2818 221 2853 pietate
244 2826 303 2846 nec
335 2817 487 2845 militaris
517 2818 563 2846 rei
595 2818 732 2847 scientia
764 2814 900 2858 (bello)

102 2868 159 2892 aut
184 2863 369 2891 fortitudine
397 2860 551 2901 (armis)
581 2864 731 2898 cuiquam
758 2864 900 2893 inferior.

103 2909 258 2938 Attribuit
282 2910 313 2937 ei
339 2909 475 2937 virtutes
506 2909 632 2943 proprie
654 2910 831 2939 Romanas.
861 2926 899 2930 ——

105 2951 195 2983 Hck.
219 2955 326 2983 iunxit
353 2951 476 2982 iustior
494 2952 638 2994 pietate,
665 2960 695 2984 et
719 2960 765 2985 est
789 2953 904 2995 pietas

103 2997 245 3029 institia
277 2998 463 3029 adversum
499 2997 579 3029 deos
610 3001 644 3030 C.
678 3003 743 3030 ΣΙ).
779 3000 816 3036 1,
850 2999 902 3039 41,

104 3054 200 3081 quem
237 3054 323 3075 nunc
358 3054 473 3081 sequor
511 3050 582 3081 post
618 3047 720 3085 alios,
761 3048 904 3077 maxime

943 943 1026 975 quod
1058 942 1199 969 omissae
1235 941 1268 969 in
1300 944 1389 975 parte
1420 940 1525 974 prima
1557 940 1740 974 negationis

943 995 1024 1021 quae
1054 987 1129 1015 olim
1164 988 1357 1022 collegeram
1390 987 1553 1020 exempla.
1592 986 1657 1014 iam
1695 994 1736 1014 ex

942 1034 1021 1060 Mss.
1058 1037 1199 1061 correcta
1239 1036 1450 1060 evanuerunt.
1511 1032 1637 1059 Antea:
1675 1039 1741 1070 qno

941 1086 1002 1106 nec
1042 1075 1167 1106 iustior
1203 1075 1309 1113 alter,
1349 1085 1410 1105 nec
1451 1074 1564 1104 maior
1596 1074 1740 1116 pietate,

943 1131 1003 1151 nec
1036 1121 1149 1152 maior
1181 1120 1269 1152 bello
1306 1125 1337 1152 et
1371 1118 1478 1151 armis
1517 1122 1743 1157 interpretatus

941 1176 1022 1197 sum.

988 1213 1065 1243 546.
1095 1212 1243 1244 vescitur
1268 1222 1358 1243 aura
1385 1219 1416 1243 ut
1444 1211 1478 1241 3.
1505 1210 1580 1241 339.

990 1258 1066 1289 547.
1095 1258 1237 1290 occubat
1262 1257 1404 1289 umbris.
1451 1259 1504 1288 Sic
1530 1259 1566 1288 5.
1591 1256 1653 1287 371
1686 1261 1743 1289 tu-

942 1304 1036 1335 mulo
1073 1303 1214 1335 occubat
1244 1303 1389 1341 Hector,
1435 1304 1494 1334 10.
1530 1302 1593 1332 705
1642 1302 1743 1334 Paris

942 1350 1024 1381 urbe
1042 1355 1193 1392 paterna
1211 1349 1366 1380 occubat.
1420 1349 1567 1380 smbrae
1587 1349 1744 1380 crudeles

943 1404 1026 1427 sunt.
1051 1399 1132 1433 quod
1151 1399 1301 1427 dilectum
1320 1399 1430 1426 ducem
1453 1398 1606 1431 eripuere.
1653 1398 1741 1431 Quod

942 1445 1087 1479 pluribus
1106 1445 1214 1473 verbis
1240 1444 1322 1472 idem
1347 1444 1434 1477 dicit.
1459 1448 1653 1478 quantopere
1669 1452 1741 1472 eum

942 1498 979 1519 ea
1006 1499 1056 1519 res
1083 1495 1227 1524 moveat.
1260 1490 1426 1526 significat.
1478 1489 1525 1518 Cf.
1553 1487 1628 1517 266.
1678 1491 1741 1517 Sed

941 1542 1023 1566 recte
1056 1533 1140 1564 Hele.
1174 1541 1277 1564 mouet
1313 1537 1494 1564 ablativum
1531 1543 1576 1564 cr.
1609 1544 1641 1564 u.
1677 1543 1741 1564 non

943 1588 1061 1612 certam
1096 1582 1159 1611 loci
1199 1583 1275 1610 dare
1316 1582 1599 1618 significationem.
1643 1589 1743 1616 quare

943 1637 1040 1663 quum
1073 1625 1267 1657 occumbere
1297 1625 1402 1656 morti
1434 1626 1469 1660 2.
1503 1625 1544 1655 62
1580 1628 1622 1655 sit
1651 1628 1742 1663 mori,

943 1675 1060 1703 melius
1092 1675 1151 1702 erit
1186 1682 1231 1702 cr.
1265 1682 1298 1702 u.
1329 1676 1446 1703 habere
1479 1674 1636 1703 dativum.
1694 1675 1744 1702 Ita

943 1721 1085 1756 explicat
1124 1717 1209 1760 Wg.

989 1764 1065 1794 548.
1091 1767 1161 1794 Iam
1184 1767 1269 1801 apud
1288 1766 1437 1794 Servium
1460 1770 1518 1799 est.
1542 1774 1609 1794 non
1632 1767 1744 1794 metus

944 1809 1080 1851 officio,
1105 1819 1175 1840 nec.
1230 1809 1305 1840 Non
1325 1814 1434 1840 metus
1455 1816 1503 1839 est
1529 1809 1646 1850 officio
1671 1812 1690 1839 i.
1716 1820 1743 1840 e.

943 1868 984 1887 ex
1011 1861 1070 1888 hoc
1095 1858 1178 1892 quod
1201 1858 1382 1892 praestabis
1408 1858 1508 1887 officio
1534 1859 1658 1885 nullum
1684 1857 1741 1885 tibi

944 1909 1095 1933 nascetur
1123 1904 1317 1938 periculum.
1349 1912 1429 1934 ..nec
1460 1904 1517 1932 tibi
1547 1911 1659 1938 parum
1693 1903 1744 1932 vi-

943 1952 1055 1979 deatur
1085 1950 1187 1984 prima
1214 1950 1365 1978 henetic'la
1392 1950 1612 1986 praestitisse.
1645 1957 1743 1983 (ulum

945 1997 1053 2031 possis
1078 1996 1200 2025 maiora
1224 1996 1386 2030 recipere··
1411 1998 1460 2025 S..
1493 2000 1520 2024 et
1543 2003 1603 2024 nec
1628 1996 1744 2024 dicitur

944 2051 1018 2071 esse
1040 2042 1074 2070 in
1099 2044 1178 2069 Mss.
1206 2042 1364 2074 omnibus,
1392 2050 1538 2076 recepere
1565 2039 1628 2070 Rb.
1661 2038 1742 2069 Wd.

946 2085 1032 2116 Hck.
1060 2084 1144 2116 ch.
1174 2084 1238 2115 Ld.
1285 2088 1401 2116 Contra
1434 2096 1501 2116 non
1528 2089 1656 2119 metus.
1690 2085 1744 2124 os—

935 2130 1022 2172 ficio
1050 2140 1092 2161 ne
1119 2133 1261 2161 scribunt
1292 2130 1342 2161 Pl.
1372 2130 1456 2171 ls'g.
1484 2130 1552 2161 Hn.
1584 2137 1745 2162 structura

946 2178 1107 2214 planiore,
1147 2179 1305 2207 sententia
1343 2180 1462 2207 eadem.
1522 2180 1559 2207 Et
1592 2188 1650 2207 nos
1685 2179 1742 2207 illo

945 2224 1067 2252 amisso
1103 2224 1240 2259 gratiam
1274 2225 1404 2253 reddere
1442 2232 1630 2259 possumus.
1669 2229 1744 2253 sunt

945 2270 1030 2298 enim
1055 2269 1146 2297 nobis
1171 2269 1203 2296 in
1230 2269 1343 2297 Sicilia
1368 2272 1481 2302 urbes.
1514 2270 1601 2305 agri,
1635 2274 1664 2298 et
1686 2278 1743 2304 po-

946 2315 1071 2350 pularis
1094 2315 1247 2350 AcesteS.
1277 2315 1331 2349 qui
1358 2315 1496 2351 gratiam
1520 2316 1647 2344 habebit
1673 2323 1742 2344 ser-

946 2366 1104 2389 vatorum.

994 2405 1069 2434 550.
1097 2413 1185 2434 arva
1218 2407 1260 2433 M.
1295 2407 1336 2434 al.
1371 2413 1470 2434 arma
1503 2406 1541 2433 R.
1576 2407 1618 2434 al.
1656 2409 1744 2441 prob.

949 2449 1014 2481 Rb.
1042 2449 1128 2480 Hele.
1161 2455 1190 2479 et
1213 2453 1303 2480 Serv.
1362 2452 1395 2479 Si
1429 2459 1530 2479 arma
1560 2451 1650 2485 dicit,
1682 2452 1743 2480 mi-

948 2503 1043 2527 natur
1062 2498 1137 2526 iam.
1163 2497 1229 2525 nisi
1248 2499 1361 2525 salvos
1376 2497 1457 2525 Dido
1475 2497 1640 2530 dimiserit.
1663 2499 1744 2532 quod

948 2545 1030 2573 inter
1065 2551 1173 2578 preces
1207 2549 1271 2571 tam
1300 2548 1406 2578 aperte
1434 2542 1501 2571 fieri
1535 2551 1598 2571 non
1628 2545 1744 2578 placet,

949 2598 1051 2625 neque
1077 2590 1227 2618 convenit
1248 2597 1319 2618 cum
1341 2586 1484 2628 placido
1507 2591 1656 2628 pectore,
1683 2599 1744 2625 quo

949 2637 1094 2664 Ilioneus
1123 2637 1249 2663 locutus
1279 2639 1336 2663 est.
1393 2634 1510 2663 Contra
1541 2636 1623 2669 quod
1655 2644 1744 2664 arva

948 2683 1039 2713 dicit.
1066 2690 1128 2710 non
1152 2681 1215 2709 sihi
1242 2689 1321 2715 opus
1346 2688 1418 2708 esse
1442 2681 1587 2715 ostendit.
1613 2685 1645 2709 ut
1671 2690 1743 2711 cum

948 2728 1058 2763 Tyriis
1084 2729 1121 2755 de
1136 2726 1253 2755 Africa
1277 2727 1477 2760 contendant,
1503 2727 1564 2755 sihi
1585 2727 1650 2756 iam
1670 2736 1744 2756 esse

947 2781 1030 2802 arva
1062 2777 1091 2801 et
1121 2775 1234 2809 urbes,
1273 2779 1371 2807 quare
1402 2779 1422 2801 a
1452 2780 1487 2801 se
1518 2773 1629 2808 Tyriis
1662 2774 1744 2802 nihil

947 2828 1020 2848 esse
1037 2820 1218 2847 timendum.
1241 2833 1279 2837 —
1302 2816 1439 2847 Acestes
1459 2819 1500 2847 cf.
1521 2816 1596 2847 195.
1637 2821 1745 2855 ..Bene

953 2862 1124 2901 Troiano,
1166 2869 1200 2892 ut
1243 2872 1375 2893 necesse
1409 2866 1543 2901 habeat,
1587 2865 1616 2893 si
1653 2866 1745 2900 passi

947 2911 1063 2940 fuerint
1096 2910 1263 2945 iniuriam⁷
1303 2910 1468 2939 vindicare
1497 2910 1536 2939 cf.
1576 2908 1633 2948 11,
1668 2909 1743 2948 179,

948 2958 1031 2992 quod
1056 2957 1088 2984 in
1111 2956 1265 2990 principio
1296 2958 1374 2985 bene
1406 2956 1539 2985 tacuits‘
1588 2958 1618 2985 S.
1678 2954 1743 2986 Rb.

949 3005 1099 3032 lacunam
1123 3009 1196 3030 esse
1221 3002 1317 3030 sumit
1342 3007 1411 3037 post
1437 3000 1515 3030 550.

996 3045 1072 3076 551.
1099 3044 1287 3077 subducere
1310 3048 1349 3077 cf.
1374 3046 1449 3076 573.
