2023 3350
704 127 941 160 AENEIDOS
973 129 1060 160 LIB.
1092 128 1151 160 IV.

1678 128 1757 167 185

108 243 338 296 Proderet‚
382 255 432 283 ac
468 245 608 283 totum
641 241 720 283 sub
757 241 874 295 leges
914 241 1109 283 mitteret
1150 241 1310 284 orbem.

108 302 155 345 Si
191 300 313 343 nulla
348 299 547 342 accendit
578 302 802 340 tantarum
836 299 973 352 gloria
1013 312 1168 349 rerum,

112 360 203 402 Nec
239 372 368 412 super
403 357 495 411 ipse
531 370 611 398 sua
644 357 822 398 molitur
857 356 984 398 laude
1022 355 1228 408 laborem,

109 416 356 459 Ascanione
397 418 523 469 pater
562 415 779 456 Romanas
818 414 980 455 invidet
1014 414 1167 455 arces?

107 473 221 525 Quid
256 472 415 515 struit?
459 475 535 514 aut
574 486 662 525 qua
700 486 794 526 spe,
834 472 1010 513 inimica
1048 471 1092 512 in
1129 474 1271 525 gente,
1313 473 1522 522 moratur,

1678 471 1759 510 235

105 532 196 574 Nec
230 530 397 584 prolem
433 530 670 571 Ausoniam
711 534 753 571 et
793 530 973 571 Lavinia
1008 529 1185 582 respicit
1217 529 1347 569 arva?

108 589 317 642 Naviget:
365 588 472 630 haec
506 602 674 629 summa
710 591 796 639 est;
849 587 919 628 hic

228 646 423 687 Dixerat,

954 587 1093 628 nostri
1133 586 1308 627 nuntius
1350 589 1454 628 esto.

481 646 561 687 Ille
597 645 735 699 patris
769 645 915 698 magni
954 658 1109 698 parere
1143 643 1331 697 parabat

109 703 317 757 Imperio:
371 706 413 744 et
452 703 640 757 primum
675 702 857 757 pedibus
893 703 1053 744 talaria
1091 702 1227 743 nectit

111 762 277 812 Aurea,
321 774 431 814 quae
471 761 696 802 sublimem
732 761 813 802 alis
855 760 941 801 sive
981 773 1172 814 aequora
1208 772 1339 811 supra

1680 758 1761 797 240

113 819 199 861 Seu
240 822 403 859 terram
443 819 597 872 rapido
637 819 801 872 pariter
839 832 936 859 cum
971 817 1143 859 flamine
1176 818 1373 870 portant:

111 876 220 917 Tum
254 876 423 930 virgam
460 877 599 930 capit:
643 877 726 917 hac
763 875 928 917 animas
964 875 1037 916 ille
1081 877 1231 915 evocat
1272 873 1383 915 Orco

109 934 328 975 Pallentes
339 967 346 985 ,

399 934 507 975 alias
543 934 621 975 sub
663 934 850 975 Tartara
881 932 1026 973 tristia
1061 932 1218 983 mittit3

117 991 207 1033 Dat
243 1005 416 1034 somnos
455 991 695 1045 adimitque
730 994 773 1032 et
812 990 977 1031 lumina
1016 993 1156 1031 morte
1187 988 1397 1042 resignat3

159 1141 236 1173 231.
269 1141 448 1181 Proderel‚
484 1149 518 1173 ut
553 1145 618 1173 Cic.
646 1144 700 1173 Off.
729 1142 764 1180 3,
791 1140 845 1180 21,
868 1139 912 1171 84

111 1197 244 1228 regno,
277 1187 368 1229 quot!
392 1198 411 1218 a
445 1187 597 1218 Tantalo
628 1192 660 1219 et
686 1186 810 1228 Pelope
833 1197 914 1228 pro-

113 1233 224 1264 ditum
274 1232 351 1264 iure
400 1232 628 1263 obtinebatur.
683 1250 720 1254 -
777 1234 915 1263 Etiamsi

112 1282 247 1310 Aeneas
280 1281 397 1309 Italiae
428 1281 598 1316 imperium
626 1281 799 1315 aliquando
833 1281 914 1309 obti-

112 1327 225 1355 nuisse
259 1327 322 1355 dici
361 1327 463 1361 possit
492 1334 512 1355 a
543 1330 637 1361 poeta
676 1333 813 1361 parvam
847 1334 913 1354 rem

112 1374 249 1402 multum
282 1376 436 1409 augente⁷
475 1376 581 1401 tamen
617 1375 723 1400 orbem
756 1376 913 1401 terrarum

113 1418 294 1448 subiecisse
318 1426 358 1446 ne
384 1420 424 1446 ab
449 1426 485 1446 eo
511 1419 639 1453 quidem
664 1422 776 1452 potest.
828 1418 912 1446 Con-

113 1465 198 1493 sulto
224 1464 356 1493 Aeneae
381 1468 411 1492 et.
435 1464 577 1499 Augusti
603 1471 761 1498 personas
787 1464 911 1492 miscet.

112 1510 201 1538 Bene
225 1514 329 1538 monet
356 1506 418 1537 Ld.
449 1510 524 1544 quid
550 1510 601 1538 his
627 1510 737 1538 verbis
765 1510 909 1544 Iuppiter

114 1555 290 1584 indicasset
331 1555 534 1584 intellexisse
572 1556 768 1585 Mercurium
811 1563 914 1590 neque

114 1601 271 1635 repetisse
296 1602 438 1629 Aeneae.

160 1644 236 1674 233.
264 1654 368 1686 snper
391 1643 464 1686 ipse
486 1654 562 1675 sua.
612 1648 699 1675 Idem
735 1648 809 1675 ordo
842 1654 917 1675 ver-

110 1694 224 1721 borum
261 1700 310 1727 ap.
347 1694 405 1721 Ov.
444 1693 519 1721 Am.
560 1689 593 1727 1,
620 1690 658 1726 7,
686 1690 728 1720 26
765 1700 915 1732 poenam

107 1735 218 1776 fortis
246 1736 280 1766 in
303 1735 376 1776 ipse
398 1746 519 1766 meam.
571 1738 617 1767 Cf.
651 1735 726 1766 671.

162 1781 238 1811 234.
266 1791 362 1811 arces·
388 1783 426 1812 cf.
456 1782 485 1819 2,
507 1781 581 1812 322.
615 1799 652 1803 ——
686 1781 790 1812 Pater
816 1783 915 1812 filiurn

115 1830 206 1858 debet
231 1828 358 1858 felicem
382 1831 512 1858 reddere
537 1834 567 1858 et
598 1833 766 1864 potentem.

162 1872 238 1902 235.
271 1871 414 1902 inimica
442 1872 475 1903 in
498 1877 603 1914 gente
620 1876 843 1910 interpositum
869 1878 917 1903 est

117 1921 304 1956 signatque:
345 1923 374 1947 et
404 1921 533 1954 quidem
568 1920 701 1950 inimica
736 1921 768 1949 in
805 1926 915 1957 gente3

114 1967 199 1995 unde
237 1965 416 1994 defenditur
451 1966 569 1994 hiatus,
636 1967 682 1995 Cf.
724 1967 745 2001 S
783 1964 813 1995 6.
879 1968 917 1995 Et

119 2015 357 2049 „praeoccupat
382 2011 476 2044 quasi
502 2010 704 2046 praesciusf*
731 2013 762 2040 S.

165 2054 241 2084 236.
268 2054 398 2094 prolem
436 2055 647 2094 Ausoniam,
684 2059 848 2086 Romanos
880 2057 919 2086 cf.

118 2100 194 2130 274.
223 2101 252 2136 6,
278 2099 354 2129 756.
404 2103 505 2138 „Post
530 2109 561 2130 v.
587 2100 650 2129 225>
672 2107 700 2131 et
728 2101 793 2131 230
815 2105 918 2131 abun-

117 2149 194 2177 dare
213 2148 360 2176 videtur*
391 2144 454 2176 Rb.
475 2152 504 2176 et
529 2149 620 2176 delet.

164 2191 240 2222 2:37.
270 2190 336 2221 Hic
371 2190 482 2221 nostri
517 2190 664 2222 nuntius
704 2194 786 2222 esto.
853 2194 922 2221 Hoc

117 2241 188 2269 loco
214 2241 317 2268 solent
343 2240 403 2267 duo
430 2239 570 2271 moneri.
596 2236 651 2267 hic
676 2236 822 2267 nuntius
847 2246 921 2267 esse

119 2286 218 2314 huius
250 2285 296 2313 rei
320 2285 453 2313 nuntius
479 2283 534 2318 (ut
555 2284 710 2319 saepius]
737 2284 775 2313 cf.
802 2282 832 2319 7,
854 2282 918 2311 595

118 2327 184 2359 has
207 2327 366 2369 pendetis
387 2338 540 2368 poenas‚·
570 2328 620 2365 12,
640 2328 715 2358 468.
741 2331 813 2358 Liv.
832 2327 862 2364 3,
879 2328 920 2357 30

119 2373 150 2405 is
176 2378 304 2405 metus:
339 2373 393 2412 21,
419 2375 437 2403 5
461 2384 526 2414 quo
555 2378 647 2404 metu
668 2373 852 2414 perculsae
876 2372 923 2404 ci—

120 2418 250 2450 vitates
275 2429 331 2455 pro
356 2422 427 2450 eius
450 2422 498 2450 rei
525 2425 619 2450 metu.
669 2430 694 2450 c.
719 2419 759 2448 46
798 2419 826 2449 is
856 2429 922 2460 pa-

120 2474 183 2495 vor
223 2464 371 2505 perculit
415 2464 602 2496 Romanos.
673 2468 761 2495 Idem
799 2465 834 2504 3,
868 2464 922 2496 38.

122 2512 227 2542 Alibi.
264 2527 301 2531 —-
336 2512 460 2541 Deinde
491 2513 672 2548 genitivum
700 2513 922 2548 personalium

121 2564 369 2593 nonnunquam,
408 2561 440 2586 ut
474 2566 630 2592 personae
654 2558 709 2587 vis
736 2560 921 2594 extollatur,

122 2612 197 2633 esse
228 2611 284 2638 pro
310 2603 518 2639 possessivo.
551 2608 584 2633 ut
611 2601 687 2632 654.
718 2602 770 2640 10,
790 2601 833 2631 72
861 2612 923 2642 po—

120 2646 232 2679 tentia
258 2645 381 2678 noste-i.
415 2649 462 2677 Cf.
488 2651 540 2677 Gr.
566 2650 588 2685 g
613 2646 689 2677 378.
715 2651 779 2678 An.
827 2646 925 2678 Nun-

122 2692 194 2724 tius
226 2698 333 2723 autem
358 2702 421 2722 non
446 2696 537 2723 modo
564 2703 630 2724 rem
653 2695 814 2731 significat
840 2703 924 2723 nun-

124 2741 248 2774 tiatam,
276 2741 332 2768 sed
359 2740 492 2774 saepius
517 2740 563 2768 ita
584 2745 769 2776 usurpatur,
788 2744 820 2769 ut
846 2741 925 2769 insit

124 2787 212 2815 notio
235 2786 388 2821 mandati,
420 2786 503 2820 quod
529 2787 569 2814 ad
594 2787 735 2821 aliquem
756 2786 922 2823 perfertur,

122 2832 170 2861 ita
193 2836 227 2860 ut
252 2832 335 2860 idem
359 2832 412 2865 sit,
435 2832 517 2865 quod
540 2832 675 2860 iussum.
724 2832 925 2867 Quamquam

122 2878 167 2906 iis
202 2878 236 2906 in
266 2878 347 2906 locis
379 2877 528 2905 omnibus
559 2878 738 2912 simplicem
773 2878 925 2907 vocabuli

125 2923 393 2959 significationem
417 2923 564 2952 sufficere
583 2931 645 2951 non
670 2930 835 2959 negamus.
878 2923 924 2952 Cf.

124 2969 191 2998 Cic.
219 2970 306 2998 Fam.
338 2967 388 3004 12,
416 2965 457 2996 24
491 2965 650 2996 bensium
676 2966 790 3007 legati
814 2966 927 2997 redie-

124 3015 224 3051 rant,
264 3022 349 3053 qnos
381 3015 525 3042 senatus
557 3023 625 3042 non
651 3011 697 3041 ad
718 3022 839 3052 pacem
869 3012 927 3043 dc-

121 3057 356 3099 precandam‚
391 3056 450 3089 sed
479 3056 526 3088 ad
550 3056 828 3089 denuntiandum
860 3057 929 3089 bel-

961 1141 1033 1172 lum
1072 1139 1236 1178 miserat,
1288 1137 1358 1170 nisi
1400 1137 1599 1178 legatorum
1641 1133 1766 1165 nuntio

958 1185 1151 1229 paruisset.
1199 1189 1277 1216 Inde
1313 1186 1461 1217 efficitur:
1513 1183 1668 1220 Naviget,
1706 1186 1765 1212 hoc

964 1243 1028 1263 uno
1050 1237 1148 1262 verbo
1175 1236 1408 1268 comprehensa
1432 1236 1480 1261 est
1504 1233 1657 1260 voluntas
1684 1236 1765 1265 inea,

961 1283 1020 1309 hoc
1045 1284 1190 1308 nostrum
1215 1280 1343 1308 iussum
1369 1283 1455 1316 esto,
1487 1278 1568 1312 quod
1602 1277 1643 1304 ad
1670 1276 1766 1304 illum

961 1326 1097 1355 deferas.
1151 1322 1204 1354 Pl.
1232 1326 1303 1354 eiic.
1330 1322 1384 1353 hic
1409 1333 1444 1353 n.
1472 1332 1506 1352 n.
1533 1331 1559 1352 e.

960 1403 1026 1436 238
1042 1422 1084 1425 -
1101 1403 1176 1435 278.
1227 1400 1383 1434 Aeneam
1406 1400 1604 1432 Mercurius
1628 1397 1766 1432 Cartha-

1191 1449 1270 1490 gine
1301 1447 1397 1479 abire
1430 1445 1538 1478 iubet.

1008 1506 1084 1537 241.
1116 1505 1257 1538 Pariter
1291 1516 1367 1538 cum
1398 1504 1548 1546 flamine
1590 1510 1639 1535 est
1678 1505 1768 1535 venti

963 1556 1138 1584 celeritate.

1010 1599 1085 1629 242.
1120 1597 1252 1639 Virga,
1290 1591 1429 1639 ῥάβδος
1455 1599 1545 1627 Hom.
1571 1598 1626 1626 Od.
1657 1594 1709 1633 2⁴,
1742 1594 1767 1632 1,

964 1648 1098 1681 saepius
1124 1646 1278 1675 Mercurii
1302 1646 1463 1674 caduceus
1488 1645 1671 1679 appellatur
1690 1644 1765 1671 Hor.

965 1694 999 1721 C.
1031 1692 1064 1729 1,
1094 1690 1153 1728 10,
1185 1689 1240 1728 17,
1278 1691 1378 1726 alibi,
1419 1693 1457 1719 ob
1484 1691 1574 1720 vires
1601 1690 1766 1725 magicas;

964 1739 1008 1767 ita
1036 1740 1129 1767 Circe
1150 1738 1279 1771 virgam
1303 1740 1395 1765 habet
1419 1738 1478 1765 Ov.
1511 1733 1558 1770 14,
1586 1733 1662 1763 275.
1690 1733 1766 1762 295.

964 1783 1040 1812 300.
1068 1780 1426 1821 (IVit'nschelrnthe).
1457 1797 1502 1802 —
1532 1779 1666 1810 Euocat
1692 1777 1770 1809 ani-

964 1838 1040 1859 mas
1068 1826 1177 1864 Orco,
1203 1833 1237 1857 ut
1265 1829 1492 1857 Protesilaum.

1010 1873 1085 1903 243.
1117 1872 1188 1903 Sub
1217 1872 1372 1903 Tartara
1399 1871 1516 1902 mittit.
1551 1874 1633 1901 Nam
1659 1879 1769 1901 omnes

964 1926 1107 1950 mortuos
1134 1921 1304 1949 comitatur
1329 1921 1369 1949 ad
1396 1919 1527 1955 inferos,
1556 1919 1630 1947 inde
1652 1920 1770 1956 ψυχο-

963 1960 1109 2005 πομπός
1132 1967 1247 1995 dictus.
1297 1967 1344 1995 De
1366 1973 1473 2001 praep.
1502 1962 1563 1994 snb
1590 1964 1627 1994 cf.
1654 1960 1729 1991 357.

1011 2010 1087 2040 244.
1118 2009 1190 2040 Dat
1237 2020 1373 2040 somnos
1418 2008 1630 2049 adimitque.-
1687 2010 1771 2037 idem

965 2059 1057 2086 Hom.
1086 2059 1141 2087 Od.
1173 2054 1234 2093 24,
1260 2056 1290 2086 4.
1342 2057 1389 2086 Cf.
1421 2059 1459 2086 de
1486 2057 1575 2093 Argo
1606 2055 1769 2084 narratio-

965 2112 1037 2131 nem
1055 2105 1114 2132 Ov.
1134 2105 1207 2132 Met.
1229 2101 1256 2138 1,
1275 2101 1350 2132 668.
1376 2118 1420 2122 ——
1443 2105 1474 2131 et
1501 2099 1635 2131 lumina
1662 2102 1772 2130 morte

964 2146 1138 2187 resignat.
1189 2149 1325 2177 Servius
1350 2146 1513 2188 resignat
1541 2157 1636 2183 posse
1668 2146 1772 2181 signi-

966 2193 1060 2222 ficare
1086 2194 1163 2222 dicit
1194 2198 1249 2222 aut
1278 2191 1435 2228 clandit,
1471 2191 1653 2232 perturbat
1681 2192 1769 2227 (sic)

967 2243 1022 2267 aut
1050 2237 1170 2275 aufert
1200 2237 1306 2278 signa
1333 2236 1525 2266 luminibus
1549 2239 1569 2267 i.
1598 2247 1624 2267 e.
1649 2235 1772 2276 signo-

965 2291 1042 2312 rum
1091 2281 1215 2323 quibus
1252 2291 1411 2323 quaeque
1440 2286 1632 2312 noscuntur
1669 2280 1772 2311 inlel-

968 2326 1094 2358 lectum
1134 2326 1246 2364 tollit‚·
1294 2333 1349 2357 aut
1390 2326 1566 2367 assignat.
1626 2330 1696 2363 Qua
1731 2336 1773 2357 ex

968 2375 1042 2410 ipsa
1074 2375 1251 2411 varietate,
1292 2374 1398 2410 magis
1431 2374 1530 2402 etiam
1562 2383 1604 2403 ex
1636 2374 1772 2410 ratione,

969 2428 1034 2455 qua
1059 2421 1192 2455 exponit
1217 2421 1369 2456 singula,
1406 2420 1514 2454 ipsum
1543 2421 1581 2448 de
1606 2420 1772 2456 signitica-

969 2467 1056 2495 tione
1094 2467 1262 2495 dubitasse
1309 2469 1450 2501 apparet.
1512 2467 1621 2501 Neque
1661 2466 1770 2495 minus

970 2517 1041 2547 post
1072 2521 1144 2541 eum
1174 2513 1229 2547 qui
1261 2512 1468 2547 explicabant
1498 2512 1619 2547 locum,
1658 2512 1692 2540 in
1722 2512 1770 2540 di-

971 2559 1184 2587 versissimas
1225 2558 1393 2592 opiniones
1433 2557 1589 2586 abierunt.
1662 2558 1772 2587 Rebus

971 2611 1054 2639 quae
1086 2608 1160 2633 ante
1193 2607 1366 2632 narrantur
1391 2602 1565 2637 aptissima
1597 2604 1772 2638 explicatio

970 2654 1018 2679 est
1046 2657 1095 2685 ea.
1120 2657 1183 2684 qua
1206 2647 1369 2688 resignat
1392 2656 1412 2676 a
1437 2650 1544 2677 morte
1570 2649 1773 2686 intelligitur,

972 2696 993 2724 i.
1028 2704 1055 2724 e.
1094 2696 1229 2731 liberat,
1272 2694 1398 2729 repellit
1433 2701 1453 2721 a
1494 2698 1592 2723 morte
1626 2696 1690 2724 iam
1720 2696 1772 2724 in-

970 2745 1094 2775 stante3
1136 2746 1166 2770 ut
1202 2739 1266 2767 :375
1299 2737 1409 2768 socios
1443 2748 1463 2767 a
1495 2742 1603 2769 morte
1637 2738 1772 2770 reduxi.

970 2787 1008 2823 5,
1043 2784 1108 2814 476
1156 2787 1356 2815 revocatum
1405 2793 1426 2813 a
1473 2788 1581 2815 morte
1627 2784 1773 2816 Dareta.

971 2833 1080 2861 Verba
1108 2837 1216 2861 autem
1248 2839 1320 2861 cum
1346 2838 1382 2859 re
1403 2832 1582 2866 composita
1607 2841 1680 2862 cum
1703 2834 1772 2861 solo

972 2879 1118 2907 ablativo
1146 2877 1236 2912 iungi
1266 2877 1409 2905 vidimus
1447 2873 1479 2912 1,
1509 2875 1585 2906 358.
1617 2894 1655 2898 -
1687 2879 1775 2912 Quae

974 2928 1139 2959 praeterea
1164 2927 1285 2952 tentata
1310 2926 1396 2958 sunt,
1422 2931 1531 2951 eorum
1555 2931 1684 2953 sumina
1706 2928 1772 2952 est:

974 2966 1109 2998 claudit
1133 2966 1168 2997 in
1195 2969 1303 2997 morte
1330 2965 1446 2997 oculos
1471 2972 1525 2997 aut
1553 2967 1667 3008 aperit
1695 2977 1776 2997 ocn-

973 3012 1025 3043 los
1049 3017 1127 3054 post
1147 3016 1303 3049 mortem,
1328 3015 1411 3050 quod
1434 3014 1605 3050 propinqui
1629 3016 1776 3043 solebant

973 3060 1080 3090 facere
1128 3060 1212 3089 Plin.
1256 3056 1313 3097 11,
1346 3057 1406 3097 37,
1441 3059 1483 3088 55
1540 3060 1775 3098 „Morientibus
