2023 3350
716 93 954 127 AENEIDOS
985 95 1070 127 LlB.
1096 95 1157 126 IX.

1673 94 1756 134 467

105 211 320 254 Debilitat
361 210 472 251 vires
511 207 644 249 animi
683 211 912 262 mut-atque
950 208 1151 263 vigorem.

107 269 320 312 Canitiem
359 267 484 321 galea
526 265 784 320 premimus3
826 280 1082 321 semperque
1117 271 1310 308 recentes

109 328 393 381 Comport-are
424 324 545 365 iuvat
580 323 768 377 praedas
805 328 848 366 et
883 325 1026 366 vivere
1066 327 1208 378 rapto.

106 385 242 427 Vobis

279 384 399 438 picta
436 395 561 422 croco
602 386 645 423 et
682 382 864 436 fulgenti
903 383 1066 424 murice
1101 382 1253 432 vestis,

107 442 309 485 Desidiae
348 439 488 491 cordi,
525 439 646 481 iuvat
681 440 906 494 indulgere
948 440 1135 492 choreis,

1675 438 1757 476 (515

109 502 165 543 Et
204 499 375 541 tunicae
411 497 624 549 manicas,
665 502 708 539 et
744 498 906 540 habent
942 497 1200 539 redimicula
1235 495 1402 538 mitrae.

110 559 144 600 O
186 570 282 598 vere
320 555 551 609 Phrygiae,
596 570 734 610 neque
771 556 884 598 enim
924 555 1136 610 Phryges,
1170 556 1230 597 ite
1268 568 1345 608 per
1380 551 1471 594 alta

107 614 343 667 Dindyma,
378 613 454 654 ubi
493 613 686 655 adsuetis
718 614 901 656 biforem
938 614 1015 656 dat
1049 613 1160 655 tibia
1198 616 1386 654 cant-um.

108 673 329 726 Tympana
364 685 438 712 vos
479 670 706 725 buxusque
745 676 871 714 vocat
907 671 1164 726 Berecyntia
1204 670 1360 712 Matris

107 730 285 772 Idaeae:
325 729 452 770 sinite
484 743 607 771 arma
642 730 766 781 viris,
804 734 846 772 et
886 729 1026 771 cedite
1061 729 1188 770 ferro.

1676 726 1758 765 620

221 787 344 828 Talia
377 787 611 828 iactantem
648 788 775 829 dictis
811 802 863 829 ac
905 787 1001 829 dira
1042 791 1267 829 canentem

106 845 202 886 Non
240 845 342 886 tulit
382 846 613 897 Ascanius,
651 859 868 900 nervoque
910 845 1116 887 obversus
1154 844 1309 898 equino

110 903 341 945 Contendit
375 903 508 944 telum
547 903 801 958 diversaque
845 903 1027 946 brachia
1067 903 1226 944 ducens

109 1040 225 1061 omnes
261 1038 372 1067 partes
406 1041 449 1061 ex
474 1035 594 1068 quibus
617 1034 739 1063 coalui!
765 1035 910 1069 populus

108 1080 279 1107 Romanus
308 1080 469 1107 laudatur.

154 1124 231 1152 613.
258 1125 462 1154 simillimum
492 1125 529 1161 7,
560 1124 633 1154 749.
667 1127 770 1164 rapto
798 1122 913 1153 vivere

108 1171 157 1199 sic
187 1171 268 1199 sall.
303 1172 373 1206 lug.
400 1171 451 1199 15.
491 1170 565 1199 115.
605 1172 677 1200 Liv.
703 1172 739 1208 7,
770 1169 825 1198 25.
856 1169 912 1207 22,

109 1216 153 1244 39
178 1218 220 1244 al.

156 1261 232 1291 614.
259 1262 372 1291 Vestis
407 1268 540 1291 crocola
572 1262 633 1298 [cf.
672 1262 729 1297 11,
761 1261 846 1296 775]
882 1265 912 1288 et

109 1315 277 1343 purpurea
319 1308 380 1343 (cf.
428 1307 466 1337 4.
505 1307 592 1344 262)
630 1309 802 1336 mulierum
844 1310 912 1335 erat

109 1355 265 1389 maxime,
291 1355 424 1389 indigna
451 1357 633 1382 habebatur
659 1355 750 1382 viris.
773 1353 912 1381 Omnino

111 1406 218 1428 autem
247 1401 397 1434 Phryges
425 1405 453 1428 el
481 1401 574 1437 Lydi,
605 1408 688 1434 quos
714 1400 914 1433 subegerant

113 1447 238 1474 Persae
259 1451 287 1473 el
307 1446 588 1478 effeminaveram.
616 1448 654 1474 ob
676 1445 912 1473 mollitudinem

111 1497 204 1520 erant
218 1491 370 1527 infames,
386 1492 580 1526 quibuscum
596 1492 777 1520 miscentur
791 1491 915 1524 antiqui

108 1537 158 1565 illi
181 1537 324 1565 Troiani.
509 1555 514 1562 .

155 1581 234 1611 615.
261 1580 361 1611 iuvat
386 1579 576 1623 indulgere
604 1579 757 1611 choreis:
799 1581 916 1610 Obiicil

109 1632 142 1658 111
167 1630 357 1661 Romanus,
395 1636 437 1656 ex
470 1636 607 1663 quorum
632 1628 797 1657 sententia
818 1635 913 1656 nemo

108 1675 177 1704 fere
204 1676 302 1703 sallal
330 1675 482 1709 sobrius,
511 1674 577 1703 nisi
600 1674 684 1703 forle
710 1674 840 1703 insanit.
870 1689 914 1692 —

111 1720 228 1750 Graeci
256 1724 366 1748 aulem
398 1720 430 1749 in
463 1721 598 1749 deorum
630 1723 789 1749 honorem
823 1721 915 1748 sole-

112 1769 188 1796 bant
214 1768 339 1795 saltare
367 1765 408 1794 cf.
434 1768 514 1801 Nep.
541 1766 644 1801 praef.
669 1772 699 1794 el
725 1765 756 1803 6,
781 1764 859 1794 520.

155 1811 234 1841 616.
260 1809 402 1841 tunicae
425 1810 587 1841 manicas
611 1809 757 1841 habent:
790 1812 839 1839 De
863 1816 915 1839 tu-

108 1858 195 1887 nicis
221 1858 398 1887 manicatis
425 1857 465 1886 cf.
495 1859 577 1886 Gell.
604 1858 634 1894 7,
665 1857 722 1886 12:
754 1857 913 1893 ..Tunicis

110 1905 155 1933 1111
181 1904 287 1932 virum
316 1904 458 1938 prolixis
486 1906 570 1932 ultra
593 1904 728 1932 brachia
753 1908 783 1931 el
810 1911 914 1936 usque

109 1951 142 1979 in
173 1950 336 1985 primores
368 1957 488 1978 manus
523 1957 562 1978 ac
597 1958 699 1985 prope
734 1950 766 1977 in
793 1950 914 1984 digitos

108 1998 234 2026 Romae
268 2001 365 2030 alque
399 1995 484 2024 omni
524 1996 556 2024 in
589 1992 685 2024 Lalio
719 1996 913 2024 indecorum

109 2042 179 2071 fuit.
226 2044 293 2070 Eas
313 2042 443 2070 tunicas
469 2043 595 2070 Graeco
620 2043 784 2070 vocabulo
808 2041 912 2069 nostri

110 2088 302 2117 chirodolas
327 2089 580 2122 appellaverunt
604 2087 802 2122 feminisque
829 2087 912 2116 solis

110 2139 239 2163 vestem
277 2135 376 2168 longe
406 2135 540 2167 lateque
573 2134 726 2162 diffusam
759 2134 912 2162 decoram

111 2179 423 2208 existimaverunt.'··
475 2181 525 2207 Ita
560 2180 725 2214 vituperat
753 2180 819 2208 Cic.
842 2181 912 2209 Cat.

111 2224 150 2261 2,
198 2224 237 2253 10
290 2225 518 2261 catilinarios,
565 2226 622 2259 (1111
660 2226 834 2254 manicalis
874 2232 912 2254 ac

112 2270 273 2299 talaribus
298 2272 418 2300 tunicis
437 2277 580 2301 utantur.
604 2287 650 2291 -
674 2268 801 2301 habent
821 2268 913 2300 redi-

111 2313 243 2346 micula
265 2314 390 2345 mitrae
416 2317 456 2346 cf.
478 2316 509 2355 4,
535 2316 612 2346 216.

159 2361 235 2390 617.
263 2362 310 2391 cf.
329 2364 423 2392 Hom.
442 2365 480 2392 11.
500 2363 530 2400 7,
550 2363 594 2392 96
611 2355 778 2402 Ἀχάῑδες
795 2354 913 2392 οὐκέτ’

110 2400 264 2446 Ἀχαιοί.

159 2452 235 2481 618.
265 2450 444 2493 Dindyma
474 2455 611 2488 pluralis
645 2454 741 2483 vocis
778 2451 914 2493 Dindy-

112 2507 189 2528 mus·
215 2499 332 2533 legitur
360 2499 416 2534 10,
442 2498 519 2528 252.
546 2502 606 2528 Ov.
636 2503 677 2528 M.
703 2499 741 2535 2,
769 2498 849 2528 223.
879 2502 912 2528 F.

112 2544 145 2579 4,
176 2543 247 2572 134.
276 2545 330 2573 Sic
359 2542 529 2573 Maenala
556 2548 592 2574 E.
624 2545 673 2583 10,
696 2546 750 2574 55.
776 2543 913 2574 Ismara

114 2593 150 2620 G.
177 2589 208 2627 2,
230 2590 284 2618 37.
337 2589 478 2619 Averna
507 2591 539 2626 5,
565 2591 642 2619 732.
703 2589 858 2620 Tartara
883 2591 914 2625 6,

112 2635 190 2665 543.
235 2633 413 2676 Pergama
437 2635 466 2671 1,
497 2634 574 2665 466.
623 2634 793 2677 Gargara
824 2639 859 2666 G.
885 2636 914 2673 1,

115 2681 190 2711 103.
236 2678 408 2721 Pangaea
434 2683 471 2710 G.
497 2681 532 2715 4,
558 2680 634 2711 462.
685 2684 739 2711 Sic
763 2683 914 2711 Latinum

119 2725 273 2757 Massica
298 2729 329 2765 7,
348 2726 424 2756 726.
444 2732 473 2755 el
494 2725 655 2763 carbas-a,
683 2726 799 2764 sibila,
827 2732 914 2765 loca,

114 2771 202 2802 ioca.
240 2773 283 2802 cf.
310 2776 363 2803 Gr.
402 2772 424 2807 ᾗ·
463 2771 536 2801 104.
591 2770 788 2813 Dindymus
818 2782 914 2804 mons

115 2820 291 2855 Phrygiae,
315 2826 453 2853 magnae
471 2820 575 2847 Deum
591 2820 683 2847 malri
703 2827 810 2856 sacer,
829 2822 914 2849 unde

115 2865 230 2894 dicitur
259 2863 486 2905 Dindymene.
512 2879 557 2885 —
581 2863 725 2901 biforem
746 2863 807 2894 dat
827 2864 914 2895 tibia

118 2913 278 2941 cantum:
324 2912 527 2948 „Bisonum,
560 2911 730 2945 imparem.
777 2914 817 2940 Et
842 2920 915 2941 ser-

118 2957 208 2985 vavit
233 2957 283 2986 eis
307 2958 457 2987 tibiarum
477 2964 611 2986 suarum
636 2962 798 2986 naturam.
831 2961 913 2986 Nam

117 3001 213 3031 libiae
239 3008 293 3032 3111
321 3011 480 3033 Serranae
509 3004 679 3041 dicuntur,
718 3011 803 3039 quae
839 3007 915 3033 sunt

959 1040 1069 1069 pares,
1095 1036 1126 1060 et
1153 1032 1316 1065 aequales
1345 1030 1467 1056 habent
1496 1034 1678 1063 cavernas,
1705 1031 1760 1055 aut

958 1078 1141 1114 Phrygiae,
1172 1084 1257 1111 quae
1283 1080 1312 1102 el
1335 1075 1478 1108 impares
1503 1078 1580 1101 sunt
1608 1077 1639 1100 et
1665 1073 1760 1102 inae-

958 1125 1076 1158 quales
1110 1125 1232 1151 llabent
1264 1127 1441 1149 cavernas.
1498 1120 1584 1153 Ergo
1610 1118 1758 1155 biforem,

960 1170 1149 1205 dissonum,
1189 1167 1394 1196 dissimilem.
1456 1166 1528 1193 Non
1565 1165 1651 1192 enim
1683 1168 1761 1193 511111

958 1216 1030 1250 pari
1071 1214 1296 1242 modulatione
1333 1210 1549 1246 compositae.
1602 1211 1641 1239 Ul
1675 1210 1760 1239 enim

958 1261 1002 1289 311
1024 1262 1145 1289 Varro:
1184 1256 1285 1288 'libia
1318 1254 1477 1297 Phrygia
1504 1253 1629 1285 dextra
1653 1264 1760 1285 unum

954 1306 1119 1344 foramen
1158 1302 1281 1340 habet,
1317 1301 1464 1332 sinistra
1492 1299 1578 1339 duo,
1615 1310 1761 1341 quorum

958 1360 1067 1381 unum
1107 1353 1247 1381 acutum
1288 1357 1408 1378 sonum
1446 1345 1566 1384 habet,
1608 1345 1760 1376 alterum

958 1400 1143 1439 gravem.··
1178 1400 1210 1425 S.
1242 1398 1319 1424 Erat
1353 1395 1428 1423 libia
1465 1394 1601 1422 sinislra
1629 1393 1761 1431 inflexa,

959 1451 1062 1478 quare
1090 1445 1188 1472 eliam
1215 1450 1317 1471 cornu
1351 1441 1477 1469 dicilur.
1527 1440 1574 1469 cf.
1605 1439 1656 1476 ll,
1683 1439 1759 1468 737.

961 1491 1022 1518 ΟΥ.
1049 1492 1089 1518 Μ.
1118 1489 1173 1525 ll,
1210 1488 1250 1517 16
1284 1486 1408 1526 inflato
1437 1483 1648 1525 Berecyntia
1673 1483 1762 1515 tibia

960 1543 1067 1564 cornu
1103 1540 1134 1564 et
1171 1533 1209 1571 3,
1247 1532 1315 1563 533
1352 1531 1490 1562 adunco
1529 1529 1616 1560 tibia
1642 1540 1761 1561 cornu.

959 1583 1032 1611 Iuv.
1056 1580 1088 1617 2,
1114 1581 1159 1610 90
1183 1577 1295 1621 gemit
1317 1576 1372 1608 hic
1397 1576 1541 1608 tibicina
1566 1586 1682 1606 cornu.

1006 1626 1083 1656 619.
1109 1630 1212 1656 vocat
1254 1627 1315 1655 MR
1364 1627 1408 1654 al.
1453 1624 1494 1653 cf.
1545 1623 1577 1657 l,
1616 1623 1668 1652 16.
1717 1640 1761 1645 —

959 1675 1086 1703 vocant
1130 1675 1175 1702 31.
1199 1688 1243 1693 -
1266 1669 1377 1701 buxus
1416 1679 1463 1700 sc.
1501 1670 1601 1698 libiae
1639 1670 1759 1699 οἱον.

959 1722 1001 1748 M.
1028 1717 1065 1756 4,
1092 1717 1137 1747 30
1163 1725 1389 1756 concavaque
1412 1724 1496 1745 aera
1521 1719 1661 1752 sonant,
1687 1713 1763 1745 lon-

959 1772 1077 1805 goque
1096 1761 1278 1802 foramine
1308 1761 1419 1792 buxus
1443 1768 1472 1790 el
1499 1761 1550 1797 12,
1581 1761 1644 1790 158
1669 1758 1763 1791 Lon-

959 1818 1054 1850 gane
1086 1807 1264 1847 multifori
1292 1806 1442 1837 delectat
1480 1804 1568 1836 tibia
1600 1805 1692 1836 buxi.
1717 1822 1762 1828 -—

962 1853 1174 1895 Berecyntia
1209 1855 1252 1884 cf.
1277 1855 1316 1891 6,
1341 1854 1417 1883 785.
1446 1870 1490 1872 —
1514 1855 1762 1888 'rympanorum

960 1907 991 1930 et
1017 1903 1165 1930 libiarum
1191 1909 1276 1930 usus
1302 1905 1370 1929 erat
1401 1900 1432 1928 in
1461 1900 1583 1928 Bacchi
1611 1899 1672 1934 (cf.
1700 1901 1760 1929 Ov.

959 1951 1003 1977 Μ.
1029 1947 1059 1978 3.
1092 1946 1160 1975 530
1183 1947 1255 1983 sq.)
1291 1952 1322 1975 et
1349 1948 1493 1981 Cybeles
1519 1945 1650 1981 saeris,
1683 1946 1757 1975 eius

960 2000 1071 2022 aulem
1105 1995 1299 2022 sacerdotes
1331 1993 1416 2022 Galli
1451 1996 1554 2020 erant.
1595 1992 1644 2020 De
1671 1994 1760 2020 cultu

961 2042 1107 2074 cybeles
1142 2040 1182 2068 cf.
1207 2039 1330 2069 Catulli
1359 2040 1449 2073 Atyn
1474 2046 1507 2065 v.
1534 2036 1588 2065 63.
1639 2039 1698 2066 ov.
1725 2040 1760 2067 F.

961 2085 998 2121 4,
1044 2085 1119 2114 181.
1158 2087 1274 2115 Claud.
1298 2085 1330 2114 in
1361 2087 1451 2113 Eutr.
1477 2082 1509 2121 2,
1533 2082 1613 2112 270.
1638 2085 1703 2113 ΒΡ.
1728 2083 1761 2122 2,

959 2132 1037 2160 267.

960 2208 1166 2242 621—658.
1206 2206 1382 2239 Ascanius
1407 2205 1608 2237 Numanum
1633 2206 1762 2247 delicit,

1138 2253 1303 2285 laudatus
1328 2251 1370 2284 ab
1399 2251 1576 2294 Apolline.

1006 2313 1084 2342 621.
1112 2316 1181 2342 Non
1199 2314 1268 2341 lulil
1294 2320 1368 2340 eum
1392 2313 1431 2340 A.
1454 2309 1547 2341 talia
1571 2309 1762 2342 iactantem

959 2358 1144 2398 „suorum”
1169 2358 1388 2388 fortitudinem
1418 2359 1448 2385 el
1480 2354 1559 2386 dira
1582 2361 1762 2388 canentem

962 2408 1024 2444 „ad
1051 2407 1202 2435 iniuriam
1226 2403 1468 2434 'nolanorum‘
1495 2406 1527 2432 S.

1007 2452 1084 2481 622.
1108 2460 1215 2480 nervo
1253 2448 1379 2490 equino
1413 2450 1511 2485 „quia
1548 2449 1580 2478 in
1619 2452 1762 2480 arcubus

961 2499 1055 2527 nervi
1092 2498 1205 2532 equini
1239 2499 1349 2525 solent
1379 2504 1468 2524 esse.
1524 2495 1651 2524 Accius
1685 2496 1763 2525 Phi-

960 2547 1097 2573 loclete:
1155 2541 1313 2572 Tendens
1342 2549 1448 2570 nervo
1476 2538 1601 2580 equino
1625 2539 1763 2571 concita

962 2588 1066 2620 telas*
1099 2592 1132 2618 S.
1156 2605 1201 2608 —-
1228 2586 1409 2624 obuersus,
1435 2593 1549 2616 contra
1569 2588 1662 2616 illum
1685 2596 1763 2617 ver-

962 2645 1033 2665 sus.

1007 2680 1084 2711 623.
1111 2677 1290 2709 contendit
1337 2681 1429 2708 MRb.
1470 2679 1514 2707 ila
1555 2676 1763 2708 contendere

963 2736 1047 2755 arcu
1080 2724 1184 2756 telum
1212 2725 1250 2760 5,
1283 2724 1360 2753 513.
1411 2726 1502 2759 Quod
1533 2726 1596 2753 duo
1623 2733 1655 2754 v.
1685 2733 1762 2760 par-

961 2774 1064 2802 ticula
1094 2781 1154 2801 con
1180 2771 1353 2807 incipiuni,
1385 2771 1469 2798 idem
1505 2770 1533 2798 fil
1567 2771 1600 2806 l,
1631 2771 1703 2800 187.
1728 2770 1762 2800 8.

961 2827 1067 2853 neque
1095 2826 1200 2846 sonus
1227 2818 1324 2845 huius
1353 2817 1533 2851 particulae
1559 2818 1592 2845 in
1614 2819 1705 2846 cont.
1731 2821 1763 2846 et

962 2867 1067 2894 const.
1100 2866 1196 2899 plane
1229 2864 1313 2891 idem
1346 2867 1406 2891 est.
1436 2878 1481 2881 —-
1506 2860 1657 2891 intendit
1684 2865 1761 2902 Pyc.

960 2919 1026 2940 rec.
1055 2907 1117 2939 Rb.
1144 2925 1188 2930 —-
1212 2906 1420 2948 diversaque
1449 2905 1594 2937 brachia
1620 2907 1762 2945 ducens,

957 2957 1007 2986 113
1031 2957 1157 2985 ducens
1180 2955 1330 2990 brachia,
1369 2960 1400 2983 111
1434 2955 1567 2983 diversa
1601 2954 1687 2984 fiant.
1719 2954 1760 2984 cf.

960 3001 991 3039 4,
1020 3001 1077 3031 22.
