2023 3350
702 94 933 129 AENEtDOS
957 99 1042 132 LIB.
1068 99 1146 131 ΧΠ.

1657 100 1737 138 623

106 208 452 263 Praecipitatque
490 221 632 249 moras
666 222 832 261 omnes,
870 224 1002 264 opera.
1041 211 1185 253 omnia
1217 209 1391 264 rumpit,

106 267 293 309 Laetitia
333 266 573 316 exsultans,
610 265 956 322 horrendumque
994 270 1165 311 intonat
1201 268 1350 309 armis:

1656 270 1738 309 '700

108 324 303 375 Quantus
337 323 472 365 Athos
509 327 586 364 aut
623 328 806 377 quantus
845 326 979 380 Eryx,
1018 331 1094 368 aut
1128 327 1241 381 ipse,
1275 325 1462 367 coruscis

107 382 246 433 Quum
282 382 427 423 fremit
464 380 655 433 ilicibus,
688 387 895 436 quantus,
936 384 1178 438 gaudetque
1216 383 1348 424 nivali

107 440 277 482 Vertice
314 453 359 480 se
393 438 594 480 attollens
628 444 752 493 pater
786 442 1062 495 Appenninus
1096 441 1152 483 ad
1186 455 1326 482 auras.

107 498 198 540 Iam
231 510 330 538 vero
373 499 415 537 et
452 496 601 538 Rutuli
639 499 853 551 certatim,
885 503 928 553 et
963 500 1110 551 Troes,
1148 503 1191 540 et
1221 512 1365 540 omnes

109 555 361 598 Convertere
402 554 547 595 oculos
587 556 705 607 Itali;
745 557 903 611 quique
943 557 1033 599 alta
1066 557 1270 599 tenebant

107 611 295 662 Moenia,
331 611 489 665 quique
526 612 633 654 imos
671 614 903 667 pulsabant
940 615 1075 656 ariete
1116 628 1277 665 muros;

106 670 321 723 Armaque
357 669 591 724 deposuere
628 671 828 714 humeris.

888 672 1041 726 Stupet
1079 673 1171 726 ipse
1210 671 1401 720 Latinus,

108 727 325 780 Ingentes,
364 728 529 781 genitos
564 728 742 772 diversis
779 730 976 784 partibus
1011 729 1139 781 orbis,

154 903 231 933 699.
260 901 375 944 Opera
402 903 531 942 omnia,
565 906 682 940 quibus
707 910 776 934 erat
801 913 903 934 occu-

108 955 214 986 patus,
241 949 382 990 rumpit,
413 949 522 980 bricht
544 950 598 980 ab.

154 996 231 1025 700.
258 997 348 1030 Quod
385 998 514 1026 tandem
544 998 719 1032 aliquando
753 1002 903 1032 potestas

108 1043 274 1078 pugnandi
307 1044 411 1079 datur,
444 1045 577 1072 Aeneas
604 1044 726 1072 laetitia
753 1044 903 1079 affectus,

108 1097 206 1124 quum
223 1090 262 1117 ad
288 1093 453 1118 certamen
477 1091 691 1127 progreditur,
715 1090 787 1125 ipse
811 1090 905 1118 vide-

108 1139 160 1164 tur
183 1142 346 1163 crescere.
400 1151 442 1155 —
488 1137 590 1165 Vetus
615 1142 665 1165 est
685 1136 794 1171 opinio
821 1136 905 1164 31111-

107 1182 242 1216 quiores
274 1186 303 1209 et
337 1182 532 1216 proceritate
557 1182 766 1217 praestitisse
797 1186 825 1209 et
854 1182 903 1210 vi-

109 1228 210 1261 ribus,
230 1227 445 1262 hominesque
459 1228 526 1256 fieri
542 1229 667 1257 sensim
685 1233 713 1257 01
733 1229 903 1256 breviores

108 1279 138 1302 et
165 1273 355 1301 debiliores.
403 1275 457 1302 Sic
481 1276 566 1309 apud
591 1277 683 1304 Hom.
711 1275 748 1302 Il.
779 1272 810 1309 5,
838 1272 904 1301 304

108 1319 286 1348 Diomedes
310 1320 452 1354 lapidem
478 1321 626 1356 proiecit,
652 1328 748 1355 quem
765 1319 821 1347 vix
841 1320 904 1347 duo

110 1371 250 1401 possunt
276 1365 362 1394 ferre
389 1358 460 1393 οἷοι
480 1362 547 1394 νῦν
563 1362 691 1406 βροτοί
708 1361 789 1394 εἰσι·
817 1366 903 1399 apud

110 1412 280 1446 Virgilium
297 1419 328 1440 v.
345 1412 412 1439 900
427 1413 558 1441 Turnus
584 1419 704 1440 saxum
729 1411 906 1446 provolvit,

109 1459 195 1494 quod
236 1458 294 1486 vix
325 1458 495 1486 duodecim
537 1458 688 1486 homines
724 1461 904 1484 moverent.

109 1506 201 1534 Hanc
221 1503 420 1539 opinionem,
447 1510 511 1537 qua
528 1506 705 1532 numanum
726 1510 832 1537 genus
864 1502 904 1530 ad

109 1550 367 1585 Liliputanorum
391 1549 602 1578 humilitatem
635 1550 829 1576 decrescere
855 1548 907 1576 vi-

109 1597 238 1632 deatur,
271 1595 391 1624 falsam
423 1602 501 1623 esse
527 1595 590 1624 iam
619 1603 652 1623 re
677 1599 727 1623 est
754 1601 907 1629 compro-

110 1645 230 1671 batum.
278 1643 401 1670 Tamen
425 1643 665 1671 sustentabitur
687 1648 726 1669 ea
743 1648 789 1675 re,
821 1640 907 1674 quod

109 1689 164 1724 qui
191 1689 399 1724 adolescunt,
426 1687 531 1716 minus
559 1695 721 1716 memores
743 1691 819 1715 sunt
834 1694 906 1714 cre-

110 1735 203 1764 visse
217 1742 266 1771 se,
281 1740 378 1768 quam
390 1733 537 1762 iuniores
553 1741 632 1762 esse
648 1732 818 1761 breviores
838 1733 909 1766 opi-

110 1786 239 1816 030101,
282 1786 379 1814 quam
402 1779 466 1813 ipsi
489 1780 619 1808 illorum
645 1783 753 1808 aetate
778 1778 907 1806 fuerint.

112 1828 176 1856 Sed
226 1826 355 1854 etiamsi
403 1827 585 1854 habeamus
629 1832 754 1860 veram,
800 1828 907 1852 tamen

109 1873 275 1902 etiamtum
299 1871 467 1906 Virgilium
491 1879 654 1906 peccasse
674 1871 738 1899 iam
763 1870 907 1898 diximus

112 1918 145 1953 5,
163 1916 240 1946 263.
267 1917 345 1945 487.
373 1925 477 1951 neque
503 1923 610 1945 tamen
637 1919 666 1945 11.
695 1918 715 1945 1.
743 1916 905 1951 peccavit.

111 1967 212 1994 Recte
238 1964 323 1992 enim
349 1963 465 1992 dicitur
481 1964 615 1992 Aeneas
632 1961 759 2003 ingens
776 1962 807 1998 3,
830 1959 905 1997 619,

113 2011 232 2046 aliique
258 2009 426 2044 bomines;
472 2010 529 2038 sed
557 2010 596 2038 ad
617 2009 770 2037 montium
796 2013 826 2037 et
853 2016 906 2037 ar-

112 2059 226 2086 borum
246 2055 435 2084 alitudinem
457 2057 533 2084 olim
545 2055 696 2084 homines
715 2055 906 2084 ascendisse

112 2112 177 2132 non
208 2102 290 2131 dixit
312 2103 403 2137 vgl.;
446 2109 520 2130 eam
559 2102 610 2130 dat
652 2101 906 2133 magnitudinem

113 2151 318 2184 Polyphemo
357 2153 388 2176 et
419 2147 640 2183 Cyclopibus,
671 2147 793 2183 Orioni,
823 2148 908 2176 Cen-

112 2195 216 2225 tauris
239 2192 270 2231 7,
294 2193 369 2223 676.
401 2194 574 2229 Comparat
605 2194 734 2228 quidem
759 2194 909 2222 homines

112 2249 187 2271 cum
224 2240 388 2269 abietibus
419 2239 461 2269 cf.
491 2239 522 2274 ι’),
554 2238 630 2269 448.
666 2239 698 2275 9,
723 2238 801 2275 674,
844 2247 909 2267 non

113 2292 222 2317 tamen
254 2291 287 2316 ut
310 2291 441 2320 aequet.
490 2289 601 2320 Neque
635 2287 698 2314 1100
730 2287 803 2314 1000
834 2286 908 2314 alti-

114 2334 224 2363 tudine
261 2337 470 2368 comparatur
510 2333 645 2361 Aeneas
685 2339 757 2360 cum
799 2336 909 2360 monte

112 2379 320 2415 Appennino,
363 2379 421 2408 sed
459 2379 617 2414 strepitus
644 2385 807 2407 armorum
835 2385 909 2406 cuin

112 2427 169 2455 illo
196 2425 338 2461 fragore,
376 2433 471 2460 quem
503 2430 631 2454 montes
662 2425 760 2452 edunt
785 2423 911 2452 arbori-

114 2474 176 2501 bus
211 2479 296 2506 quae
332 2471 364 2499 in
398 2471 440 2500 iis
475 2477 550 2500 sunt
585 2474 684 2499 vento
721 2470 910 2499 concussis.

113 2520 228 2552 ltaque
253 2518 405 2546 videmus
434 2522 583 2546 naturam
609 2517 797 2553 animatam,
817 2524 910 2544 mon-

116 2568 247 2598 temque
278 2564 396 2598 gaudio
427 2563 524 2598 quasi
550 2565 772 2592 exsultantem
798 2563 910 2590 decla-

115 2610 180 2638 rari
213 2614 242 2638 01
266 2611 402 2638 arbores
433 2610 685 2645 concutientem,
722 2614 754 2637 ut
775 2610 909 2638 Aeneas

116 2655 241 2685 laetitia
279 2657 426 2684 exsultat
461 2660 492 2683 et
528 2663 618 2684 arma
660 2655 814 2684 concutit.
862 2656 912 2682 Ita

117 2701 204 2738 apud
252 2701 346 2729 Hom.
382 2699 421 2729 Il.
462 2697 515 2739 13,
566 2699 632 2730 754
678 2702 798 2730 Hector
845 2691 915 2739 (ὁρ-

116 2741 222 2787 μήθη
264 2738 344 2785 ὄρεϊ
384 2739 547 2785 νιφόεντι
587 2738 722 2782 ἐοικώς.
785 2748 914 2782 Quanta

117 2800 158 2822 ea
187 2793 221 2821 in
245 2800 278 2820 re
309 2799 542 2827 nonnunquam
567 2793 779 2829 peccaverint
797 2797 911 2829 poste—

115 2840 223 2868 riores
247 2842 365 2874 poetae
390 2838 506 2867 afferre
533 2840 594 2868 1100
621 2841 696 2867 1000
730 2847 815 2874 opus
846 2846 911 2867 non

116 2890 179 2915 est.
205 2900 249 2904 —
268 2885 379 2913 Verba
402 2890 511 2913 autem
540 2884 640 2920 iunge
673 2885 739 2914 sic:
786 2885 912 2914 intonat

117 2931 230 2969 armis,
255 2936 398 2966 quantus
417 2931 542 2959 intonat
567 2931 688 2965 Athos,
713 2932 817 2969 Eryx,
840 2931 912 2966 Ap-

117 2977 294 3014 penninus,
318 2984 416 3012 quum
439 2976 546 3006 fremit
569 2977 702 3005 ilicibus
726 2980 790 3005 010.

165 3022 245 3052 701.
269 3024 376 3054 Albos
402 3023 434 3052 in
460 3023 666 3060 Chalcidice,
700 3022 917 3052 Macedoniae

949 912 1051 942 parte,
1075 911 1173 935 notus
1200 907 1376 935 Persarum
1407 904 1590 940 naufragiis
1620 909 1651 934 et
1675 913 1745 934 mo-

950 953 1106 983 nasteriis
1131 953 1405 983 Christianorum.
1442 967 1486 970 —
1524 949 1619 991 Eryx
1644 952 1685 980 ct'.
1718 952 1746 987 l,

949 998 1026 1028 570.
1056 1014 1093 1019 —
1123 996 1273 1027 coruscis
1296 997 1337 1026 cf.
1366 997 1394 1033 l,
1423 995 1498 1026 164.

996 1045 1072 1074 702.
1104 1042 1243 1073 Gaudet
1273 1052 1338 1072 non
1370 1051 1442 1072 cum
1476 1040 1642 1072 attollens
1674 1044 1749 1072 iun·

950 1092 1045 1127 gitur,
1070 1092 1128 1120 sed
1151 1098 1224 1118 cum
1252 1088 1378 1119 vertice
1404 1086 1528 1118 nivali.

997 1135 1075 1165 703.
1107 1133 1338 1177 Appenninus
1362 1137 1465 1175 pater
1501 1135 1627 1169 dicitur,
1661 1137 1748 1163 altus

951 1192 1058 1214 mons.
1083 1183 1136 1217 qui
1159 1183 1380 1211 circumdatur
1394 1182 1584 1216 minoribus,
1609 1185 1642 1209 ut
1658 1187 1750 1216 pater

952 1230 1064 1258 liberis
1106 1229 1187 1257 suis.
1236 1229 1435 1256 Dicebantur
1476 1228 1574 1256 etiam
1618 1234 1748 1256 montes

952 1283 1031 1303 esse
1054 1275 1256 1307 animantes;
1282 1274 1323 1303 cf.
1346 1281 1430 1308 quae
1456 1275 1495 1301 de
1519 1275 1650 1302 Allante
1671 1281 1749 1302 nar-

952 1323 1117 1349 rabantur.
1169 1317 1223 1348 Pl.
1252 1322 1354 1359 pater
1375 1322 1406 1348 in
1431 1322 1529 1358 patet
1553 1324 1687 1350 mutato.
1719 1324 1748 1347 01

952 1367 1064 1395 verbis
1091 1368 1245 1405 quantus
1269 1380 1312 1386 -—
1338 1362 1506 1394 attollens
1528 1365 1642 1393 eiectis
1665 1367 1749 1393 11300

953 1413 992 1441 110
1018 1412 1170 1446 reliquis:
1225 1412 1374 1447 „Versus
1420 1411 1625 1441 suavissimi.
1666 1419 1750 1445 quos

952 1460 1063 1492 legere
1086 1456 1218 1492 sufficit,
1245 1461 1278 1484 ut
1304 1456 1505 1490 Virgilianos
1532 1457 1660 1485 dicas?
1686 1458 1750 1484 sed

952 1504 980 1532 is
1005 1508 1054 1533 est
1080 1510 1170 1531 error
1202 1499 1268 1537 Pti,
1312 1503 1397 1536 quod
1422 1502 1451 1530 si
1482 1510 1544 1530 0110
1569 1504 1623 1531 vel
1648 1503 1751 1538 pluri-

953 1549 1197 1578 bus-versibus
1227 1549 1343 1577 eiectis
1372 1548 1485 1582 aliqua
1517 1553 1607 1576 stare
1648 1557 1751 1584 posse

953 1596 1082 1624 videtur
1097 1595 1272 1630 sententia,
1296 1595 1360 1623 iam
1379 1594 1450 1622 iure
1469 1601 1529 1622 eas
1548 1602 1585 1623 se
1606 1595 1751 1623 eiecisse

954 1642 1117 1677 opinatur,
1144 1646 1173 1669 et
1198 1642 1311 1669 eadem
1339 1641 1465 1669 ratione
1493 1645 1595 1669 mutat
1619 1641 1753 1675 singula

956 1690 1067 1716 verba.
1117 1688 1181 1715 Sed
1207 1694 1227 1715 a
1249 1687 1305 1715 tali
1333 1692 1402 1715 arte
1430 1687 1545 1715 critica
1575 1688 1749 1716 admodum

955 1740 1005 1762 est
1031 1734 1233 1767 cavendun13
1261 1738 1291 1761 et
1315 1733 1460 1761 mutandi
1482 1733 1581 1761 libido
1600 1733 1695 1761 etiam
1720 1734 1752 1762 in

955 1780 1101 1808 fraudem
1133 1779 1271 1813 impulit.
1319 1779 1374 1807 Sic
1406 1780 1435 1806 11.
1470 1780 1491 1807 1.
1523 1787 1588 1807 11011
1615 1780 1749 1807 demon·

954 1826 1071 1854 stravit
1094 1827 1218 1864 patere
1253 1821 1299 1853 ad
1337 1832 1445 1853 auras
1472 1826 1572 1853 altum
1608 1831 1749 1853 montem

954 1880 1057 1907 posse
1079 1871 1152 1899 dici.
1182 1873 1256 1905 lpse
1277 1871 1374 1899 etiam
1393 1871 1622 1899 animadvertit
1638 1872 1753 1900 silium

955 1921 1067 1953 verba,
1094 1925 1177 1952 quae
1211 1917 1356 1953 eliceret,
1376 1916 1500 1951 legisse
1524 1915 1555 1954 2,
1581 1915 1646 1945 313
1663 1915 1752 1946 mole

953 1961 1068 1992 nivali
1095 1960 1241 2003 Alpibus
1276 1965 1464 2001 aequatam
1498 1960 1663 1992 attollens
1696 1972 1754 1992 cu-

952 2013 1014 2050 put
1027 2007 1266 2049 Appenninus.
1293 2011 1360 2038 Nec
1371 2009 1591 2043 magnitudine
1604 2011 1753 2038 Aeneam

954 2063 1026 2085 011111
1052 2062 1160 2083 monte
1180 2055 1363 2090 comparari
1382 2055 1446 2083 iam
1472 2056 1625 2085 vidimus.

1000 2101 1076 2130 705.
1100 2103 1215 2136 Itaque
1242 2106 1272 2130 et
1298 2101 1466 2130 defensuri
1492 2103 1603 2130 urbem
1640 2105 1668 2130 et
1694 2110 1753 2131 ca-

956 2148 1039 2183 pturi
1077 2148 1230 2176 desinunt
1263 2155 1368 2181 seque
1404 2148 1444 2176 ad
1483 2149 1545 2177 1100
1587 2153 1754 2177 certamen

956 2198 1167 2222 convertunt:
1217 2198 1309 2222 tanta
1347 2197 1398 2222 est
1426 2193 1499 2222 eius
1535 2201 1666 2229 pugnae
1693 2203 1755 2223 ex-

956 2240 1129 2276 spectatio.

1001 2285 1077 2314 706.
1105 2282 1198 2314 aries
1227 2285 1268 2314 cf.
1293 2283 1325 2322 2,
1350 2283 1428 2313 49⁵2.

1001 2329 1078 2360 707.
1106 2333 1220 2372 stupet
1257 2329 1330 2370 ipse
1363 2327 1522 2360 Latinus.
1572 2332 1756 2369 Quaeritur,

956 2385 1040 2413 quae
1065 2377 1158 2406 fuerit
1187 2384 1313 2406 caussa
1337 2377 1483 2412 stuporis
1501 2378 1641 2406 Latino?
1683 2379 1754 2407 Iam

957 2425 1082 2453 viderat
1113 2423 1250 2452 Latinus
1295 2428 1478 2459 utrumque,
1514 2428 1544 2451 et
1585 2423 1756 2458 utriusque

957 2475 1115 2500 staturam
1145 2474 1294 2505 potuerat
1327 2470 1551 2498 considerare.
1599 2471 1664 2498 Sed
1695 2471 1755 2499 mi-

957 2516 1047 2545 ratur
1075 2524 1139 2544 non
1171 2518 1272 2544 robur
1301 2520 1331 2544 et
1358 2516 1457 2550 vires,
1497 2517 1557 2544 sed
1595 2517 1680 2550 quod
1724 2516 1756 2545 111

956 2563 1029 2600 viri,
1059 2562 1186 2591 viribus
1213 2566 1435 2599 praestantes,
1471 2570 1513 2590 ex
1536 2563 1620 2591 locis
1645 2563 1756 2590 diver-

957 2608 1103 2638 sissimis
1146 2609 1275 2636 tandem
1326 2608 1367 2637 ad
1413 2615 1554 2643 pugnam
1607 2609 1754 2638 coierint.

959 2656 1131 2685 Certamen
1154 2654 1237 2682 inter
1269 2661 1329 2682 003
1354 2654 1493 2683 Latinus
1525 2655 1611 2683 omni
1645 2655 1754 2684 studio

958 2703 1075 2730 tollere
1104 2701 1262 2736 cupierat,
1287 2704 1360 2735 post
1389 2704 1526 2729 coactus
1550 2700 1624 2736 ipse
1648 2706 1757 2730 certa-

960 2747 1057 2776 minis
1090 2746 1297 2775 conditiones
1331 2750 1502 2782 sanxerat,
1540 2754 1624 2781 quae
1655 2755 1754 2782 quum

960 2794 1146 2822 dissolutae
1188 2796 1314 2828 essent,
1353 2800 1394 2820 ne
1442 2796 1533 2821 esset
1577 2797 1756 2831 certamen,

956 2839 1074 2868 iterum
1099 2846 1160 2867 eos
1193 2844 1437 2872 congressuros
1471 2846 1537 2867 non
1566 2844 1755 2874 putaverat.

957 2885 1078 2914 Firmat
1107 2889 1216 2913 autem
1246 2891 1369 2913 versus
1393 2886 1522 2913 Seneca
1546 2886 1604 2920 Ep.
1631 2885 1675 2914 56
1700 2887 1756 2921 qui

956 2932 1071 2960 laudat
1107 2932 1209 2959 verba
1234 2931 1348 2969 stupet
1374 2945 1417 2950 ——
1436 2928 1547 2968 ferro.
1583 2928 1633 2960 Pl.
1670 2932 1759 2962 eiicit

960 2978 1074 3017 stupet
1101 2990 1144 2996 —
1161 2974 1262 3015 ferro
1294 2976 1391 3010 quasi
1425 2975 1545 3012 inepta.
1573 2993 1617 2997 —
1641 2980 1758 3019 stupet

965 3022 1006 3052 cf.
1032 3022 1064 3060 2,
1091 3020 1146 3050 31.
