2023 3350
78 193 196 244 Quin
234 196 284 235 ut
319 197 363 235 te
400 194 583 247 supplex
619 198 814 249 peterem
853 198 895 237 et
934 198 1011 237 tua
1047 194 1198 236 limina
1237 194 1414 249 adirem,

77 251 198 292 Idem
237 265 365 293 orans
397 251 607 293 mandata
642 252 788 294 dabat.

76 308 224 359 Alma,
266 322 437 362 precor,
483 309 707 362 miserere,
757 313 880 364 potes
914 323 1101 364 namque
1140 311 1301 363 omnia,
1345 324 1423 353 nec
1460 313 1505 353 te

74 365 379 419 Nequidquam
418 366 526 408 lucis
563 366 728 409 Hecate
766 367 975 422 praefecit
1010 368 1213 409 Avernis:

75 423 120 464 Si
154 424 299 477 potuit
334 424 481 465 Manes
517 438 737 467 arcessere
776 426 969 479 coniugis
1010 425 1219 478 Orpheus,

75 480 273 521 Threicia
310 480 446 522 fretus
484 481 653 523 cithara
690 482 933 537 fidibusque
971 483 1160 533 canoris,

77 538 122 579 Si
159 537 340 579 fratrem
385 538 540 580 Pollux
580 540 748 582 alterna
781 544 922 582 morte
960 540 1154 591 redemit,

74 596 201 648 Itque
235 595 434 649 reditque
477 597 591 638 viam
627 598 797 639 totiens.

77 652 188 704 Quid
223 666 458 695 memorem
496 655 702 697 Alciden?

190 710 366 752 Talibus
400 711 555 753 orabat
589 712 715 754 dictis
750 727 937 766 arasque
974 712 1164 763 tenebat,

75 767 216 817 Quum
252 769 313 809 sic
355 783 455 811 orsa
490 770 607 823 loqui
638 775 779 812 vates:
829 771 932 813 Sate
965 770 1173 823 sanguine
1211 768 1367 821 clivom,

74 825 180 866 Tros
215 826 497 878 Anchisiada,
539 827 680 869 facilis
723 828 954 870 descensus
984 828 1153 868 Averno
1193 851 1250 856 —

74 883 232 924 Noctes
268 887 399 937 atque
434 884 524 925 dies
563 888 685 938 patet
722 886 808 927 atri
844 886 976 926 ianua
1013 885 1128 926 Ditis
1166 909 1219 914 —-

76 939 161 981 Sed
202 954 405 983 revocare
444 942 625 995 gradum
660 957 926 997 superasque
962 941 1145 984 evadere
1187 940 1243 982 ad
1285 953 1428 991 auras,

75 997 169 1039 Hoc
209 1011 333 1051 opus,
380 999 451 1040 hic
491 999 615 1041 labor
653 1004 728 1041 est.

74 1055 287 1109 Iuppiter,
328 1060 406 1098 aut
445 1057 602 1099 ardens
642 1058 781 1099 evexit
815 1057 872 1099 ad
905 1057 1084 1099 aethera
1122 1056 1272 1106 virtus,

678 81 916 115 AENEIDos
947 83 1034 115 Lm.
1066 84 1125 115 vl.
1648 88 1729 127 271

1651 202 1731 242 115

850 252 1069 306 Gnatique
1101 253 1337 307 patrisque,

1648 488 1730 526 120

860 597 972 649 Quid
1009 597 1196 647 Thesea,
1243 611 1447 651 magnum

763 656 820 697 Et
854 656 914 697 mi
952 669 1084 709 genus
1121 654 1176 696 ab
1215 654 1314 696 Iove
1359 669 1536 697 summo.

1650 774 1729 812 125

790 1001 940 1051 Pauci,
990 1013 1098 1052 quos
1136 1012 1299 1051 aequus
1339 998 1500 1039 amavit

1647 1059 1729 1099 130

926 1224 955 1248 et
985 1218 1123 1248 Averno
1158 1219 1179 1247 i.
1214 1227 1240 1248 e.
1274 1219 1315 1247 ad
1340 1216 1546 1248 Averuumf‘
1580 1222 1611 1249 S.
1664 1217 1728 1249 Rb.

125 1215 200 1247 116.
227 1216 399 1248 mandata
427 1216 534 1248 dabat
561 1221 580 1248 l.
608 1219 638 1258 5,
657 1217 733 1248 735.

122 1262 198 1294 119.
231 1261 402 1304 Orpheus.
457 1262 603 1293 Cithara
634 1264 752 1303 frctus
784 1270 815 1294 ut
848 1262 878 1304 4,

76 1307 142 1338 245
170 1314 218 1339 est
238 1308 399 1349 confisus.

124 1354 198 1385 121.
225 1353 366 1385 alterna
391 1356 510 1384 morte.
543 1357 674 1390 Pollux,
691 1361 782 1391 patre
800 1358 879 1385 Iove

74 1406 171 1430 uatus
206 1406 302 1436 atque
328 1401 401 1429 inde
429 1401 639 1439 immortalis,
681 1402 726 1431 ita
753 1403 880 1431 amavit

77 1447 244 1476 Castorem
269 1447 418 1482 fratrem,
456 1448 620 1482 Tyndarei
645 1447 761 1485 tilium,
800 1453 831 1476 ut
859 1456 880 1477 a

79 1494 159 1522 Iove
184 1496 315 1529 peteret,
336 1496 369 1521 ut
393 1492 466 1520 inde
492 1493 610 1527 partita
636 1493 877 1523 immortalitate

81 1546 139 1573 per
160 1546 220 1567 sex
245 1546 372 1567 menses
389 1539 472 1566 alter
497 1538 530 1566 in
557 1540 662 1576 caelo,
688 1541 769 1568 alter
792 1541 878 1575 apud

75 1583 198 1612 inferos
226 1587 324 1612 esset.
373 1585 420 1611 Ea
451 1584 488 1612 de
515 1592 550 1612 re
573 1589 723 1614 auctores
748 1586 878 1622 collegit

76 1629 229 1664 antiquos
250 1630 314 1659 Jan
338 1630 379 1658 ad
404 1631 504 1658 Macr.
531 1632 597 1659 Sat.
629 1628 657 1668 1,
683 1628 737 1660 21.

121 1683 198 1714 122.
223 1684 250 1716 it
274 1683 369 1714 viam
395 1686 434 1714 cf.
461 1685 492 1722 5,
518 1683 595 1714 235.
632 1702 670 1706 —
711 1684 802 1717 redit
836 1687 876 1716 cf.

73 1729 105 1769 4,
135 1729 210 1760 433.
239 1729 316 1760 556.
358 1746 396 1750 —
443 1728 595 1761 Theseus
628 1741 702 1761 cum
731 1733 876 1762 Pirithoo

73 1778 238 1807 descendit
263 1777 492 1811 Proserpinam
519 1782 681 1812 rapturus.
715 1793 752 1797 —
789 1776 877 1807 'rhe-

74 1831 151 1860 sea,
173 1830 345 1863 magnum
370 1822 522 1851 scribitur
547 1827 577 1852 et
606 1821 666 1852 Th.
692 1832 878 1864 maguum,

74 1877 114 1897 ne
150 1875 270 1897 versus
307 1868 478 1897 incidatur.
535 1870 596 1897 Sed
627 1870 774 1898 Theseus
813 1878 878 1898 11011

78 1921 219 1950 magnus
241 1917 306 1951 est,
343 1914 373 1942 si
401 1921 473 1943 cum
497 1915 636 1943 Hercule
663 1919 877 1952 comparatur,

76 1968 182 1994 neque
205 1962 274 1988 erat
297 1963 407 1993 aptum
427 1961 493 1987 ullo
519 1961 610 1988 1110110
634 1962 770 1990 laudare
793 1969 877 1999 eum,

75 2006 130 2040 qui
157 2005 286 2034 facinus
313 2009 498 2039 patraturus
523 2007 742 2035 descenderat.
772 2007 878 2041 Quare

77 2054 202 2080 tantum
233 2051 396 2087 nominat3
433 2054 463 2079 et
496 2052 653 2080 Hercules
691 2052 790 2081 etiam
823 2059 876 2087 ap.

74 2097 150 2126 Hor.
183 2097 218 2126 C.
251 2094 282 2133 4,
306 2095 337 2134 5,
366 2094 407 2125 36
442 2094 572 2137 Magni
602 2094 742 2127 nomine
775 2095 879 2137 quasi

75 2150 138 2172 suo
162 2139 310 2183 gaudet.

121 2195 198 2227 123.
227 2194 394 2227 Hercules
418 2199 591 2228 Cerberum
617 2199 650 2228 iu
674 2198 781 2229 lucem
804 2207 877 2234 prot

75 2244 176 2272 traxit
212 2244 251 2273 cf.
285 2241 361 2273 396,
403 2259 441 2263 -
489 2245 524 2272 Si
555 2245 623 2273 11115
654 2245 762 2283 1101111,
797 2245 877 2274 mihi

75 2290 174 2318 etiam
200 2289 320 2326 licebit,
348 2290 403 2324 qui
430 2298 494 2318 non
519 2290 628 2319 minus
653 2298 673 2319 a
696 2293 775 2320 Iove
797 2292 876 2320 duco

75 2335 249 2373 originem,
283 2339 314 2363 et
338 2335 369 2363 si
397 2336 544 2370 Orpheus
568 2345 722 2375 uxorem,
757 2338 878 2365 Pollux

78 2380 229 2417 fratrem,
267 2381 297 2409 si
327 2381 483 2410 Hercules
511 2384 690 2420 custodem,
730 2383 878 2411 Theseus

76 2426 225 2462 reginam
249 2433 291 2454 ex
317 2427 396 2455 Orco
420 2430 600 2465 trahebant,
624 2436 681 2464 ego
709 2428 819 2457 videre
844 2429 879 2456 in

78 2472 158 2500 Orco
188 2475 312 2506 patrem
345 2479 418 2500 cum
448 2481 548 2508 eoque
574 2475 716 2509 colloqui
742 2474 772 2503 si
799 2475 879 2504 lice-

76 2516 142 2554 bit,
168 2520 336 2546 contentus
356 2525 420 2546 ero.

80 2593 300 2625 124—155.
370 2591 500 2636 Sibylla
542 2593 627 2626 dicit
668 2604 755 2637 quae
798 2600 879 2629 ante

329 2638 403 2670 51111
432 2639 638 2680 peragenda.

124 2695 199 2727 124.
226 2706 310 2727 aras
336 2695 475 2727 tenebat
502 2698 540 2727 cf.
568 2697 598 2735 4,
625 2697 700 2728 219.

126 2753 198 2783 125.
226 2763 329 2794 qimam
358 2757 440 2783 Mss.
475 2760 537 2791 opt.
579 2756 617 2785 cf.
652 2755 689 2794 3,
716 2754 793 2786 590.
837 2773 875 2777 —

76 2803 148 2830 tum
175 2801 245 2829 alii.

123 2855 198 2886 126.
228 2854 446 2887 Anchisiada
473 2856 523 2886 ΜΙ
554 2860 597 2886 al.
626 2867 688 2888 rec.
724 2856 808 2900 Wg.
836 2875 875 2880 —

77 2900 292 2932 Anchisiade
316 2905 469 2943 MPRybc
491 2906 576 2939 prob.
605 2901 665 2932 Rb.
691 2904 731 2934 cf.
749 2902 778 2942 9,
800 2903 876 2935 853.

76 2949 218 2984 Utraque
256 2949 359 2978 forma
391 2951 477 2984 apud
518 2954 629 2984 poetas
671 2950 807 2980 Latinos
844 2952 877 2980 iu

77 3001 140 3023 usu
169 2994 241 3024 fuit.
275 3009 314 3015 —-
347 2992 574 3033 „Descensus
596 2993 730 3025 Auerni
758 2997 878 3033 legitur

926 1264 1019 1294 refert
1053 1264 1191 1294 Averno
1218 1272 1292 1293 esse
1322 1264 1355 1292 in
1384 1262 1478 1294 MPl.
1537 1263 1670 1295 Averni
1697 1267 1730 1294 in

926 1308 1054 1350 Penyc.
1120 1310 1295 1345 Utrumque
1331 1311 1483 1339 Latinum
1522 1315 1553 1340 et
1595 1310 1729 1340 Averno

927 1356 958 1394 5,
985 1354 1050 1384 451
1084 1359 1114 1384 et
1153 1353 1284 1384 Averni
1315 1356 1353 1384 cf.
1381 1355 1410 1393 3,
1440 1354 1516 1385 684.
1567 1357 1634 1391 Quo
1665 1358 1730 1387 fre—

926 1407 978 1431 tus
1003 1403 1138 1430 Aeneas
1164 1402 1310 1436 petierat,
1336 1401 1368 1430 id
1394 1402 1502 1437 ipsum
1525 1403 1653 1439 Sibylla
1679 1406 1729 1432 al-

926 1449 1086 1477 locutione
1108 1455 1171 1476 sua
1191 1448 1311 1476 firmat:
1338 1449 1414 1476 sate
1441 1456 1465 1476 s.
1494 1446 1629 1485 divom,
1658 1448 1728 1478 An-

925 1491 1098 1522 chisiada.

973 1547 1048 1578 127.
1076 1547 1146 1579 atri
1171 1547 1281 1578 ianua
1307 1547 1414 1579 Ditis.
1463 1552 1563 1580 Omne
1588 1553 1670 1586 quod
1695 1552 1729 1580 in

923 1595 1038 1624 inferis
1064 1600 1130 1633 est,
1162 1600 1269 1625 atrum
1303 1600 1366 1633 est,
1405 1596 1451 1625 ita
1486 1598 1542 1625 vel
1568 1597 1639 1632 ipse
1670 1599 1729 1626 Dis

924 1643 984 1670 Ov.
1008 1644 1050 1670 M.
1079 1639 1116 1677 4,
1144 1640 1209 1670 438
1236 1639 1337 1682 nigri
1358 1640 1444 1680 fera
1477 1641 1580 1683 regia
1616 1641 1731 1679 Ditis,-

925 1688 999 1716 Her.
1021 1686 1049 1725 2,
1069 1685 1111 1714 72
1135 1685 1235 1727 nigri
1257 1685 1361 1727 regia
1386 1695 1490 1716 vacca
1515 1687 1571 1717 dei
1595 1693 1623 1717 et
1647 1687 1729 1718 Pro-

925 1731 1067 1772 serpina
1093 1734 1168 1761 Hor.
1191 1734 1224 1761 C.
1251 1731 1281 1770 2,
1304 1730 1355 1769 13,
1383 1730 1437 1761 21.
1465 1733 1580 1771 furva
1602 1735 1728 1772 dicitur,

924 1783 955 1806 et
984 1779 1132 1816 animae,
1168 1785 1252 1814 quae
1281 1782 1355 1807 511111
1386 1779 1421 1807 111
1447 1780 1548 1816 Orco,
1586 1779 1729 1810 umbrae

925 1828 1010 1852 sunt.

973 1877 1048 1908 128.
1076 1888 1222 1920 superas
1250 1877 1297 1909 ad
1321 1888 1430 1909 auras
1457 1881 1496 1910 cf.
1523 1890 1555 1910 v.
1584 1880 1660 1911 481.

972 1935 1048 1966 129.
1075 1939 1125 1966 Ex
1147 1937 1200 1965 his
1224 1938 1335 1966 verbis
1354 1941 1438 1972 patet
1452 1939 1611 1973 Aeneam,
1629 1948 1727 1974 quum

925 1983 1136 2020 remeaverit,
1171 1991 1245 2012 esse
1270 1984 1429 2012 eximium
1454 1985 1573 2013 virtute
1599 1990 1629 2014 et
1653 1987 1728 2015 deo-

925 2037 996 2058 rum
1021 2037 1140 2058 amore.
1161 2044 1199 2048 —
1228 2037 1380 2069 aequus.-
1404 2031 1573 2067 propitius,
1602 2029 1629 2069 t,
1649 2029 1725 2061 479.

924 2073 956 2110 9,
981 2073 1057 2102 209.
1112 2076 1161 2102 Ea
1200 2083 1266 2104 vox
1308 2082 1409 2110 paene
1447 2076 1481 2103 111
1520 2078 1727 2111 proverbium

923 2120 1004 2149 abiit
1025 2120 1063 2149 cf.
1086 2120 1170 2148 Plin.
1196 2122 1254 2155 Ep.
1287 2117 1316 2158 1,
1341 2118 1372 2157 2,
1400 2118 1418 2148 3
1443 2129 1524 2149 nam
1553 2120 1621 2151 ¹vim
1649 2126 1728 2152 tan-
1787 2124 1790 2125 ⁷

924 2167 1038 2194 torum
1065 2162 1220 2193 virorum
1244 2163 1352 2204 pauci
1379 2173 1461 2200 quos
1483 2174 1609 2202 aequus
1637 2176 1727 2198 ama-

924 2211 973 2239 vit
999 2207 1139 2249 assequi
1161 2211 1320 2250 possunt.

975 2263 1048 2294 130.
1075 2264 1204 2295 ardens
1232 2263 1345 2295 evexit
1378 2264 1426 2295 ad
1457 2265 1601 2298 aethera
1633 2278 1726 2300 nam:

925 2312 1062 2350 „Virtus
1091 2313 1263 2341 recludens
1289 2312 1459 2342 immeritis
1483 2315 1565 2342 mori
1592 2316 1727 2345 Caelum

924 2363 1043 2394 negata
1064 2362 1163 2387 tentat
1187 2359 1247 2387 iter
1272 2356 1351 2387 via“
1384 2359 1459 2387 Hor.
1486 2359 1520 2388 C.
1548 2358 1585 2398 3,
1613 2360 1643 2398 2,
1671 2359 1725 2390 21.

925 2406 975 2433 Ita
1007 2405 1165 2433 Hercules
1191 2411 1243 2439 ap.
1277 2405 1350 2432 Seu.
1381 2405 1447 2433 Oet.
1484 2402 1547 2432 192
1589 2408 1725 2442 „virtus

926 2450 1007 2479 mihi
1039 2450 1072 2478 in
1108 2454 1197 2478 astra
1225 2453 1255 2478 et
1289 2449 1379 2484 ipsos
1412 2450 1485 2479 fecit
1517 2452 1557 2479 ad
1591 2460 1727 2488 superos

925 2494 1018 2525 iter.⁴‘
1068 2496 1134 2524 Cic.
1160 2496 1194 2523 111
1218 2497 1291 2531 lege
1315 2495 1438 2524 sancit:
1482 2495 1600 2533 [Legg.
1621 2497 1650 2535 2,
1672 2498 1725 2534 8.)

926 2542 1086 2579 „Colunto
1118 2545 1148 2570 61
1182 2543 1283 2579 01105,
1326 2549 1405 2575 quos
1432 2542 1511 2570 endo
1541 2545 1632 2572 caelo
1659 2553 1727 2573 me-

926 2587 989 2616 rita
1036 2589 1248 2623 locaverunt,
1306 2588 1499 2623 Herculem,
1563 2589 1726 2628 Liberum,

926 2632 1180 2669 Aesculapium,
1207 2633 1394 2668 Castorem,
1419 2633 1596 2671 Pollucem,
1618 2636 1726 2670 Quiri-

926 2686 1013 2714 num,
1040 2682 1092 2707 ast.
1115 2680 1199 2715 olla,
1224 2682 1351 2713 propter
1375 2685 1460 2711 quae
1486 2680 1579 2708 datur
1603 2682 1726 2710 homiui

924 2725 1108 2753 adscensus
1131 2725 1164 2752 in
1192 2725 1337 2759 caelum,
1368 2728 1522 2761 mentem,
1562 2726 1725 2764 virtutem,

925 2769 1035 2807 fidem,
1077 2777 1252 2803 earumque
1276 2770 1410 2797 laudum
1435 2771 1569 2800 delubra
1595 2772 1725 2802 suuto.‘'·

924 2816 1038 2850 Itaque
1063 2824 1127 2844 11011
1160 2815 1369 2844 admittuntur
1391 2815 1457 2844 nisi
1487 2817 1544 2850 qui
1569 2818 1643 2847 Diis
1671 2828 1726 2855 ge-

924 2861 986 2889 niti
1010 2865 1100 2897 sunt,
1130 2865 1160 2890 et
1185 2869 1226 2889 ex
1251 2861 1303 2889 his
1327 2861 1440 2898 pauci,
1464 2870 1522 2891 nec
1545 2864 1612 2892 nisi
1632 2865 1726 2893 adiu-

924 2910 1046 2935 vantur
1062 2908 1154 2936 Iovis
1178 2906 1291 2935 favore
1315 2910 1371 2935 aut
1396 2909 1570 2937 excellenti
1594 2910 1725 2939 virtute.

925 2953 1037 2981 Utrum
1057 2953 1091 2981 in
1112 2953 1227 2982 Aenea
1255 2956 1382 2982 statuas
1408 2958 1502 2988 poeta
1529 2955 1587 2984 tibi
1610 2964 1727 2986 conce-

923 2998 977 3026 dit.
