2044 3329
323 147 346 184 (ἰ
884 151 918 181 Ρ.
947 150 1138 183 vltzGtLtl
1163 151 1371 184 MARONIS

318 257 395 299 His
421 271 599 301 accensa
629 274 752 314 super
778 261 961 303 iactatos
991 274 1173 315 aequore
1201 265 1294 305 toto

317 315 470 366 Troas,
498 317 715 371 relliquias
741 319 934 359 Danaum
959 323 1087 371 atque
1116 319 1290 362 immitis
1314 321 1480 373 Achilli,
1886 326 1939 365 30

318 372 502 414 Arccbat
526 373 652 427 longe
680 375 820 415 Latio:
849 374 1090 428 multosque
1117 389 1193 429 per
1221 391 1353 419 annos

321 429 536 471 Errabant
561 431 645 471 acti
674 431 773 472 satis
802 431 938 472 maria
967 432 1107 473 omnia
1134 433 1301 474 circum.

321 486 482 528 Tantae
510 487 631 528 molis
660 490 752 528 crat
778 488 1010 529 Romanam
1043 489 1221 532 condere
1251 494 1429 544 gentem.

433 544 513 585 vix
543 557 565 585 c
596 548 825 597 conspectu
852 544 1019 586 Siculae
1048 546 1213 588 telluris
1243 548 1286 589 in
1318 548 1451 589 altum

319 599 424 641 Vela
453 599 614 641 (labant
641 600 742 641 laeti
769 605 812 642 et
840 615 1011 655 spumas
1040 603 1141 644 salis
1170 617 1267 646 aere
1292 604 1485 656 ruebant,
1887 609 1938 647 35

321 656 456 706 Quum
484 658 611 708 Iuno,
642 660 860 699 aeternum
888 673 1059 701 servans
1091 659 1169 701 sub
1198 665 1372 714 pectore
1399 663 1559 713 volnus,

318 713 435 754 Haec
468 727 630 755 secum:
661 715 782 756 Mene
808 715 976 770 incepto
1008 717 1209 759 desistere
1234 719 1390 760 victam

318 770 406 811 Nec
430 784 555 824 posse
579 770 708 812 Italia
731 773 988 815 Teucrorum
1013 778 1204 816 avertere
1232 776 1401 829 regem?

318 873 379 904 bns
421 873 557 913 animo,
605 875 763 914 ποιῶσί,-
810 881 869 908 sed
914 888 1108 909 caussarum

319 922 523 950 enarratione
550 925 704 958 abreptus
730 926 799 959 vgt.
835 933 932 959 quum
961 927 999 954 de
1022 931 1108 955 stru-

318 971 409 995 ctura
434 968 661 1000 declinaverit,
689 970 768 998 redit
793 978 851 1005 per
879 968 943 999 His
964 980 1108 1000 accensa

318 1020 430 1051 super.
479 1013 600 1042 Similis
626 1019 808 1044 structurae
832 1017 963 1045 mutatio
988 1017 1019 1053 9,
1043 1016 1109 1045 359

317 1056 444 1086 -364,
484 1058 516 1094 5,
541 1058 618 1094 705,
644 1067 727 1094 quae
751 1069 816 1089 non
839 1062 1005 1097 subrepsit
1030 1070 1108 1097 poe-

319 1108 388 1138 tae,
420 1105 479 1132 sed
502 1105 652 1138 quaesita
679 1110 745 1139 est,
778 1115 818 1135 ne
848 1108 1008 1136 enarratio
1037 1109 1108 1136 lan-

320 1155 442 1181 gueret.
471 1165 515 1169 —
539 1158 693 1180 accensa.
729 1151 770 1180 cf.
799 1154 878 1181 Tac.
901 1154 964 1182 An.
994 1153 1042 1187 15,
1071 1152 1107 1181 l:

320 1192 527 1224 accendebat
561 1192 721 1225 dolorem.
761 1212 805 1217 —-
849 1206 997 1237 aequore
1027 1201 1109 1234 tolo,

318 1241 380 1267 abl.
417 1240 448 1268 in
484 1248 567 1269 voce
605 1243 705 1271 lotus.
754 1242 794 1271 cf.
829 1245 881 1271 Gr.
908 1243 929 1278 5
959 1242 1043 1279 333,
1078 1243 1108 1273 3.

323 1282 434 1323 Super
459 1290 510 1314 est
535 1286 669 1321 insuper
694 1284 941 1327 (obendrein);
975 1286 1054 1318 Wcl.
1078 1294 1109 1318 et

321 1326 384 1358 Ld.
410 1330 542 1365 iungunt
569 1339 640 1360 cum
668 1340 826 1372 aequore.

363 1375 417 1404 30.
444 1373 612 1416 reliquias
638 1375 823 1407 Danaum:
857 1379 941 1408 idem
965 1379 1043 1408 598.
1078 1378 1109 1418 3,

317 1418 378 1456 87,
421 1429 503 1455 quos
543 1423 647 1451 Danai
683 1424 896 1461 reliquerant3
953 1425 1109 1459 reliquiae

318 1467 400 1494 enim
428 1471 458 1495 et
482 1467 554 1497 eius
582 1469 744 1505 dicuntur,
777 1470 873 1499 cuius
897 1477 974 1505 pars
1001 1472 1110 1504 aliqua

318 1512 431 1540 relicta
456 1517 523 1548 est,
558 1517 590 1542 ut
613 1513 647 1546 4.
681 1513 748 1543 342
779 1520 810 1544 et
842 1516 930 1552 eius,
964 1517 1018 1551 qui
1049 1516 1109 1544 ali-

319 1558 394 1591 quid
426 1559 567 1594 reliquit,
614 1564 645 1588 ut
677 1560 743 1590 Cic.
781 1562 848 1590 CM.
891 1561 922 1590 6.
976 1564 1012 1590 ut
1051 1558 1110 1590 avi

316 1599 484 1642 reliquias
511 1612 736 1644 persequare,
769 1606 790 1635 i.
816 1614 844 1634 e.
871 1607 1108 1642 Carthaginem.

317 1649 365 1676 De
396 1649 537 1683 genitivo
565 1650 724 1680 obiectivo
756 1651 796 1680 cf.
824 1654 876 1681 Gr.
908 1651 929 1687 S
955 1651 1033 1681 255.
1065 1668 1109 1672 —

319 1690 466 1723 Achilli.-
511 1696 559 1723 De
594 1696 727 1730 genitivi
770 1697 874 1726 forma
916 1697 956 1726 cf.
995 1701 1046 1727 Gr.
1086 1697 1108 1732 S

319 1737 379 1775 94,
414 1739 445 1768 2.
501 1743 593 1769 Serv.
626 1743 665 1770 ad
694 1744 725 1771 h.
756 1744 777 1771 l.
815 1747 845 1771 et
879 1745 919 1772 ad
958 1751 989 1771 v.
1024 1742 1108 1771 220:

318 1785 478 1821 „Propter
499 1777 773 1824 ὁμοιοτέλευτον
795 1789 932 1817 detraxit
951 1786 1108 1817 literatn“.

318 1831 409 1859 Hanc
443 1838 598 1860 caussam
636 1840 714 1861 esse
747 1836 882 1868 probant
922 1831 1046 1862 Achilli
1079 1832 1110 1869 3,

316 1875 371 1904 87.
411 1875 442 1911 6,
464 1875 540 1905 840.
589 1876 638 1913 10,
662 1877 726 1906 581
753 1883 784 1907 et
811 1876 955 1908 Achillis
978 1878 1009 1915 2,
1033 1877 1109 1908 476.

318 1921 466 1950 Achilles
502 1926 607 1951 autem
640 1924 780 1960 additur,
818 1929 849 1952 ut
883 1925 936 1959 qui
968 1925 1109 1953 maxime

317 1966 350 1994 in
377 1967 513 1995 Graecis
544 1969 755 2005 praestiterit,
793 1969 833 1998 cf.
866 1967 903 2005 4,
934 1969 993 1998 45:
1051 1967 1111 1998 Dis

318 2009 518 2049 auspicibus
542 2015 573 2041 et
599 2010 728 2042 Iunone
753 2012 924 2051 secunda,
949 2016 1031 2049 quod
1058 2017 1110 2043 lu-

317 2057 413 2085 nonis
447 2061 522 2086 sunt
552 2062 661 2093 partes
693 2060 908 2095 praecipuae;
948 2059 1109 2089 iuvenum

320 2104 351 2130 et
380 2099 449 2130 Iuli
476 2101 536 2140 12,
561 2102 636 2131 399.

364 2145 417 2175 31.
448 2146 570 2176 Arcere
608 2145 757 2187 aliquem
793 2157 820 2177 c.
855 2151 917 2178 abl.
957 2149 997 2186 5,
1032 2148 1108 2178 742.

317 2191 352 2225 6,
387 2191 462 2220 316.
508 2193 546 2228 7,
576 2193 651 2221 778.
697 2193 736 2229 8,
769 2193 813 2222 72
835 2195 875 2223 cf.
903 2197 955 2223 Gr.
984 2195 1005 2229 ς
1031 2194 1107 2225 336.

319 2245 392 2266 cum
417 2238 544 2266 dativo:
569 2236 685 2277 pecori
710 2247 826 2268 arcere
851 2241 991 2275 aliquem
1020 2242 1055 2269 G.
1077 2240 1109 2277 3,

320 2282 394 2311 155.
419 2298 464 2302 —-
495 2280 621 2312 Multos
636 2291 698 2323 per
717 2293 844 2314 annos.-
869 2291 958 2314 erant
985 2291 1110 2321 septem

320 2329 360 2357 cf.
387 2328 463 2357 755.
487 2344 530 2348 ——
551 2330 614 2357 Per
637 2337 701 2368 que
724 2338 844 2359 novum
869 2331 1010 2365 iungitur
1032 2334 1109 2360 sub-

319 2374 457 2409 iectum,
495 2376 580 2409 quod
613 2380 709 2403 antea
740 2381 807 2404 erat
840 2377 1009 2405 obiectum.
1059 2377 1110 2405 Si-

319 2420 393 2448 mile
423 2421 491 2448 Tib.
519 2419 552 2458 1,
583 2418 619 2453 3,
652 2419 706 2449 69.
755 2423 833 2450 Sall.
859 2423 928 2456 lug.
967 2422 1022 2457 14,
1060 2422 1108 2452 16.

320 2464 382 2500 31,
412 2465 461 2493 ιε.
504 2464 566 2500 35,
590 2465 621 2494 3.

365 2509 418 2538 32.
446 2508 516 2540 acti
531 2508 624 2548 fatis
651 2510 692 2538 cf.
717 2508 747 2539 4.
778 2527 821 2530 ——
851 2508 967 2540 Maria
994 2509 1109 2540 omnia

321 2563 361 2583 ne
394 2555 424 2583 id
457 2556 587 2584 nimium
623 2561 735 2591 putes,
772 2558 826 2585 vel
856 2558 941 2591 apud
971 2562 1110 2592 poetam,

320 2606 451 2635 reputa,
484 2609 567 2636 quae
593 2602 694 2630 maria
727 2602 782 2630 illo
815 2606 958 2637 tempore
981 2603 1111 2637 cognita

321 2645 447 2674 fuerint.
473 2662 515 2665 —
538 2645 652 2674 maria
678 2644 804 2675 circum
829 2647 868 2676 cf.
897 2655 927 2675 v.
955 2645 1004 2675 l2.

368 2688 559 2720 33..¹1101es
603 2688 732 2728 (Last,
780 2693 853 2720 inde
897 2689 1111 2733 Schwierig-

322 2732 428 2773 keit),
454 2740 487 2764 ut
511 2744 560 2771 ap.
585 2739 662 2765 Tac.
684 2738 723 2766 A.
754 2736 782 2776 1,
806 2736 848 2766 45
882 2734 947 2766 His
973 2746 1110 2775 compo—

322 2777 398 2809 sitis
422 2777 517 2809 haud
537 2779 650 2811 minor
668 2780 773 2811 moles
797 2784 986 2822 supererat.
1029 2783 1109 2811 Hist.

322 2825 359 2863 3,
385 2824 429 2853 84
460 2823 646 2855 Plurimum
669 2825 769 2856 molis
796 2826 831 2856 in
851 2825 1112 2868 oppugnatione

323 2873 513 2900 castrorum
551 2870 630 2905 fuit.
687 2874 766 2901 Inde
804 2870 919 2902 moliri
956 2877 1005 2901 est
1045 2881 1110 2901 rem

322 2918 456 2946 arduam
476 2917 606 2951 aggredi
632 2918 672 2946 cf.
705 2918 743 2954 2,
774 2918 845 2946 108.
879 2933 923 2938 ——
961 2916 1111 2947 Condere

321 2965 480 3003 gentem‚·
515 2962 561 2990 ita
584 2964 696 2991 lustin.
726 2963 762 2998 2,
795 2963 815 2992 6
846 2960 1054 2999 Deucalion,
1089 2972 1110 2992 a

323 3017 388 3047 quo
401 3015 514 3047 genus
529 3004 717 3037 humanum
733 3006 905 3038 conditum
923 3010 982 3037 cst.
1028 3007 1076 3046 18,
1090 3008 1110 3038 3

328 3051 506 3092 Tyriorum
537 3060 624 3093 gens
657 3051 796 3083 condita
828 3062 850 3083 a
886 3051 1111 3093 Phoenicibus

1152 879 1245 918 fuitq
1278 885 1309 910 et
1334 882 1447 909 eodem
1473 880 1503 908 in
1528 880 1633 916 capite
1663 879 1806 911 condere
1831 891 1944 923 genus

1154 927 1280 962 legitur.

1156 1002 1311 1035 34—49.
1360 1001 1516 1033 Troianis
1549 1011 1587 1034 cx
1611 1001 1724 1034 Sicilia
1749 1003 1782 1034 in
1809 1004 1942 1037 ltaliam

1189 1046 1489 1090 proficiscentibus
1514 1048 1602 1079 Iuno
1628 1052 1724 1090 parat
1751 1049 1902 1082 exitium.

1200 1107 1341 1142 Troiani,
1367 1107 1420 1140 qui
1439 1111 1564 1141 septem
1584 1114 1690 1136 annos
1712 1116 1769 1143 per
1791 1109 1942 1139 diversas

1156 1157 1258 1181 terras
1287 1152 1396 1187 vagati
1429 1157 1536 1188 erant,
1569 1154 1696 1182 tandem
1728 1155 1822 1190 laeti,
1859 1157 1943 1190 quod

1155 1206 1297 1226 errorum
1331 1198 1423 1227 tinem
1455 1203 1667 1234 exspectant,
1699 1206 1717 1227 e
1746 1200 1856 1229 Sicilia
1878 1202 1943 1230 Ita—

1153 1244 1229 1272 liam
1254 1251 1373 1272 versus
1400 1244 1605 1280 contendunt,
1631 1242 1714 1272 laeti
1737 1246 1833 1274 etiam
1856 1245 1944 1276 felici

1155 1289 1287 1317 navium
1321 1296 1439 1317 cursu:
1483 1296 1579 1322 quum
1609 1294 1803 1324 tempestate
1832 1297 1944 1321 coorta

1154 1334 1187 1363 in
1223 1334 1366 1364 Africam
1410 1333 1606 1362 reiiciuntur.
1671 1336 1762 1370 Quae
1800 1340 1944 1372 tempore

1155 1380 1347 1409 antecedunt
1371 1378 1457 1408 sacta
1478 1379 1559 1408 libro
1581 1378 1612 1407 2.
1628 1385 1659 1408 et.
1673 1379 1704 1409 3.
1730 1381 1943 1412 continentur.

1201 1423 1256 1452 34.
1288 1422 1352 1453 l'ix
1373 1424 1405 1453 in
1428 1424 1551 1459 protasi
1573 1433 1675 1463 quum
1699 1425 1730 1454 in
1751 1428 1890 1462 apodosi
1912 1432 1945 1457 ut

1155 1468 1194 1506 2,
1219 1468 1296 1498 323.
1331 1468 1366 1505 3,
1391 1469 1423 1498 8.
1469 1469 1524 1505 11,
1547 1468 1623 1499 903.
1660 1469 1718 1507 12,
1746 1470 1809 1500 154
1828 1473 1869 1501 cf.
1889 1476 1942 1503 Gr.

1156 1515 1178 1550 3
1202 1514 1285 1551 ⁴17,
1312 1513 1343 1542 3.
1375 1531 1419 1534 —
1457 1512 1572 1544 Tellus
1597 1517 1683 1551 apud
1712 1522 1829 1552 poetas
1859 1518 1943 1547 idem

1156 1562 1240 1595 quod
1280 1565 1382 1597 terra,
1430 1560 1503 1589 inde
1543 1561 1637 1590 etiam
1667 1563 1706 1590 de
1745 1563 1866 1593 insulis
1901 1564 1943 1596 cf.

1155 1605 1193 1643 3,
1224 1606 1278 1634 73.
1329 1607 1389 1634 Ov.
1415 1608 1457 1634 M.
1484 1604 1522 1642 3,
1552 1606 1630 1635 597.
1685 1604 1751 1636 Dia
1778 1607 1897 1646 tellus,
1922 1610 1942 1640 i.

1155 1660 1183 1680 e.
1207 1655 1320 1681 Naxos
1347 1651 1387 1679 cf.
1418 1650 1491 1679 171.

1201 1696 1254 1726 35.
1287 1694 1371 1725 sela
1402 1694 1486 1725 dare
1516 1700 1565 1725 est
1597 1693 1692 1725 abire
1725 1705 1814 1726 nave
1842 1698 1883 1727 cf.
1912 1697 1944 1735 2,

1159 1742 1231 1771 136.
1265 1741 1296 1778 3,
1323 1741 1354 1770 9.
1391 1741 1463 1770 191.
1494 1739 1525 1779 4,
1549 1739 1624 1770 546.
1650 1741 1682 1777 5,
1706 1742 1785 1771 797.
1809 1742 1842 1779 a,
1866 1744 1942 1773 708.

1159 1787 1216 1823 12,
1247 1786 1322 1816 264.
1380 1787 1445 1816 Cic.
1481 1789 1578 1816 Tusc.
1612 1785 1650 1824 4,
1685 1786 1721 1824 4,
1761 1788 1781 1816 9
1820 1791 1862 1818 al.
1901 1805 1945 1829 ÷

1162 1830 1261 1862 Laeti
1293 1838 1322 1861 et
1355 1833 1395 1861 ad
1425 1830 1556 1861 (labant
1584 1836 1613 1860 et
1639 1833 1678 1861 ad
1702 1831 1848 1863 ruebant
1871 1843 1945 1870 per-

1155 1879 1233 1907 tinet
1261 1893 1304 1897 —
1336 1874 1448 1906 Ruere
1479 1878 1620 1906 activum
1652 1878 1691 1906 cf.
1717 1878 1771 1907 85.
1802 1895 1846 1899 —
1882 1878 1946 1909 Sal

1157 1925 1195 1952 de
1220 1923 1318 1958 mari,
1344 1923 1388 1952 ita
1421 1922 1473 1958 10,
1497 1921 1563 1951 214
1588 1931 1726 1963 campos
1753 1922 1839 1954 salis
1866 1934 1946 1955 aere

1156 1967 1301 1998 ruebant
1325 1967 1362 2003 3,
1393 1967 1469 1996 385.
1502 1969 1587 1997 alibi.
1636 1970 1840 2000 Posteriores
1865 1979 1946 2007 poe-

1157 2019 1208 2043 tae
1234 2015 1329 2043 etiam
1355 2015 1393 2042 de
1418 2015 1498 2043 mari
1529 2014 1636 2048 aliquo
1669 2015 1827 2050 singulari
1857 2017 1945 2045 dice-

1158 2063 1232 2089 bant
1252 2065 1282 2088 ut
1302 2059 1419 2088 Avien.
1441 2061 1546 2088 deser.
1565 2065 1638 2088 terr.
1655 2059 1732 2088 912.
1771 2058 1944 2101 Hyrcani-

1157 2113 1220 2145 que
1256 2102 1339 2133 salis
1369 2102 1501 2134 tumido
1526 2102 1742 2134 convolvitur
1765 2109 1873 2136 aestu.
1900 2123 1945 2128 —

1157 2158 1237 2179 aere
1261 2150 1301 2179 cf.
1325 2150 1363 2185 5,
1395 2149 1466 2178 198.

1201 2195 1254 2224 36.
1284 2193 1437 2224 Sei-vans
1466 2196 1614 2225 noluisse
1643 2203 1715 2225 eam
1747 2197 1860 2226 dolore
1884 2205 1944 2227 ex-

1157 2241 1244 2271 solvi
1267 2241 1435 2275 significat.

1204 2285 1258 2315 37.
1284 2286 1402 2316 Confer
1425 2286 1563 2314 similem
1586 2286 1720 2315 Iunonis
1745 2286 1848 2315 iratae
1870 2294 1944 2316 ora-

1157 2333 1275 2361 tionem
1306 2332 1343 2367 7,
1376 2331 1451 2359 286.
1487 2336 1517 2360 et
1549 2334 1587 2360 ob
1619 2332 1702 2360 alias
1727 2340 1781 2361 res
1806 2340 1945 2362 exacer-

1158 2380 1251 2406 batae
1275 2385 1327 2412 ap.
1361 2378 1420 2405 Ov.
1445 2380 1486 2405 Μ.
1511 2377 1549 2412 2,
1572 2376 1640 2405 518
1661 2384 1711 2411 sq.
1742 2375 1780 2413 3,
1804 2377 1871 2406 262
1893 2386 1942 2412 sq.

1155 2423 1187 2459 4,
1213 2421 1281 2450 420
1308 2431 1356 2456 sq.
1383 2427 1412 2450 et
1436 2422 1575 2456 Neptuni
1600 2423 1693 2451 Hom.
1723 2423 1779 2451 Od.
1807 2423 1840 2459 5,
1866 2422 1942 2452 281.

1155 2484 1199 2487 —
1230 2469 1397 2502 Inceptum
1434 2467 1509 2501 quid
1549 2467 1589 2496 sit
1629 2468 1812 2502 explicatur
1844 2476 1943 2498 versu

1157 2519 1325 2548 sequente.
1355 2526 1399 2532 —
1429 2512 1653 2541 Accusativus
1687 2521 1758 2541 cum
1789 2513 1944 2543 infinitivo

1156 2559 1187 2587 in
1229 2558 1520 2587 exclamationibus
1555 2562 1585 2585 et
1628 2558 1943 2595 interrogationibus,

1157 2612 1228 2632 cum
1250 2603 1465 2638 indignatione
1491 2603 1624 2637 prolatis
1652 2603 1711 2639 (cf.
1733 2606 1785 2633 Gr.
1810 2603 1831 2639 S
1855 2603 1943 2640 429]

1157 2649 1272 2681 legitur
1300 2648 1353 2677 97.
1391 2648 1425 2681 5,
1460 2647 1536 2677 616.
1571 2648 1607 2684 9,
1641 2648 1717 2678 269.
1754 2652 1791 2678 E.
1827 2649 1882 2687 ll,
1912 2651 1942 2679 7.

1157 2710 1199 2713 -—
1225 2694 1347 2723 victam
1369 2701 1405 2722 se
1428 2692 1521 2722 fateri
1548 2698 1647 2730 putat,
1673 2694 1703 2723 si
1726 2695 1861 2724 desistat
1885 2696 1944 2724 ad-

1157 2740 1284 2768 versari
1308 2738 1468 2767 Troianis.

1203 2784 1256 2813 38.
1285 2781 1358 2813 Rea:
1372 2785 1504 2813 Aeneas
1527 2792 1628 2820 saepe
1651 2784 1762 2814 dicitur
1776 2782 1851 2813 544.
1865 2784 1942 2814 553.

1157 2829 1223 2858 575
1242 2834 1302 2858 cet.
1320 2834 1349 2857 et
1367 2830 1482 2863 ubique
1498 2831 1589 2865 regia
1605 2829 1747 2863 fungitur
1770 2834 1942 2865 potestate.

1157 2875 1197 2903 cf.
1238 2875 1275 2910 5,
1318 2874 1402 2909 758;
1449 2875 1493 2904 ita
1529 2875 1697 2905 Ascanius
1736 2880 1788 2904 est
1822 2873 1943 2916 regius

1154 2928 1242 2960 puer
1266 2920 1342 2948 677.

1202 2965 1255 2994 39.
1281 2968 1361 2994 Fata
1398 2965 1557 2994 Troianos
1599 2964 1630 2993 in
1668 2965 1794 2993 Italiam
1831 2966 1942 2995 venire

1155 3011 1330 3039 iusserant.
1379 3013 1492 3038 Fatum
1517 3014 1622 3038 autem
1646 3019 1686 3039 ne
1711 3012 1791 3039 deus
1816 3011 1941 3045 quidem

1156 3060 1263 3091 potest
1288 3056 1480 3092 infringere3
1511 3062 1610 3090 quare
1638 3057 1718 3084 Iuno
1751 3056 1870 3086 frustra
1893 3057 1942 3086 ni-
