2023 3350
259 123 341 161 214

258 232 336 272 llis
367 231 495 272 ctiam
531 230 668 271 struxi
704 229 921 281 manibus,
961 231 1213 284 patriosque
1251 233 1400 275 vocavi

822 120 863 152 P.
888 119 1083 153 VIRGILII
1116 119 1328 155 MARONIS

1813 237 1897 278 680

259 289 374 329 Voce
409 286 528 337 deos,
570 287 631 328 sic
668 291 711 328 te
742 291 790 328 ut
823 287 968 340 posita
1005 288 1191 330 crudelis
1228 289 1448 332 abessem?

258 344 497 386 Exstinxsti
532 346 575 384 te
609 357 762 397 meque
802 357 928 386 soror
963 345 1256 399 populumque
1291 351 1521 401 patresque

260 400 457 442 Sidonios
491 400 728 453 urbemque
761 404 893 442 tuam.
953 402 1086 453 Date,
1129 403 1305 444 volnera
1342 405 1529 458 lymphis

258 457 442 498 Abluam
482 460 541 507 et,
587 461 802 499 extremus
839 458 875 499 si
909 458 1004 511 quis
1043 472 1171 512 super
1206 459 1367 502 halitus
1405 465 1534 513 errat,

260 516 343 555 Ore
379 513 532 566 legam.

594 514 665 556 Sic
702 514 795 556 fata
832 515 992 568 gradus
1031 519 1227 557 evaserat
1266 516 1379 559 altos

1814 519 1897 559 685

260 571 647 624 Semianimemque
685 572 781 613 sinu
821 585 1071 625 germanam
1110 573 1312 627 amplexa
1346 573 1520 616 fovebat

260 628 365 670 Cum
408 629 569 681 gemitu
607 633 739 682 atque
776 633 895 671 atros
929 629 1122 671 siccabat
1158 634 1274 672 veste
1312 645 1500 673 cruores.

373 685 475 735 Illa,
520 699 671 739 graves
712 687 857 728 oculos
897 691 1054 728 conata
1090 687 1311 739 attollere,
1352 703 1501 730 rursus

259 741 431 792 Deficit3
471 742 648 783 infixum
677 743 824 785 stridit
857 744 935 785 sub
967 747 1143 798 pectore
1175 744 1337 786 volnus.

259 799 340 839 'l'er
376 813 467 840 sese
501 800 704 842 attollens
742 800 975 854 cubitoque
1014 801 1174 843 adnixa
1209 801 1387 854 levavit3

1818 804 1901 843 690

260 856 341 896 Ter
380 857 576 898 revoluta
610 861 709 899 toro
749 861 835 911 est,
875 858 1096 912 oculisque
1136 859 1380 902 errantibus
1425 859 1515 902 alto

260 913 480 962 Quaesivit
519 915 638 956 caelo
674 915 812 957 lucem
844 916 1139 970 ingemuitque
1170 920 1356 970 reperta.

260 970 365 1011 'l'um
403 971 508 1012 Iuno
547 972 837 1026 omnipotens,
879 974 1055 1026 longum
1092 974 1298 1015 miserata
1332 973 1524 1015 dolorem

262 1027 553 1081 Difficilesque
587 1029 752 1081 obitus,
797 1030 901 1072 Irim
944 1031 1117 1072 demisit
1154 1031 1350 1085 Olympo,

261 1085 379 1134 Quae
414 1085 650 1128 luctantem
688 1088 874 1129 animam
914 1102 1131 1142 nexosque
1171 1089 1408 1130 resolveret
1448 1090 1582 1129 artus.

307 1200 382 1230 680.
413 1199 553 1232 Patrios
579 1201 703 1233 vocavi
735 1213 816 1234 voce
850 1202 950 1241 deos,
988 1206 1062 1241 ipsa

262 1254 361 1276 sacra
386 1249 518 1285 paravi,
543 1250 660 1283 quibus
687 1254 718 1278 tu
744 1251 902 1280 interires.
952 1251 999 1280 Cf.
1026 1260 1058 1280 v.

260 1291 326 1319 504
353 1301 438 1332 ergo
466 1291 562 1322 iussa
583 1293 690 1332 facit.

306 1336 382 1366 68¹.
414 1336 459 1366 'I'e
484 1336 532 1367 sic
551 1337 670 1379 posita
692 1340 712 1369 i.
738 1349 764 1369 e.
791 1349 890 1376 qutun
914 1346 946 1369 tu
973 1349 1057 1370 mor-

261 1387 316 1411 tua
346 1383 470 1412 iaceres
503 1384 542 1413 cf.
569 1383 598 1421 2,
621 1383 696 1414 644.
731 1402 768 1405 -
812 1384 993 1415 Crudelem
1025 1394 1060 1415 se

260 1432 355 1458 vocat
388 1429 487 1457 Anna
515 1432 597 1464 quod
627 1431 746 1467 abfui13
788 1432 836 1460 sic
868 1429 993 1460 (Iuram
1026 1440 1061 1460 se

260 1474 336 1503 dicit
358 1475 494 1503 Iuturna
518 1472 576 1512 12,
596 1474 662 1504 873
687 1480 715 1505 et
741 1477 798 1505 Sil.
824 1474 874 1513 13,
899 1475 964 1505 656
993 1474 1060 1506 Ilei

260 1516 358 1554 mihi,
383 1527 464 1548 nam
492 1528 552 1548 cur
580 1518 655 1550 ulla
676 1520 781 1558 fuere
806 1520 913 1558 adeo,
937 1519 1061 1562 quibus

261 1572 282 1593 a
304 1566 336 1593 te
361 1572 518 1593 saevus
549 1563 714 1604 abessem,
739 1563 939 1596 momenta?
986 1568 1058 1596 An-

260 1617 321 1637 nae
352 1614 470 1638 sortem
501 1616 610 1639 narrat
636 1614 695 1641 Ov.
732 1614 818 1641 Fast.
852 1611 890 1650 3,
918 1610 984 1641 523
1010 1621 1057 1648 sq.

262 1655 319 1682 sit.
343 1653 374 1691 8,
400 1653 439 1682 51
466 1664 513 1690 sq.

306 1697 381 1728 683.
409 1697 511 1737 date,
546 1698 692 1730 vulnera
719 1699 867 1742 lymphis
897 1699 1060 1732 abluam:

263 1750 347 1774 recte
367 1747 476 1774 Serv.:
502 1748 605 1782 „Date
631 1749 794 1785 lymphas,
822 1748 895 1784 (ut)
922 1749 963 1777 iis
985 1750 1060 1777 vul-

261 1798 339 1819 nera
366 1790 529 1820 ablua1n“.
580 1793 661 1826 Quid
687 1794 757 1821 dari
781 1794 878 1830 velit,
906 1794 1061 1822 omittitur

262 1841 293 1864 ut
322 1834 352 1867 6,
379 1834 456 1865 884.
507 1838 619 1865 Simile
638 1839 696 1866 ()v.
721 1841 763 1867 M.
794 1836 845 1876 13,
871 1836 933 1867 531
968 1836 1060 1876 Quid

260 1888 374 1909 moror
401 1879 534 1911 interea
559 1881 716 1912 crudelia
741 1881 886 1912 volnera
913 1881 1062 1923 lymphis

260 1922 426 1954 abluere?
476 1929 623 1956 Praestat
664 1936 703 1957 ea
746 1930 919 1964 explicatio
955 1930 1059 1961 alteri,

260 1980 323 2006 qua
369 1969 451 2001 date
498 1971 644 2001 vulnera
686 1971 836 2013 lymphis
882 1977 1060 2011 hypallage

260 2018 378 2045 dictum
405 2020 540 2046 habetur
563 2027 618 2053 pro
649 2016 732 2048 dale
750 2017 910 2058 lymphas
936 2018 1056 2048 vulne-

260 2060 366 2089 ribus.
409 2060 493 2091 llrlc,
512 2064 654 2097 explicat
679 2062 759 2093 (lale
783 2074 837 2099 per
862 2067 943 2094 lasst
964 2066 1058 2094 mich.

307 2106 382 2135 6⁵⁴5.
411 2115 467 2136 ore
497 2105 628 2148 legam.
680 2110 726 2138 Cf.
762 2112 821 2139 Ov.
845 2113 888 2139 Μ.
918 2109 969 2148 12,
997 2109 1058 2138 423

262 2149 455 2191 Hylonome
486 2152 669 2182 morientes
700 2153 827 2194 eoecipit
860 2157 959 2185 artus
993 2154 1060 2184 lm-

257 2195 442 2236 posilaque
478 2206 585 2227 manu
634 2197 758 2228 vulnus
788 2199 891 2237 fovet
932 2209 1062 2240 oraque

259 2240 306 2270 acl
331 2251 392 2270 ora
417 2240 582 2273 Admovet
607 2247 713 2283 atque
740 2243 880 2275 animae
898 2244 1063 2286 fugienti

259 2285 423 2316 obsistere
452 2290 574 2318 tentat.
624 2292 692 2318 Non
719 2295 764 2319 est
791 2294 854 2320 huc
882 2294 1057 2321 trahendus

257 2341 327 2361 mos
358 2334 430 2369 ille,
473 2342 534 2368 quo
571 2343 607 2363 os
646 2338 860 2365 admovebant
894 2338 1057 2366 carissimi

259 2379 480 2414 morientibus,
511 2384 544 2408 ut
570 2384 747 2409 extremum
772 2391 881 2411 eorum
908 2383 1058 2417 spiritum

257 2425 407 2458 excipere
446 2425 643 2454 viderentur.
706 2427 771 2455 Cic.
803 2429 894 2456 Verr.
933 2427 970 2464 5,
1004 2426 1057 2463 45,

261 2467 322 2496 tls
355 2466 512 2499 Orabam
537 2472 573 2499 ut
589 2468 750 2508 filiorum
774 2474 962 2501 extremum
988 2469 1058 2512 spi-

256 2512 361 2542 ritum
390 2522 446 2543 ore
471 2512 626 2553 excipere
650 2513 715 2544 sibi
738 2514 865 2546 liceret.

303 2558 378 2587 6³6.
406 2557 654 2589 semianimem.
709 2564 746 2589 In
776 2563 924 2591 omnibus
958 2570 1058 2591 voca-

257 2605 353 2639 bulis,
387 2613 459 2633 cum
484 2606 644 2640 particula
669 2604 752 2635 semi
775 2608 971 2641 compositis.
998 2617 1058 2636 vo-

258 2651 339 2677 valis
382 2651 390 2677 i
430 2656 503 2678 ante
533 2653 680 2680 vocalem
714 2654 831 2681 mutari
866 2653 991 2681 videtur
1024 2654 1056 2681 in

257 2700 505 2730 consonantem,
545 2698 628 2725 unde
659 2699 763 2725 solent
796 2698 937 2726 scribere
971 2706 1056 2726 sem-

260 2741 377 2773 ustas,
402 2738 614 2772 semanimis.
639 2756 685 2762 -—
715 2739 869 2772 Favebat
893 2744 921 2771 si
950 2749 1055 2777 posset

257 2785 406 2813 reducere
431 2787 583 2814 animam.
635 2788 730 2816 Cons.
750 2790 790 2816 ad
813 2789 887 2816 Liv.
908 2786 948 2816 96
980 2786 1056 2818 Fri-

256 2826 347 2867 gida
372 2837 432 2858 uec
454 2829 546 2866 fovit
574 2830 723 2861 membra
750 2834 917 2862 tremente
943 2831 1033 2865 sinu.

258 2882 478 2914 685—705.
556 2886 642 2916 luno
693 2884 849 2917 dolorem
895 2886 1056 2918 miserata

336 2927 484 2959 Didonis
516 2929 667 2961 animam
699 2931 803 2963 solvit
835 2941 988 2973 corpore.

307 2973 383 3003 688.
415 2973 549 3004 Graves
585 2975 678 3006 oculi
716 2983 808 3016 sunt,
844 2980 898 3014 qui
932 2981 1055 3009 moveri

256 3021 315 3049 vix
340 3026 474 3056 possunt
500 3026 598 3051 morte
622 3024 772 3053 instante.

1818 1086 1899 1126 695

1153 1202 1229 1233 689.
1259 1202 1387 1235 stridit
1417 1205 1552 1242 sanguis
1584 1213 1602 1234 e
1631 1205 1766 1233 vulnere
1797 1212 1904 1233 erum-

1107 1259 1197 1285 pens.
1265 1252 1345 1279 Rem
1384 1252 1526 1280 illustrat
1564 1250 1802 1285 comparatione
1841 1251 1901 1278 Ov.

1106 1298 1180 1324 Met.
1211 1293 1248 1334 4,
1283 1294 1347 1324 120
1375 1306 1421 1332 sq.
1471 1293 1590 1326 stridit
1621 1298 1664 1324 M.
1712 1292 1836 1324 stridet
1868 1296 1903 1323 P.

1107 1341 1155 1370 Cf.
1181 1343 1233 1370 Gr.
1256 1342 1278 1376 g
1305 1339 1380 1370 184.

1155 1384 1231 1414 690.
1257 1384 1392 1416 adnixa
1417 1389 1459 1415 M.
1501 1383 1624 1415 innixa
1650 1387 1686 1414 P.
1728 1390 1780 1424 „et
1803 1387 1903 1422 vulgo

1107 1431 1141 1460 in
1165 1433 1240 1460 Edd.
1291 1434 1350 1461 Sed
1388 1433 1537 1461 innititur
1577 1431 1675 1460 etiam
1714 1433 1770 1467 qui
1809 1432 1902 1468 iacet,

1105 1478 1272 1513 annititur,
1299 1478 1353 1512 qui
1379 1482 1479 1507 tentat
1501 1474 1698 1513 exsurgere“
1728 1475 1794 1507 Ηπ.

1154 1520 1229 1551 691.
1262 1519 1363 1551 Oculi
1395 1525 1533 1559 errant,
1572 1522 1627 1558 qui
1666 1531 1729 1552 non
1768 1526 1904 1558 possunt

1106 1572 1190 1597 certo
1223 1568 1344 1596 intendi
1376 1564 1521 1598 cfsVal.
1550 1570 1598 1597 Fl.
1631 1565 1668 1606 6,
1694 1565 1759 1596 277
1792 1571 1904 1598 extre-

1105 1620 1182 1641 mus
1213 1621 1319 1652 quum
1349 1610 1483 1642 lumina
1513 1610 1656 1653 corripit
1689 1621 1796 1642 error.
1845 1614 1903 1643 Sil.

1107 1657 1136 1695 6,
1161 1655 1197 1690 ll
1225 1656 1364 1695 frustra
1387 1656 1594 1700 seminecum
1620 1656 1824 1698 quaerentia
1849 1657 1904 1688 lu-

1107 1700 1202 1731 mina
1227 1700 1371 1732 caelum.

1155 1746 1230 1776 692.
1258 1751 1395 1787 reperta
1424 1751 1466 1777 M.
1493 1750 1536 1777 al.
1570 1764 1607 1768 —
1635 1751 1807 1787 repertam
1832 1752 1902 1788 ybc.

1108 1794 1171 1822 Sed
1196 1802 1259 1822 non
1284 1796 1388 1823 lucem
1413 1795 1521 1830 gemit,
1545 1795 1599 1823 sed
1618 1795 1699 1828 quod
1724 1796 1828 1823 lucem
1853 1797 1902 1823 ul-

1109 1839 1221 1867 timum
1249 1840 1345 1868 videt.
1393 1842 1512 1869 Omnes
1537 1844 1661 1875 autem,
1692 1841 1745 1869 vel
1771 1840 1826 1874 qui
1851 1841 1902 1869 vi-

1109 1888 1173 1912 tam
1206 1885 1298 1913 exosi
1331 1890 1423 1921 sunt,
1464 1886 1519 1913 uhi
1551 1893 1592 1913 ex
1620 1892 1659 1913 ea
1684 1886 1903 1914 excedendum

1108 1934 1172 1962 cst,
1203 1931 1274 1958 eius
1306 1935 1476 1959 moventur
1501 1931 1667 1959 dulcedine
1693 1938 1827 1966 eamque
1852 1939 1903 1960 re-

1107 1975 1252 2009 linquere
1278 1977 1359 2009 quod
1387 1981 1542 2012 coguntur
1565 1977 1680 2004 dolent.
1713 1991 1751 1996 —
1786 1977 1904 2006 Confer

1107 2029 1178 2049 cum
1205 2024 1263 2049 hoc
1288 2023 1367 2058 loco,
1394 2022 1486 2050 ovid.
1508 2024 1581 2049 Met.
1609 2020 1639 2057 4,
1668 2019 1729 2049 137
1755 2030 1802 2057 sa.
1826 2024 1902 2051 Eur.

1107 2067 1180 2095 Alc.
1209 2064 1272 2093 203
1301 2076 1348 2102 sq.
1390 2083 1428 2086 —
1467 2067 1656 2095 Communis
1681 2071 1749 2095 erat
1779 2068 1898 2105 opinio,

1107 2119 1171 2146 qua
1194 2115 1362 2149 putabant,
1402 2113 1443 2141 iis
1469 2113 1523 2147 qui
1548 2112 1640 2140 morti
1665 2113 1815 2141 destinati
1849 2122 1902 2141 es-

1108 2161 1195 2193 sent,
1234 2158 1378 2187 desecari
1413 2166 1434 2186 a
1468 2158 1664 2192 Proserpina
1697 2158 1803 2187 crines
1839 2159 1902 2187 ali-

1107 2207 1196 2237 quan
1224 2203 1268 2231 ita
1293 2208 1376 2232 certe
1402 2205 1597 2231 Graecorum
1623 2203 1735 2238 tragici
1761 2205 1900 2232 tradide-

1106 2252 1189 2276 runt.
1241 2248 1287 2276 Cf.
1319 2250 1393 2276 Eur.
1418 2249 1492 2277 Alc.
1519 2245 1573 2276 74.
1617 2250 1756 2277 Macrob.
1783 2249 1820 2285 5,
1851 2247 1900 2278 19.

1107 2294 1181 2320 Hor.
1209 2293 1244 2321 C.
1275 2292 1307 2329 1,
1334 2291 1394 2329 28,
1422 2292 1463 2320 20
1497 2290 1639 2321 Nullum
1666 2301 1771 2322 saeva
1796 2296 1903 2333 caput

1108 2334 1320 2376 Proserpina
1336 2336 1452 2377 fugit.
1500 2339 1643 2367 Moriens
1665 2339 1751 2368 enim
1772 2344 1820 2368 est
1844 2341 1901 2368 deo

1096 2378 1201 2416 ‘quasi
1226 2383 1376 2419 victima,
1416 2392 1455 2413 ea
1480 2388 1685 2413 consecratur
1712 2385 1789 2419 pilis
1818 2385 1902 2414 inter

1106 2435 1227 2456 cornua
1259 2430 1385 2457 evulsis
1420 2434 1449 2457 et
1475 2430 1507 2457 in
1532 2429 1638 2465 ignem
1668 2431 1820 2459 coniectis
1859 2431 1898 2459 cf.

1106 2470 1136 2505 6.
1163 2470 1238 2500 244.
1288 2475 1371 2503 Hinc
1399 2476 1436 2503 de
1466 2475 1621 2504 moriente
1655 2477 1734 2504 Stat.
1758 2477 1840 2504 Silv.
1868 2474 1900 2513 2,

1106 2515 1142 2553 1,
1171 2516 1232 2546 147
1262 2516 1337 2547 Iam
1363 2517 1542 2559 complexa
1566 2528 1671 2548 manu
1697 2518 1825 2550 crinem
1851 2523 1901 2550 te-

1103 2565 1161 2592 net
1193 2561 1311 2597 infera
1346 2562 1444 2594 Iuno.
1501 2566 1545 2594 At
1576 2574 1655 2594 vero
1691 2574 1788 2601 (utum
1819 2567 1900 2595 Dido

1104 2616 1166 2637 sua
1190 2611 1371 2645 voluntate,
1409 2615 1581 2645 antequam
1606 2611 1672 2639 fato
1697 2615 1745 2640 est
1775 2615 1898 2645 tempus

1104 2655 1321 2690 constitutum,
1347 2657 1386 2684 ad
1410 2662 1540 2684 mortem
1563 2656 1775 2690 festinaverit,
1795 2657 1898 2685 nescit

1104 2701 1314 2736 Proserpina3
1365 2702 1472 2735 itaque
1503 2703 1582 2730 Iuno
1614 2702 1767 2730 miserata
1801 2702 1899 2730 Dido-

1103 2753 1174 2772 nem
1208 2746 1285 2774 Irim
1320 2747 1430 2783 mittit,
1469 2747 1651 2776 ministram
1684 2751 1713 2775 et
1750 2748 1897 2776 nuntiant

1104 2791 1243 2818 deorum.

1150 2844 1226 2874 695.
1252 2844 1409 2875 animam
1432 2855 1605 2886 nexosque
1627 2843 1812 2877 resolveret
1841 2856 1900 2877 ar-

1103 2892 1160 2919 tus
1186 2892 1224 2920 cf.
1253 2889 1282 2928 1,
1308 2890 1361 2920 78.
1387 2908 1432 2913 —
1465 2893 1602 2927 Corpore
1627 2896 1733 2920 autem
1761 2893 1898 2929 eiusque

1108 2936 1266 2965 iuncturis
1290 2939 1490 2967 concluditur
1514 2938 1609 2972 quasi
1633 2937 1760 2973 anima3
1791 2940 1843 2968 cui
1868 2940 1898 2968 si

1103 2983 1319 3012 excedendum
1339 2987 1402 3020 est,
1424 2983 1611 3018 aperiantur
1635 2987 1665 3011 et
1690 2986 1898 3014 resolvantur

1103 3031 1199 3056 antea
1223 3035 1356 3058 necesse
1382 3032 1432 3057 est
1459 3028 1602 3063 corporis
1632 3032 1723 3058 artus
1751 3029 1791 3059 cf,
1819 3027 1896 3059 703.
