2023 3350
239 154 324 195 304

812 155 848 187 Ρ.
874 155 1072 189 VIRGILII
1098 156 1310 191 MARONIS

240 266 441 314 Dixerat,
485 268 527 306 et
560 266 725 319 pariter
761 267 896 320 gressi
933 281 1011 321 per
1048 283 1185 323 opaca
1218 271 1383 313 viarum

241 323 494 375 Corripiunt
528 324 718 376 spatium
753 324 942 365 medium
978 325 1231 381 foribusque
1268 330 1575 384 propinquant.

240 380 434 431 Occupat
465 380 630 421 Aeneas
666 380 833 422 aditum
873 395 1117 436 corpusque
1156 386 1317 426 recenti

1797 386 1880 426 (335

239 436 414 489 Spargit
448 450 565 488 aqua
596 451 850 492 ramumque
884 439 1064 482 adverso
1105 440 1150 482 in
1185 441 1331 484 limine
1362 443 1470 497 figit.

354 493 431 534 His
470 493 640 535 demum
682 497 864 548 exactis,
901 496 1093 551 perfecto
1129 512 1304 540 munere
1335 500 1470 553 divae,

239 550 456 591 Devenere
492 551 610 593 locos
653 552 793 594 laetos
835 558 878 595 et
914 568 1095 596 amoena
1134 556 1297 597 virecta

238 607 573 649 Fortunatorum
608 623 832 652 nemorum
871 612 1082 665 sedesque
1120 612 1284 655 beatas.

236 664 420 717 Largior
456 665 525 706 hic
559 680 739 721 campos
775 668 924 711 aether
963 673 1006 711 et
1043 670 1202 712 lumine
1244 671 1373 712 vestit

1799 673 1883 712 (340

237 721 476 775 Purpureo,
508 723 727 779 solemque
759 740 902 777 suuni,
942 741 1020 769 sua
1050 728 1193 770 sidera
1232 732 1402 770 norunt.

237 779 343 820 Pars
380 780 424 820 in
459 782 690 833 gramineis
729 787 929 826 exercent
968 786 1162 828 membra
1199 786 1445 839 palaestris,

240 836 515 879 Contendunt
549 839 652 882 ludo
689 844 731 882 et
769 841 888 883 fulva
922 842 1145 885 luctantur
1178 857 1329 895 arena3

237 894 342 935 Pars
379 895 559 948 pedibus
595 898 808 951 plaudunt
848 899 1029 942 choreas
1073 904 1116 942 et
1150 902 1343 942 carmina
1377 900 1544 951 dicunt3

236 952 325 992 Nec
355 966 439 993 non
474 953 694 997 Threicius
726 956 857 1010 longa
894 971 990 999 cum
1030 962 1148 1001 veste
1181 958 1382 1000 sacerdos

1801 958 1882 998 645

237 1009 499 1063 Obloquitur
530 1013 719 1056 numeris
757 1019 921 1069 septem
963 1015 1213 1059 discrimina
1249 1029 1420 1067 vocum3

236 1156 348 1179 ramus
379 1152 598 1187 deponeretur.
639 1171 676 1175 ——
716 1157 896 1192 Praecepta
929 1161 1036 1186 autent

236 1203 300 1223 non
341 1201 415 1225 sunt.
446 1199 610 1237 Sibyllae,
649 1205 685 1230 ut
723 1202 773 1230 illi
810 1205 942 1241 volunt,
982 1205 1037 1238 qui

237 1241 378 1279 eiecere,
420 1246 476 1273 sed
515 1247 662 1285 deorum,
706 1256 841 1282 quorum
880 1250 1038 1285 interpres

236 1292 284 1315 est
306 1288 445 1324 sibylla.

284 1332 360 1361 633.
389 1343 500 1374 opaca
523 1334 660 1367 viarum
681 1339 720 1368 cf.
749 1337 783 1376 l,
812 1338 887 1369 42⁶2.

284 1377 359 1407 63⁴.
389 1379 583 1421 corripiunt
608 1384 646 1412 cf.
676 1382 703 1421 l,
731 1383 807 1414 418.

285 1422 361 1452 636.
398 1426 496 1461 Aqua
537 1430 717 1466 spargitur,
758 1435 791 1459 ut.
830 1440 941 1460 omnes
983 1433 1038 1467 qui

238 1471 393 1504 templum
414 1473 544 1507 aliquod
563 1475 681 1503 adituri
699 1480 800 1504 erant.
850 1478 911 1505 Ubi
930 1482 1038 1506 autem

237 1516 388 1551 Elysium
409 1518 556 1547 aditurus
578 1525 636 1557 est,
662 1529 742 1555 opus
766 1526 814 1550 est
834 1524 1037 1552 lustratione.

240 1576 279 1580 —
312 1561 442 1591 recenti
475 1572 585 1603 aqua,
616 1564 766 1602 frisclzes
805 1565 966 1604 llf'asser,
997 1569 1036 1598 cf.

239 1604 274 1640 2Ἴ
308 1604 384 1635 719.
446 1610 545 1644 Aqua
580 1611 678 1647 igitur
719 1613 869 1641 lustralis
907 1614 967 1642 fuit
1004 1615 1037 1644 in

238 1656 344 1688 port-‘⁴13
374 1661 463 1684 ramo
482 1656 552 1691 ipso
577 1665 612 1685 se
632 1659 807 1697 adspergit,
834 1659 946 1688 deinde
964 1669 1036 1689 euin

237 1698 375 1733 deponit.

423 1778 631 1811 637—678.
680 1779 851 1823 Elysium.

284 1835 330 1864 cf.
358 1837 451 1865 Hom.
476 1839 531 1867 Od.
559 1836 588 1875 4,
614 1837 691 1868 563.
732 1841 826 1869 Pind.
848 1842 896 1869 Ol.
925 1839 955 1879 2,
983 1839 1036 1871 61.

237 1881 306 1909 Tib.
339 1878 373 1918 l,
399 1881 429 1911 3.
472 1885 547 1913 Val.
577 1882 611 1922 1,
635 1883 713 1914 844.
739 1887 853 1915 Claud.
882 1888 920 1915 R.
942 1888 978 1916 P.
1006 1886 1036 1926 2,

238 1924 315 1955 277.

283 1970 359 2001 637.
393 1970 448 2002 his
473 1971 604 2003 exactis
634 1976 667 2005 cf
693 1984 724 2005 v.
759 1974 835 2005 236.
890 1975 1035 2007 Demnm

236 2018 397 2052 significat
429 2027 582 2056 magnum
614 2022 776 2059 laborem,
807 2032 868 2058 quo
898 2026 938 2052 ad
964 2033 1037 2053 eum

235 2065 342 2092 locum
359 2070 425 2093 erat
440 2067 702 2100 perveniendum.
721 2084 758 2087 —
776 2077 916 2098 munere
933 2067 1037 2098 divae

236 2109 274 2137 cf.
298 2111 338 2138 ad
363 2108 393 2148 2,
427 2109 479 2140 31.
512 2109 561 2140 Pl.
594 2121 649 2148 pro
664 2113 820 2153 perfecto
844 2116 925 2144 coni.
951 2123 1035 2156 per-

235 2153 321 2184 lato.

282 2199 358 2229 638.
401 2199 521 2231 I‘ireta
553 2203 726 2234 formatum
760 2212 781 2234 a
816 2206 957 2242 Virgilio
995 2207 1036 2235 ad

234 2254 379 2275 normam
403 2245 580 2283 olivetum,
608 2249 776 2287 vinetum,
801 2252 835 2280 in
860 2261 896 2281 eo
922 2253 1038 2289 singu-

234 2293 321 2328 lare,
370 2295 453 2327 quod
491 2301 512 2323 a
548 2299 646 2325 verbo
683 2298 864 2335 deducitur,
912 2306 976 2326 non
1014 2306 1035 2326 a

234 2340 366 2372 plantae
390 2340 529 2369 nomine.
571 2342 640 2370 ΕΜ.
668 2344 742 2371 dant
769 2341 913 2378 virecta,
939 2344 1037 2378 quasi

233 2385 409 2413 deducatur
438 2393 459 2414 a
498 2394 578 2415 voce
611 2385 708 2417 vitex
737 2393 772 2417 ut
807 2391 981 2418 carectum
1014 2397 1034 2418 a

234 2437 355 2466 carex,
394 2432 477 2465 quod
501 2433 623 2470 recepi,
655 2437 686 2461 et
717 2435 799 2468 quod
829 2436 914 2468 apud
949 2435 1034 2464 alios

234 2476 407 2510 scriptores
425 2477 473 2505 sic
491 2478 606 2506 dicitur
629 2479 703 2516 legi,
725 2484 755 2508 et
776 2481 859 2514 quod
876 2481 925 2510 sic
947 2485 1034 2509 esset

234 2522 273 2549 ad
301 2523 447 2557 regulam
479 2522 659 2553 formatum.

282 2565 358 2594 (539.
391 2569 569 2597 Fortunata
608 2577 755 2607 nemora,
794 2572 888 2600 sedes
920 2573 1034 2600 beatae

234 2614 389 2646 quomodo
414 2614 563 2644 dicantur
588 2615 628 2644 cf.
658 2613 689 2652 1,
715 2614 791 2645 355.

281 2656 519 2695 640.1ungas:
569 2663 600 2689 et
644 2659 785 2701 largior
821 2659 875 2691 hic
916 2659 1036 2691 aether

234 2711 376 2742 campos
404 2703 506 2734 vestit
540 2703 671 2735 lumine
703 2707 741 2736 cf.
771 2708 866 2736 Lucr.
901 2706 936 2744 2,
969 2705 1032 2736 147

234 2756 338 2787 quum
372 2748 484 2779 subito
517 2749 626 2780 soleat
662 2750 722 2780 Sol
755 2755 852 2781 ortus
883 2755 1036 2793 tempore

234 2791 300 2821 tati
336 2792 535 2825 Convcstire
573 2806 637 2826 sua
665 2796 885 2837 perfundens
917 2797 1034 2828 omnia

234 2835 321 2867 Ince.

281 2882 356 2912 6⁴1.
387 2893 586 2925 purpureo.-
623 2890 811 2924 Purpureus
845 2894 894 2918 est
923 2892 1033 2925 splen-

235 2929 313 2957 dens
339 2932 482 2966 saepius,
510 2935 598 2962 velut
625 2935 653 2963 si
680 2935 737 2964 nix
769 2939 797 2963 et
822 2937 890 2963 olor
914 2936 961 2963 ita
984 2937 1033 2964 di-

234 2974 333 3008 citur3
371 2977 422 3005 liic
454 2982 561 3007 tamen
598 2982 653 3008 vel
689 2982 829 3010 colorem
869 2982 1031 3016 proprium

235 3020 341 3052 possis
366 3022 554 3059 intelligere.
573 3025 611 3053 cf.
636 3023 663 3063 t,
688 3024 754 3053 590
774 3024 957 3066 lumenque
979 3025 1032 3056 iu-

236 3067 357 3094 ventae
383 3075 612 3108 purpureum.
673 3068 888 3111 Purpureum
922 3074 1030 3102 lumen

1084 1159 1250 1194 explicare
1275 1156 1455 1188 obscurum
1475 1160 1565 1186 vetat
1587 1156 1652 1185 iam
1674 1157 1778 1190 locus,
1802 1157 1886 1191 quod

1085 1207 1123 1235 de
1150 1206 1265 1241 Elysio
1294 1212 1398 1234 sermo
1423 1207 1488 1241 est,
1518 1211 1582 1232 non
1617 1204 1654 1231 de
1679 1203 1814 1231 Tartaro
1843 1217 1881 1221 —

1084 1260 1204 1287 suum,
1245 1259 1309 1279 sua
1349 1247 1478 1278 sidera.
1530 1249 1603 1277 Alii
1639 1252 1751 1283 poetae
1783 1250 1886 1277 solem

1084 1301 1157 1332 post
1199 1304 1351 1326 occasum
1391 1295 1508 1324 Inferis
1546 1297 1707 1324 lucentem
1745 1294 1887 1323 faciuntt

1085 1344 1248 1378 proprium
1275 1344 1376 1371 solem
1392 1341 1556 1377 Virgilius
1580 1340 1736 1375 attribuit,
1761 1340 1884 1377 scilice3

1085 1390 1275 1423 ampliorem
1313 1393 1342 1417 et
1377 1387 1584 1423 lucidiorem,
1623 1386 1670 1414 ita
1702 1386 1815 1414 Claud.
1848 1387 1887 1416 de

1085 1436 1153 1463 RP.
1186 1433 1222 1471 2,
1257 1432 1320 1462 282
1358 1431 1446 1461 Sunt
1482 1430 1599 1461 altera
1630 1428 1729 1460 nobis
1757 1429 1885 1470 sidera,

1085 1481 1167 1509 sunt
1192 1477 1288 1509 orbes
1308 1476 1372 1507 atii
1396 1476 1581 1515 lumenque
1599 1474 1732 1506 videbis
1749 1475 1887 1516 purius,

1084 1526 1250 1560 Aristoph.
1286 1527 1369 1553 Rau.
1403 1522 1467 1551 155
1501 1517 1585 1560 ὄψει
1618 1516 1656 1551 δὲ
1689 1519 1768 1562 φῶς
1799 1515 1884 1553 κᾶλ-

1084 1567 1205 1598 λιστον
1230 1562 1349 1608 ὥσπερ
1373 1561 1521 1597 ἐνθάδε.
1551 1583 1589 1588 —-
1624 1566 1774 1603 norunt,
1800 1571 1883 1603 quod

1083 1617 1195 1645 vident
1218 1620 1247 1644 et
1268 1618 1397 1649 habent,
1422 1618 1453 1642 ut
1477 1621 1577 1650 supra
1599 1614 1681 1642 dixit
1704 1611 1884 1644 velamina

1084 1664 1168 1691 nota
1194 1662 1265 1690 eius
1290 1662 1344 1696 qui
1367 1662 1472 1688 babet.

1134 1705 1210 1736 642.
1241 1707 1404 1743 Virgilius
1440 1714 1507 1734 rem
1537 1709 1572 1734 ut
1609 1705 1715 1734 debuit
1749 1709 1779 1734 et
1812 1705 1885 1734 fecit

1084 1754 1249 1781 Pindarus
1288 1754 1309 1781 1.
1340 1753 1360 1780 l.
1397 1752 1437 1780 ad
1475 1751 1674 1781 heroicorum
1705 1754 1885 1786 temporum

1085 1799 1254 1833 opiniones
1282 1798 1510 1827 conformavit.

1132 1842 1208 1872 643.
1235 1841 1318 1872 ludo
1345 1851 1430 1880 „non
1458 1840 1562 1872 odiof‘
1591 1844 1623 1871 S.

1132 1887 1208 1918 644.
1234 1897 1318 1928 pars
1344 1886 1492 1927 pedibus
1536 1885 1715 1928 plaudunt
1740 1885 1885 1918 choreas

1084 1935 1123 1964 cf.
1149 1944 1180 1964 v.
1203 1933 1279 1963 520.
1319 1934 1365 1963 Cf.
1387 1935 1478 1963 llont.
1496 1935 1550 1963 Οὐ.
1568 1931 1600 1971 8,
1620 1931 1684 1962 264
1702 1928 1885 1974 πέπληγον

1085 1974 1123 2009 δὲ
1167 1974 1280 2019 χορὸν
1324 1977 1433 2009 θεῖον
1474 1975 1592 2008 ποσίν.
1659 1981 1884 2009 Accusativus

1084 2027 1211 2055 omnino
1237 2026 1381 2055 effectum
1405 2025 1531 2062 signat:
1565 2034 1607 2054 ex
1628 2027 1742 2060 pedum
1763 2028 1884 2061 plausu

1082 2072 1161 2101 fiunt
1191 2075 1327 2101 choreae
1362 2071 1400 2100 cf.
1437 2073 1488 2100 Gr.
1523 2071 1544 2106 S
1574 2068 1651 2109 294,
1688 2070 1718 2100 6.
1749 2070 1884 2101 saltare

1090 2115 1259 2157 Cyclopa,
1289 2114 1440 2152 Ledam,
1466 2120 1495 2145 et
1522 2113 1656 2146 saltare
1678 2117 1708 2145 tit
1739 2117 1884 2146 transiti-

1082 2171 1171 2192 vum.
1244 2165 1330 2192 Idetn
1374 2163 1459 2197 apud
1496 2162 1622 2191 Inferos
1664 2162 1731 2191 fieri
1772 2166 1884 2192 narrat

1081 2209 1248 2244 Aristoph.
1297 2210 1318 2237 l.
1375 2210 1396 2236 l.
1448 2223 1486 2227 —
1536 2205 1696 2236 carmina
1750 2205 1883 2238 dicunt.

1083 2255 1222 2283 Cantuin
1247 2258 1276 2283 et
1308 2254 1515 2283 saltationem
1549 2253 1727 2290 iungebant
1757 2255 1883 2292 Graeci,

1084 2301 1203 2335 ubique
1233 2304 1340 2329 tamen
1365 2300 1399 2327 in
1424 2302 1577 2328 honorem
1601 2301 1742 2328 deorum.

1128 2343 1203 2374 645.
1235 2343 1414 2374 Threicius
1429 2342 1590 2373 sacerdos
1608 2347 1764 2380 Orpheus.
1801 2346 1882 2381 „Or-

1080 2393 1183 2426 pheus
1208 2391 1373 2425 Calliopes
1398 2392 1513 2419 Musae
1540 2395 1569 2419 et
1597 2390 1714 2427 Oeagri
1740 2389 1882 2419 fluminis

1080 2437 1167 2465 tilius
1192 2436 1263 2464 fuit.
1305 2438 1463 2465 Sacerdos
1486 2440 1603 2474 autem,
1629 2437 1706 2472 quia
1726 2439 1754 2464 et
1777 2437 1882 2465 Theo-

1080 2484 1174 2518 logus
1198 2482 1259 2510 fuit
1290 2486 1318 2510 et
1352 2482 1450 2518 Orgia
1479 2480 1539 2516 (cf.
1569 2478 1606 2518 4,
1638 2479 1725 2518 303)
1756 2482 1881 2517 primus

1080 2528 1230 2556 instituit.
1286 2529 1359 2562 Ipse
1391 2528 1487 2557 etiam
1515 2528 1661 2557 homines
1692 2535 1710 2556 e
1742 2527 1820 2556 feris
1851 2531 1881 2556 et

1081 2574 1172 2602 duris
1197 2574 1386 2608 composuit.
1435 2574 1526 2602 Unde
1552 2573 1670 2602 dicitur
1693 2575 1824 2602 arbores
1849 2576 1880 2602 et

1080 2626 1166 2648 saxa
1197 2618 1376 2648 movisse.“
1409 2620 1440 2647 S.
1475 2619 1568 2647 Adde
1600 2620 1676 2648 Hor.
1703 2620 1773 2648 ΑΡ.
1802 2615 1877 2646 391.

1081 2662 1192 2705 longa
1219 2673 1293 2693 cum
1321 2666 1422 2693 veste.
1450 2665 1563 2701 Longa
1585 2665 1690 2693 vestis
1714 2668 1745 2693 et
1768 2664 1879 2692 tardus

1080 2711 1231 2739 incessus
1262 2713 1356 2738 habet
1386 2710 1509 2744 aliquid
1540 2710 1739 2745 inaiestatis3
1770 2709 1879 2741 itaque

1079 2757 1264 2785 sacerdotes
1285 2760 1314 2784 et
1341 2760 1435 2784 vates
1460 2757 1558 2791 longa
1585 2759 1757 2785 utebantur
1776 2757 1877 2790 veste,

1079 2803 1177 2830 etiam
1210 2802 1295 2836 apud
1330 2803 1471 2830 Graecos
1505 2795 1679 2841 ῥαψῳδοί
1705 2803 1735 2828 et
1767 2795 1877 2827 κιθα-

1080 2842 1196 2888 ρῳδοί
1218 2848 1251 2875 in
1272 2847 1441 2881 Apollinis
1465 2849 1626 2874 honorem.

1127 2889 1202 2920 646.
1233 2889 1399 2931 Obloqut‘,
1430 2892 1592 2927 accinere,
1624 2886 1876 2928 accompagni-

1079 2945 1162 2972 retu
1193 2938 1236 2966 ita
1265 2939 1323 2966 Ov.
1355 2939 1446 2965 Pont.
1476 2934 1505 2973 3,
1540 2932 1570 2971 1,
1606 2932 1643 2963 21
1688 2931 1761 2963 ¹Yon
1800 2932 1877 2963 avis

1078 2979 1286 3022 obloquitur.
1345 2984 1426 3011 Nam
1455 2977 1551 3020 loqui
1581 2984 1609 3008 et
1637 2976 1750 3008 dicere
1777 2987 1876 3016 saepe

1078 3036 1134 3062 pro
1158 3035 1282 3057 cauere
1313 3028 1458 3056 dicebant
1483 3025 1626 3061 antiqui,
1657 3026 1738 3060 quod
1767 3026 1875 3055 minus

1077 3076 1233 3102 canebant
1274 3073 1329 3101 sed
1366 3072 1471 3108 magis
1499 3071 1645 3100 carmina
1686 3071 1875 3110 recitabant,
