2023 3350
204 129 284 168 140

766 128 802 160 Ρ.
831 128 1027 161 VIRGlLII
1052 129 1263 164 MAROMS

202 239 373 293 Excipit
405 239 623 280 incautum
662 239 913 294 patriasque
951 241 1182 285 obtruncat
1215 243 1270 285 ad
1307 258 1417 286 aras,

201 297 341 338 Morte
378 296 647 349 Neoptolemi
684 310 913 350 regnorum
949 298 1118 341 reddita
1148 302 1275 343 cessit

199 354 304 394 Pars
336 352 518 404 Heleno,
560 353 633 407 qui
670 353 880 396 Chaonios
918 357 1166 409 cognomine
1198 372 1369 412 campos

201 410 519 464 Chaoniamque
560 424 726 452 omnem
763 412 944 455 Troiano
982 427 1009 455 a
1049 414 1220 456 Chaone
1257 416 1376 468 dixit,

1749 417 1830 456 335
1867 429 1870 432 ’

199 468 493 521 Pergamaque
531 468 793 522 Iliacamque
830 470 941 524 iugis
976 470 1087 513 hanc
1120 472 1288 513 addidit
1323 487 1474 514 arcem.

199 524 282 566 Sed
324 524 405 566 tibi
445 524 517 577 qui
553 539 724 567 cursum
761 528 894 578 venti,
936 542 1047 582 quae
1088 528 1180 571 fata
1216 529 1400 572 dedere?

197 583 283 623 Aut
321 582 517 635 quisnam
553 583 751 636 ignarum
789 585 949 627 nostris
990 585 1093 628 deus
1136 586 1305 640 adpulit
1346 588 1457 628 oris‘?

197 638 309 689 Quid
343 653 450 693 puer
482 640 720 682 Ascanius?

197 697 330 746 Quem
365 696 446 737 tibi
482 697 568 738 iam
603 698 732 740 Troia

781 642 1019 697 Superatne
1053 648 1096 685 et
1133 645 1318 686 vescitur
1355 645 1490 686 aura‘?

1746 703 1827 741 340

195 754 344 807 Ecqua
376 757 520 796 tamen
551 769 684 809 puero
725 760 790 798 est
827 757 1009 799 amissae
1050 771 1153 799 cura
1189 759 1402 812 parentis3

195 810 363 864 Ecquid
399 812 443 853 in
483 813 704 867 antiquam
741 815 943 856 virtutem
975 815 1224 870 animosque
1263 817 1405 858 viriles

195 869 253 910 Et
291 873 415 923 pater
446 870 610 913 Aeneas
643 875 685 913 et
718 873 952 915 avunculus
984 874 1144 915 excitat
1178 873 1366 916 Hector?

194 995 296 1021 neque
321 987 498 1017 consistere
521 996 658 1023 usquam
689 991 872 1028 patiantur.
908 993 990 1026 quod

196 1040 237 1061 ne
270 1033 315 1067 pii
349 1033 476 1067 quidem
512 1035 583 1063 sine
618 1037 738 1065 scelere
771 1045 845 1066 esse
881 1042 990 1072 potue-

196 1080 312 1106 runt't'··
337 1083 365 1107 et
387 1077 427 1105 67
454 1080 579 1109 ..Nolite
602 1086 731 1117 putare.
757 1091 821 1117 eos.
846 1083 901 1117 qui
926 1084 989 1112 ali-

197 1124 272 1158 quid
297 1124 392 1159 impie
416 1127 633 1161 scelerateque
657 1128 883 1163 commiserint.
908 1127 989 1168 agi-

194 1167 264 1198 tari
289 1174 317 1198 et
350 1171 516 1204 perterreri
542 1173 712 1202 Furiarum
739 1175 840 1202 taedis
870 1176 985 1203 arden-

195 1215 295 1249 tibus;
337 1223 397 1244 sua
423 1225 577 1251 quemque
599 1218 690 1247 fraus
716 1223 744 1247 et
772 1228 852 1248 suus
886 1224 985 1249 terror

196 1260 335 1289 maxime
358 1267 465 1293 vexat.
487 1270 580 1291 suunt
600 1272 755 1299 quemque
776 1267 883 1294 scelus
902 1263 984 1306 agi-

192 1308 244 1334 tat
267 1307 469 1342 amentiaque
493 1308 601 1339 afficit.
627 1317 706 1339 suae
731 1313 836 1339 malae
862 1312 983 1348 eogita-

193 1352 296 1380 tiones
321 1354 599 1389 conscientiaeque
623 1357 725 1384 animi
750 1356 897 1385 terrent*

238 1395 314 1425 332.
341 1396 490 1437 ext-ipim
529 1401 621 1434 ..dolo
647 1402 823 1431 interficit.“
853 1405 883 1431 S.
935 1403 982 1431 Cf.

192 1440 221 1479 6,
248 1441 320 1471 173.
347 1441 376 1477 9,
403 1441 477 1473 763.
506 1443 557 1481 11,
583 1444 647 1474 684
669 1452 699 1475 et
719 1445 874 1487 arripere
900 1445 983 1477 insi-

191 1485 259 1516 diis
292 1490 325 1517 Ε.
352 1487 382 1522 3,
412 1486 460 1518 11⁶2.
501 1492 677 1521 Deductum
709 1498 754 1521 est
788 1497 921 1522 verbum
946 1495 983 1523 de

189 1535 362 1563 venatione
384 1535 576 1576 abfaugen.
593 1553 638 1557 —
655 1536 794 1577 patrias
816 1537 861 1567 ad
882 1548 984 1568 aras:

191 1581 293 1612 ..Nam
327 1582 487 1617 Pyrrhus.
528 1587 562 1610 ut
599 1583 634 1611 iu
665 1584 800 1613 historia
833 1586 981 1621 legimus,

191 1625 294 1653 occiso
333 1631 421 1661 patre
455 1628 488 1655 in
519 1630 635 1662 templo
664 1630 832 1664 Apollinis
861 1632 982 1667 Thym-

192 1671 292 1699 braei.
317 1680 468 1700 reversus
488 1674 527 1701 ad
551 1675 696 1708 patriam.
716 1676 748 1703 in
765 1677 907 1705 numinis
932 1678 981 1705 in-

190 1717 412 1751 sultationem,
435 1718 468 1746 in
493 1721 608 1754 templo
630 1721 702 1749 eius
726 1723 880 1756 Delphico
905 1729 981 1751 aras

192 1762 275 1796 patri
304 1764 484 1800 constituit,
526 1769 555 1793 et
587 1766 655 1795 illic
686 1767 715 1795 ei
745 1768 845 1802 coepit
880 1769 983 1796 sacri-

193 1807 318 1836 ficare:-
353 1810 384 1837 S.
444 1810 559 1839 Nescio
605 1814 689 1840 unde
726 1815 805 1842 haec
847 1814 982 1842 servius

193 1853 347 1882 hauserit.
426 1855 560 1890 Delphis
603 1860 642 1885 ab
684 1860 793 1887 Oreste
841 1860 983 1888 occisum

192 1900 432 1933 Neoptolemum
469 1909 541 1930 esse
575 1903 713 1931 referunt
748 1913 868 1933 omnes.
931 1905 982 1932 Si—

190 1945 267 1973 mile
289 1947 371 1979 quod
396 1946 557 1980 Virgilius
582 1950 619 1976 de
638 1949 867 1979 Andromacha
887 1951 982 1979 tradit

189 1991 358 2024 Euripides
390 1992 542 2021 Androm.
584 1992 668 2022 1247
705 2003 751 2029 sq.
806 1997 980 2030 Postquam

191 2036 276 2063 enim
308 2036 393 2065 fama
425 2038 462 2065 (le
484 2040 679 2073 Neoptolemi
706 2046 805 2069 morte
830 2042 981 2070 Phthiam

193 2082 353 2115 pervenit.
390 2084 500 2111 Thetis
524 2087 603 2113 haec
628 2087 797 2121 praecipit:
827 2086 983 2125 γυναῖκα

190 2119 430 2164 αἰχμάλωτον,
453 2121 693 2169 Ἀνὸρομάχην
715 2126 813 2170 λέγω,
834 2129 980 2160 Μολοσ-

190 2167 270 2199 σίαν
292 2168 357 2210 γῆν
380 2167 446 2211 χρὴ
464 2173 688 2215 κατοικῆσαι,
705 2168 832 2218 Ἑλένῳ
853 2175 980 2206 συναλ-

187 2213 389 2255 λαχθεῑσαν
411 2212 570 2255 ξῦυαίοις
594 2215 732 2260 γάμοις.

234 2260 308 2290 333.
336 2261 488 2293 reddita.
516 2268 609 2300 quasi
639 2269 743 2296 dehita
776 2268 814 2297 cf.
841 2266 876 2305 2,
899 2266 975 2297 260.

191 2304 243 2335 Pl.
268 2317 322 2342 pro
344 2307 482 2338 reddita
509 2313 619 2341 scribit
647 2312 761 2342 tertia.

235 2352 308 2382 33⁴.
335 2357 529 2385 ..Molossia
560 2367 636 2393 pars
659 2360 762 2393 Epiri.
789 2367 882 2394 quam
912 2361 976 2388 He-

188 2401 280 2427 lenus
314 2405 425 2434 postea
456 2410 475 2429 a
507 2402 603 2433 fratre
634 2405 780 2433 Chaone.
825 2414 917 2439 quem
943 2406 976 2433 in

190 2450 307 2473 venatu
339 2454 394 2480 per
424 2448 635 2480 ignorantiam
662 2451 776 2479 dicitur
807 2451 973 2487 occidisse.

187 2490 362 2519 Chaoniam
393 2494 587 2528 nominavit.
627 2496 721 2529 quasi
753 2497 793 2524 ad
823 2497 974 2524 solatium

187 2535 296 2563 fratris
322 2539 505 2567 eii’stinctijn
536 2542 566 2568 S.
603 2556 640 2560 -—
679 2542 803 2569 Versus
834 2542 974 2569 difficilis

186 2586 364 2616 propterea.
399 2586 481 2618 quod
512 2583 686 2615 Chaonius
713 2592 838 2621 praeter
863 2596 973 2615 neces-

185 2625 309 2654 sitatem
339 2631 498 2663 repetitur.
534 2647 571 2651 -
611 2629 698 2660 Pars
723 2632 846 2667 imperii
870 2641 914 2661 sc.
942 2633 973 2660 in

186 2672 392 2703 Molos-siant.
428 2684 510 2710 quae
533 2677 562 2705 ei
588 2678 683 2706 cessit
709 2686 764 2712 per
790 2678 973 2712 privignum

187 2717 382 2747 Molossum.
427 2722 670 2752 Andromachae
711 2727 739 2751 et
777 2724 973 2757 Neoptolemi

185 2760 303 2791 filium.
335 2764 426 2792 cuius
456 2772 537 2796 tutor
566 2773 634 2797 erat
661 2776 680 2797 a
706 2773 795 2803 patre
819 2769 971 2798 constitu-

186 2810 246 2834 tus.
289 2808 334 2835 Cf.
355 2810 451 2839 Paus.
480 2811 508 2841 2.
532 2812 583 2842 23.
612 2813 640 2842 6.

234 2850 307 2880 336.
335 2851 538 2895 ..Pergama
560 2861 737 2893 legendum.
766 2868 828 2888 non
851 2863 883 2887 ut
906 2861 973 2894 ple-

185 2896 273 2931 rique
310 2895 534 2938 pergameum
569 2905 637 2939 (sic
678 2903 974 2945 Pergameamque

187 2944 250 2977 M.)
281 2944 334 2977 ‘1¹¹1
360 2952 413 2978 l‘ssr
437 2945 628 2982 imperitiam
653 2952 750 2980 etiam
774 2954 884 2980 contra
907 2959 973 2980 me-

186 2990 268 3015 trum
292 2989 465 3017 sentiunt-⁵
491 2996 511 3021 S

231 3030 306 3061 337.
335 3032 409 3063 338.
437 3036 482 3066 cf.
510 3016 539 3077 τὲ,
567 3038 642 3070 7:38.

1083 989 1158 1021 339.
1184 995 1286 1022 Mater
1326 1000 1408 1028 quae
1452 992 1553 1021 filium
1591 991 1826 1026 Astyanactem

1037 1039 1207 1067 crudeliter
1230 1046 1361 1068 caesum
1388 1039 1560 1075 amiserat,
1603 1036 1701 1066 facile
1733 1035 1828 1065 remi-

1034 1084 1171 1112 niscitur
1194 1085 1332 1114 Ascanii
1362 1084 1532 1119 aequaevi.
1560 1098 1598 1102 —-
1630 1079 1828 1121 superatne

1035 1129 1159 1165 „vix-it,
1199 1138 1278 1159 sane
1307 1139 1392 1159 nove
1422 1131 1541 1159 dictum
1573 1131 1637 1164 est,
1674 1131 1704 1157 et
1739 1129 1826 1156 caret

1034 1177 1197 1212 exemplo,
1232 1180 1264 1204 ut
1289 1183 1393 1210 pauca
1416 1176 1451 1203 in
1475 1172 1646 1211 Virgilio.“
1673 1175 1705 1201 S.
1758 1169 1826 1200 Su-

1029 1227 1154 1258 perstre
1177 1225 1225 1249 est
1248 1222 1328 1250 idem
1352 1223 1434 1256 quod
1458 1227 1630 1256 superesse
1651 1223 1683 1248 ut
1700 1216 1730 1255 2,
1748 1215 1825 1246 597.

1030 1265 1060 1302 5,
1088 1263 1163 1294 713.
1198 1268 1233 1295 Ε.
1261 1265 1290 1296 9.
1318 1265 1358 1294 27
1388 1268 1524 1306 superet
1546 1261 1646 1293 modo
1678 1261 1827 1292 Mantua

1030 1308 1138 1340 nobis.
1187 1314 1224 1340 In
1248 1321 1346 1347 prosa
1373 1317 1407 1341 ut
1440 1320 1490 1347 ap.
1516 1313 1608 1341 Caes
1633 1310 1697 1338 BG.
1725 1307 1756 1346 6,
1782 1306 1823 1336 19

1030 1358 1106 1385 uter
1144 1365 1259 1386 eorum
1300 1356 1373 1387 vita
1413 1354 1608 1396 superavit,
1655 1352 1702 1383 ad
1748 1362 1824 1403 fflfm

1026 1410 1113 1441 pars
1143 1401 1325 1443 utriusque
1357 1400 1532 1443 pervenit,
1571 1401 1719 1430 adiicitur
1749 1402 1825 1428 vna

1030 1451 1058 1476 et
1086 1448 1130 1476 ita
1153 1449 1295 1477 activam
1313 1450 1457 1484 apertius
1477 1448 1589 1476 retinet
1615 1446 1823 1483 significatio-

1029 1501 1120 1528 nem,
1164 1502 1246 1528 quae
1266 1502 1430 1529 nunquam
1455 1495 1550 1529 plane
1575 1495 1747 1521 obscurata
1770 1492 1824 1520 vi—

1030 1540 1119 1568 detur
1144 1548 1226 1568 esse.
1261 1556 1298 1560 —-
1335 1538 1493 1569 I'escitur
1517 1547 1605 1567 aura
1630 1542 1663 1567 ut
1690 1535 1720 1574 1,
1745 1534 1820 1566 546.

1028 1585 1122 1614 Lucr.
1149 1585 1180 1622 5,
1206 1584 1270 1613 855
1300 1583 1391 1614 vesci
1417 1582 1583 1613 vitalibus
1609 1581 1717 1612 auris.

1075 1628 1150 1659 340.
1177 1639 1274 1670 quem
1307 1628 1370 1661 tibi
1397 1628 1465 1659 iam
1501 1627 1606 1658 Troia
1638 1631 1693 1668 Ἐγ.
1733 1636 1823 1668 quae

1028 1677 1098 1704 MP.
1137 1680 1216 1705 teste
1255 1678 1314 1706 Bb.
1373 1675 1649 1714 „hemistichium‚
1691 1683 1750 1704 nec
1788 1675 1822 1703 in

1028 1729 1125 1750 sensu
1153 1722 1314 1757 plenum.“
1349 1724 1380 1750 S.
1428 1723 1531 1750 Multa
1560 1724 1635 1749 sunt
1664 1721 1698 1749 in
1724 1720 1819 1749 libris

1030 1768 1200 1796 conamina
1231 1770 1270 1796 ad
1303 1769 1496 1803 explendum
1528 1774 1674 1803 versum,
1712 1767 1822 1795 omnia

1029 1813 1074 1841 ita.
1098 1813 1252 1849 infelicia,
1277 1818 1310 1842 ut
1335 1817 1510 1842 memoratu
1536 1813 1634 1848 digna
1658 1820 1720 1841 non
1743 1812 1817 1840 sint.

1028 1859 1067 1886 Et
1105 1859 1271 1887 incassum
1310 1861 1465 1888 sudamus
1505 1859 1538 1887 in
1577 1866 1676 1886 versu
1715 1858 1819 1892 expli-

1029 1905 1138 1932 cand0.
1189 1905 1358 1939 Quaeritur
1387 1910 1508 1941 tamen,
1544 1905 1627 1932 unde
1653 1903 1718 1932 sint
1741 1906 1820 1932 haec

1028 1952 1147 1984 verba,
1186 1959 1283 1979 sensu
1309 1951 1464 1980 carentia.
1512 1950 1564 1978 Ab
1589 1949 1698 1978 atiena
1720 1957 1819 1978 manu

1028 1998 1107 2024 haec
1129 1996 1221 2024 illata
1246 2005 1329 2026 esse.
1356 1997 1429 2031 quis
1453 1997 1612 2025 crederet‘.e
1654 1997 1817 2033 Superest,

1028 2045 1059 2069 ut
1079 2042 1164 2077 Vgl..
1184 2051 1281 2077 quum
1302 2043 1409 2071 statim
1436 2047 1509 2077 apte
1536 2048 1665 2069 versum
1687 2042 1816 2069 conclu-

1028 2088 1100 2115 dere
1124 2095 1184 2115 non
1218 2089 1367 2123 potuerit.
1406 2087 1623 2122 imperfectum
1644 2087 1816 2120 reliquisse

1026 2133 1183 2161 videatur.
1233 2136 1280 2162 Ea
1316 2136 1417 2162 verba
1446 2133 1506 2161 alii
1538 2132 1634 2160 nimis
1666 2131 1816 2167 religiose

1027 2184 1256 2208 servaverunt.
1291 2180 1351 2208 etsi
1382 2179 1452 2207 sine
1472 2180 1538 2206 ullo
1563 2179 1676 2206 damno
1701 2179 1816 2206 abesse

1027 2228 1202 2258 potuerant.
1250 2224 1295 2253 Cf.
1314 2224 1407 2253 infra.

1071 2268 1145 2298 341.
1173 2271 1326 2298 Creusam
1356 2274 1511 2298 mortuam
1536 2276 1608 2297 esse
1632 2268 1814 2296 Androma-

1023 2317 1083 2343 cha
1108 2320 1231 2349 poterat
1254 2316 1318 2343 iam
1340 2316 1454 2343 Troiae
1477 2314 1650 2348 comperire
1672 2322 1713 2342 ex
1736 2314 1813 2342 aliis

1023 2361 1173 2394 captivis.
1222 2363 1333 2395 Itaque
1363 2369 1402 2389 ea
1431 2361 1463 2389 in
1490 2369 1523 2389 re
1547 2361 1640 2388 nulla
1670 2363 1717 2387 est
1752 2359 1813 2387 ‹tif-

1022 2406 1156 2434 ficultas.

1068 2449 1142 2479 3⁴2.
1170 2449 1350 2490 antiquam
1378 2452 1398 2480 i.
1421 2461 1446 2480 e.
1469 2452 1625 2480 maiorum
1652 2447 1811 2478 virtutem

1020 2501 1049 2523 et
1073 2498 1112 2524 ad
1140 2494 1274 2525 animos
1301 2495 1416 2526 viriles
1442 2498 1480 2526 cf.
1507 2496 1536 2531 9.
1561 2494 1620 2524 311
1651 2495 1706 2524 uhi
1730 2496 1812 2523 idem

1020 2542 1184 2571 Ascanius
1204 2545 1284 2570 ante
1307 2551 1417 2572 annos·
1441 2540 1662 2581 animumque
1684 2547 1812 2579 gerens

1022 2595 1209 2626 curamque
1235 2585 1378 2620 virilem.
1416 2585 1468 2619 ΡΙ.
1491 2589 1571 2617 delet
1591 2596 1621 2617 v.
1643 2583 1810 2615 339—43

1021 2640 1039 2661 a
1071 2630 1162 2669 Quid
1184 2641 1272 2672 puer
1295 2649 1338 2652 —
1362 2631 1498 2662 Hector.
1755 2631 1758 2633 ’

1067 2676 1142 2706 343.
1167 2680 1362 2708 Avunculus
1389 2684 1455 2708 erat
1480 2680 1605 2713 Hector.
1628 2678 1657 2707 si
1681 2677 1807 2712 quidem

1021 2724 1145 2752 Creusa
1169 2726 1306 2753 Ascanii
1330 2729 1439 2763 mater,
1464 2733 1554 2754 soror
1575 2728 1639 2753 erat
1663 2723 1806 2752 Hectoris

1020 2769 1057 2798 cf.
1085 2770 1192 2804 Apoll.
1222 2768 1250 2805 3,
1278 2768 1329 2807 12,
1355 2770 1384 2798 5.

1065 2816 1198 2844 Restant
1227 2820 1333 2844 tamen
1367 2816 1449 2844 satis
1479 2822 1615 2851 magnae
1638 2813 1807 2843 difficulta-

1020 2864 1076 2888 tes.
1125 2861 1255 2889 offendit
1283 2862 1364 2890 illud
1400 2863 1514 2890 tamen
1539 2869 1571 2889 v.
1596 2856 1670 2887 341.
1719 2860 1806 2893 Quod

1019 2906 1198 2939 explicant.
1234 2911 1267 2934 ut
1305 2907 1409 2935 dicant
1446 2906 1549 2940 priore
1577 2912 1676 2934 versu
1707 2912 1806 2940 quae-

1019 2959 1087 2979 rere
1113 2952 1256 2980 voluisse
1281 2952 1556 2980 Andromacham.
1582 2959 1657 2979 num
1683 2951 1806 2979 Creusa

1019 2996 1158 3029 viveret.
1209 2998 1264 3026 sed
1299 3006 1340 3025 ex
1367 2997 1470 3033 signis
1501 2996 1644 3024 tristibus
1673 2997 1805 3025 Aeneae

1020 3042 1126 3071 statim
1186 3043 1406 3080 intellexisse,
1472 3049 1543 3071 eam
1598 3050 1669 3071 esse
1722 3049 1806 3072 mor-
