2023 3350
284 163 365 204 262

631 161 667 193 P.
691 160 880 192 VIRGILII
904 160 1113 194 MARONIS
1137 161 1368 195 AENEIDOS
1396 162 1482 193 LIB.
1509 162 1550 193 V.

282 277 392 318 Ecce
428 274 530 316 deus
564 287 730 315 ramum
763 272 952 315 Lethaeo
986 286 1085 315 rore
1120 274 1363 317 madentem

282 334 420 386 Vique
453 335 702 384 soporatum
742 330 891 385 Stygia
926 344 1053 386 super
1087 334 1270 385 utraque
1308 336 1486 386 quassat

1822 333 1905 373 855

281 391 492 443 Tempora
521 388 824 442 cunctantique
861 387 1059 430 natantia
1097 388 1259 430 lumina
1299 390 1438 432 solvit.

281 447 363 488 Vix
393 447 552 500 primos
587 445 761 499 inopina
797 445 917 499 quies
954 446 1176 487 laxaverat
1214 450 1355 488 artus:

280 505 336 546 Et
371 517 498 557 super
533 503 780 545 incumbens
814 516 911 544 cum
939 503 1094 557 puppis
1120 507 1244 557 parte
1274 504 1442 546 revolsa

281 562 470 615 Cumque
507 560 767 614 gubernaclo
807 560 993 615 liquidas
1026 561 1209 614 proiecit
1243 561 1288 602 in
1324 561 1460 604 undas

280 618 562 673 Praecipitem
595 632 645 660 ac
686 619 822 660 socios
857 618 1148 672 nequidquam
1185 632 1311 672 saepe
1342 622 1581 661 vocantem.

1825 620 1909 659 860

279 677 377 730 Ipse
407 675 555 718 volans
590 680 738 718 tenues
772 690 817 717 se
859 676 1033 718 sustulit
1064 677 1150 718 ales
1180 675 1236 718 ad
1268 690 1408 718 auras.

282 734 426 776 Currit
450 734 532 775 iter
571 737 710 775 tutum
751 748 837 775 non
866 734 996 776 setius
1030 747 1216 788 aequore
1253 734 1400 776 classis

279 791 588 844 Promissisque
621 791 758 845 patris
794 791 981 845 Neptuni
1014 791 1211 834 interrita
1245 791 1392 833 fertur.

280 850 456 903 Iamque
487 848 593 890 adeo
635 849 834 903 scopulos
869 849 1065 891 Sirenum
1107 849 1287 891 advecta
1327 848 1512 896 subibat,

280 906 486 949 Difficiles
523 906 756 959 quondam,
789 907 1105 961 multorumque
1143 906 1309 948 ossibus
1337 907 1470 948 albos.

1829 905 1910 944 865

280 965 388 1006 Tum
430 978 562 1006 rauca
596 964 776 1006 adsiduo
813 965 938 1019 longe
973 965 1062 1006 sale
1094 979 1198 1006 saxa
1237 964 1461 1015 sonabant,

283 1024 421 1074 Quum
454 1025 579 1076 pater
613 1022 769 1064 amisso
805 1022 1046 1064 fluitantem
1085 1036 1230 1064 errare
1269 1023 1477 1075 magistro

283 1080 440 1131 Sensit,
477 1083 519 1121 et
550 1080 641 1133 ipse
674 1083 811 1121 ratem
842 1080 1060 1122 nocturnis
1094 1081 1207 1122 rexit
1241 1080 1286 1121 in
1319 1080 1456 1125 undis,

282 1138 422 1180 Multa
457 1151 645 1191 gemens,
684 1151 870 1191 casuque
905 1138 1093 1179 animum
1125 1152 1354 1180 concussus
1391 1136 1543 1179 amici:

284 1196 319 1237 O
356 1195 534 1237 nimium
563 1195 681 1236 caelo
720 1199 762 1237 et
797 1195 950 1249 pelago
993 1194 1149 1237 confise
1187 1209 1348 1247 sereno,

1832 1191 1914 1231 870

283 1253 434 1296 Nudus
471 1252 515 1294 in
550 1252 716 1306 ignota,
750 1252 966 1305 Palinure,
1005 1253 1164 1294 iacebis
1199 1266 1340 1294 arena.

330 1370 407 1400 854.
438 1368 588 1400 Lethaeo
632 1378 709 1399 rore
753 1368 968 1401 madentem.-
1013 1372 1081 1400 Hoc

285 1418 375 1448 fiuxit
396 1421 490 1453 poeta
510 1421 539 1446 et
562 1421 645 1446 recte
666 1417 810 1451 quiderm
838 1425 912 1446 nam
935 1418 1079 1445 Lethaea

288 1471 373 1499 aqua
401 1463 477 1493 facit
515 1463 731 1497 oblivionem,
776 1467 809 1491 ut
832 1466 981 1492 Somnus.
1031 1462 1078 1492 ef.

285 1510 413 1546 virgam
448 1509 598 1538 Mercurii
625 1505 654 1544 4,
691 1505 768 1536 244.
817 1510 965 1538 Imitatus
999 1511 1080 1538 haec

287 1556 345 1585 Sil.
367 1553 418 1592 10,
443 1552 507 1582 354
533 1562 580 1589 sq.
605 1554 680 1583 Val.
704 1555 753 1582 Fi.
778 1551 809 1590 8,
833 1553 886 1584 84.

332 1598 409 1630 855.
434 1598 468 1629 vi
493 1602 694 1640 soporatum
713 1597 844 1640 Stygia
869 1604 988 1638 „morte
1011 1601 1079 1635 ple-

286 1644 396 1676 num“.
423 1648 456 1675 S.

333 1690 409 1721 856.
441 1687 641 1728 Cunctanti,
672 1691 843 1719 reluctanti
872 1695 907 1719 ut
939 1688 976 1727 6,
1004 1687 1079 1720 211.

287 1736 342 1776 12,
383 1735 458 1766 940.
507 1737 599 1766 Omni
631 1736 667 1765 vi
701 1735 824 1765 resistit
853 1744 963 1765 somno
992 1737 1082 1765 Pali-

285 1792 407 1821 nurus,
442 1783 498 1811 sed
521 1782 663 1812 vincitur
688 1789 707 1810 a
734 1782 800 1810 deo,
829 1797 873 1801 —-
917 1779 1082 1810 natantia

288 1827 434 1859 lumina.
483 1829 575 1858 Oculi
610 1832 724 1856 natare
769 1827 918 1857 dicuntur
970 1827 1083 1856 incerti

286 1877 341 1905 vel
365 1883 475 1904 somno
500 1876 553 1903 vel
585 1873 663 1902 vino
702 1874 757 1902 vel
793 1877 891 1903 morte
921 1873 1080 1909 instante3

286 1922 335 1951 sie
362 1928 473 1950 somno
501 1922 535 1948 G.
564 1917 594 1957 4,
620 1917 696 1948 496.
724 1920 783 1947 Ov.
805 1922 848 1947 Μ.
870 1919 902 1955 5,
931 1916 971 1954 71
1002 1927 1081 1947 ocu-

287 1965 331 1997 lis
370 1963 430 1995 sub
468 1967 566 1995 nocte
604 1962 831 2000 natantibus‚·
876 1965 955 1994 vino
985 1966 1079 1994 Lucr.

290 2012 322 2050 3,
347 2010 422 2040 479.
448 2013 508 2040 Ov.
534 2012 568 2039 F.
594 2009 624 2046 6,
651 2008 733 2046 673;
765 2014 865 2040 morte
883 2011 940 2039 Sil.
956 2009 988 2048 2,
1005 2008 1080 2039 122.

287 2074 332 2078 —
355 2054 460 2087 solvit
485 2057 526 2086 cf.
554 2054 585 2093 6,
609 2054 686 2085 422.

335 2101 412 2132 857.
451 2100 516 2132 Vix
550 2103 583 2130 in
611 2102 732 2137 protasi
756 2117 799 2121 —-
823 2103 855 2131 el
887 2102 920 2130 in
947 2101 1082 2137 apodosi

288 2149 319 2187 6,
343 2147 426 2185 4973
454 2146 512 2177 viz·
533 2148 567 2176 in
590 2156 635 2182 pr.
666 2163 704 2167 —
731 2155 797 2187 que
820 2148 854 2176 in
879 2155 931 2183 ap.
952 2146 982 2185 2,
1005 2145 1080 2176 692.

287 2194 319 2232 8,
344 2193 419 2224 520.
448 2191 497 2232 11,
518 2191 608 2228 296;
635 2190 692 2222 vix
717 2193 751 2221 in
775 2197 855 2228 prot.
881 2209 924 2213 ——
947 2194 981 2222 in
1004 2201 1081 2228 apo-

287 2242 358 2271 dosi
390 2241 481 2269 nulla
510 2239 669 2274 particula
694 2237 724 2276 3,
753 2236 795 2267 90
819 2236 877 2268 vix
905 2247 945 2268 ea
979 2238 1082 2276 fatus

288 2295 401 2324 eram,
446 2288 591 2315 tremere
609 2282 726 2314 omnia
749 2281 827 2313 visa
853 2287 1004 2325 repente.
1053 2283 1082 2322 2,

289 2331 366 2362 171.
394 2330 447 2370 10,
475 2329 550 2360 659.
578 2328 631 2368 12,
657 2328 732 2358 650.
759 2332 817 2360 Ov.
845 2333 886 2359 Μ.
917 2329 948 2368 2,
973 2327 1025 2359 47.
1052 2329 1082 2368 3,

293 2378 344 2408 14.
394 2379 431 2413 5,
467 2375 509 2405 67
540 2380 598 2406 etc.
647 2376 695 2406 Cf.
726 2378 779 2405 Gr.
806 2376 838 2412 S.
867 2374 932 2404 417
958 2377 1022 2405 An.
1050 2373 1081 2405 4.

294 2422 359 2454 Vix
378 2437 422 2443 -—
440 2430 544 2463 quum
563 2420 594 2458 3,
619 2420 649 2450 8.
676 2419 760 2456 635;
789 2420 860 2450 ium
887 2422 920 2450 in
946 2422 1081 2460 protasi,

288 2471 321 2499 in
343 2469 479 2504 apodosi
507 2469 600 2497 nulla
622 2468 784 2503 particula
809 2465 885 2496 763.
913 2465 950 2504 9,
976 2465 1051 2496 459.

333 2513 412 2544 858.
435 2522 511 2543 cum
532 2511 663 2553 puppis
685 2515 788 2552 parte
813 2514 874 2541 etc.
889 2521 967 2548 „pro
990 2521 1081 2543 oeco-

287 2562 413 2597 nomia,
452 2564 487 2589 ut
509 2559 611 2588 triduo
637 2562 749 2587 natare
778 2557 951 2593 potuerit.“
983 2560 1015 2588 S.
1039 2559 1080 2588 cf.

288 2606 319 2645 6,
345 2605 420 2636 349.
450 2602 502 2635 Pl.
526 2605 614 2635 eiicit
636 2613 712 2634 curn
734 2601 864 2644 puppis
885 2620 928 2623 —
952 2602 1082 2645 guber-

289 2650 404 2683 nuclo.

334 2696 410 2727 864.
438 2697 591 2733 „Sirenes
616 2696 791 2725 secundum
822 2695 966 2724 fabulam
1001 2699 1079 2732 treS,

288 2749 377 2780 parte
411 2743 556 2779 virgines
594 2742 738 2776 fuerunt,
784 2746 872 2775 parte
913 2743 1072 2778 volucres,

289 2789 426 2819 Acheloi
449 2788 590 2817 fluminis
612 2791 641 2816 et
658 2787 823 2821 Calliopes
848 2795 962 2816 musae
982 2787 1078 2816 filiae.

290 2837 412 2865 Harum
438 2841 503 2863 una
530 2842 626 2869 voce,
651 2834 755 2861 altera
784 2833 889 2869 tibiis,
916 2834 985 2861 alia
1006 2835 1080 2868 lyra

290 2883 435 2911 canebat.
482 2881 520 2908 Et
550 2880 651 2914 primo
686 2879 779 2907 iuxta
803 2880 972 2914 Pelorum,
1009 2884 1080 2913 post

290 2928 321 2955 in
360 2925 534 2961 Caphereis
572 2924 749 2960 [Capreis]
787 2924 908 2953 insulis
950 2925 1078 2954 habita-

291 2977 423 3009 verunt,
464 2978 546 3006 quae
571 2971 698 3000 illectos
729 2978 788 2999 suo
815 2975 912 2999 cantu
937 2971 970 2999 in
996 2977 1077 2998 nau-

291 3017 396 3053 fragia
420 3015 636 3046 deducebant“
662 3013 693 3044 S.

1169 1369 1246 1400 865.
1275 1368 1442 1410 difficiles
1475 1366 1649 1409 quondam
1677 1367 1716 1397 cf.
1740 1368 1833 1395 Hom.
1860 1367 1916 1394 Od.

1126 1415 1187 1454 12,
1221 1415 1274 1446 39.
1323 1419 1391 1446 Non
1419 1419 1513 1452 longe
1544 1423 1565 1444 a
1598 1414 1734 1449 Capreis
1764 1413 1797 1441 in
1833 1413 1915 1440 Pae-

1124 1468 1217 1492 stano
1237 1464 1312 1492 sinu
1337 1467 1403 1492 tres
1423 1463 1572 1491 Sirenum
1596 1460 1723 1495 scopuli
1744 1461 1835 1488 erant
1859 1459 1918 1487 ad-

1126 1517 1243 1538 versus
1267 1509 1519 1544 promontorium
1545 1507 1778 1536 Surrentinum.
1809 1513 1918 1543 qnon-

1127 1552 1209 1584 dam
1234 1555 1256 1583 i.
1281 1563 1307 1583 e.
1328 1555 1463 1590 ulyssis
1497 1558 1525 1583 et
1545 1554 1677 1582 Aeneae
1709 1551 1916 1586 temporibus.

1123 1603 1235 1635 Itaque
1278 1605 1383 1629 monet
1427 1602 1486 1629 hoc
1525 1607 1624 1628 versu
1655 1597 1817 1634 Virgilius
1858 1604 1918 1625 suo

1127 1651 1268 1682 tempore
1292 1648 1443 1681 scopulos
1468 1646 1534 1674 iam
1558 1653 1622 1673 non
1657 1651 1731 1673 esse
1758 1643 1919 1678 periculo·

1124 1701 1191 1721 sos.
1241 1693 1405 1721 Habemus
1432 1692 1531 1728 igitur
1554 1698 1706 1725 versum,
1738 1689 1848 1724 qualis
1871 1691 1920 1717 est

1127 1735 1156 1774 1,
1185 1735 1259 1766 109.
1288 1737 1318 1773 6,
1345 1735 1421 1766 242.

1171 1781 1248 1811 866.
1274 1791 1383 1811 rauca
1421 1778 1593 1811 sonabant
1631 1781 1671 1810 ef.
1711 1778 1747 1817 2,
1785 1778 1840 1810 53.
1874 1796 1920 1801 —

1130 1826 1215 1857 Tum
1255 1826 1442 1863 sonabant,
1483 1835 1586 1866 quum
1620 1823 1744 1855 sensit:
1790 1828 1921 1857 Sonitus

1126 1875 1286 1903 undarum
1311 1875 1351 1902 ad
1375 1875 1526 1908 scopulos
1544 1872 1717 1901 allisarum
1741 1875 1851 1902 tantus
1869 1879 1919 1903 est

1126 1921 1210 1955 iam,
1248 1924 1281 1949 ut
1313 1929 1330 1949 e
1361 1927 1472 1949 somno
1496 1920 1629 1947 Aeneas
1654 1919 1848 1949 excutiatur.
1872 1935 1917 1939 —-

1125 1968 1212 1995 Male
1234 1974 1266 1995 v.
1293 1964 1359 1994 865
1385 1970 1415 1994 et
1441 1962 1505 1993 866
1536 1965 1689 2001 iungunt,
1728 1966 1812 1994 unde
1845 1973 1918 1995 eam

1125 2012 1268 2041 efficiunt
1296 2011 1503 2045 sententiam3
1536 2011 1695 2045 quondam
1719 2010 1740 2038 i.
1765 2019 1792 2040 e.
1817 2012 1920 2048 Ulys-

1125 2058 1174 2087 sis
1198 2062 1339 2093 tempore.
1365 2058 1547 2092 periculosa
1570 2056 1675 2085 fuisse
1699 2063 1800 2093 saxa,
1838 2062 1920 2093 post,

1126 2105 1252 2139 quando
1298 2104 1432 2133 Aeneas
1473 2102 1641 2131 advenerit
1682 2100 1758 2137 (qui
1798 2109 1919 2132 annum

1127 2150 1193 2179 fere
1218 2155 1330 2184 postea
1352 2152 1432 2178 haec
1456 2150 1529 2178 loca
1548 2148 1629 2176 adiit
1652 2146 1692 2177 cf.
1715 2145 1746 2183 3,
1769 2145 1834 2176 612
1849 2149 1918 2184 sq.)

1125 2196 1227 2224 aliam
1250 2195 1391 2232 regionis
1414 2195 1486 2223 eius
1516 2194 1620 2222 fuisse
1650 2196 1809 2222 naturam.
1864 2191 1916 2224 Pl.

1127 2243 1209 2271 delet.
1233 2250 1264 2270 v.
1289 2239 1367 2269 865.
1389 2238 1467 2269 866.

1171 2285 1248 2315 870.
1279 2283 1395 2326 Inquit
1424 2285 1581 2314 omissum
1611 2288 1660 2314 est
1692 2291 1790 2320 saepe
1822 2284 1862 2314 cf.
1887 2283 1919 2321 -1,

1172 2375 1251 2407 871.
1284 2373 1409 2406 Nudus
1434 2376 1457 2404 i.
1482 2385 1510 2405 e.
1536 2376 1729 2413 insepultus,
1753 2383 1816 2404 non
1834 2379 1920 2405 terra

1127 2424 1266 2457 iniecta:
1307 2426 1336 2452 et
1362 2419 1487 2462 ignota
1513 2422 1546 2450 in
1571 2426 1669 2451 terra:
1717 2421 1808 2450 triste
1834 2423 1920 2451 enim

1128 2471 1222 2506 longe
1245 2476 1266 2497 a
1292 2469 1397 2504 patria
1420 2468 1501 2497 mori
1523 2472 1553 2496 et
1583 2468 1689 2498 iacere
1713 2467 1918 2502 insepultum.

1128 2514 1277 2544 Palinuri
1301 2518 1434 2544 mortem
1459 2514 1607 2551 intexuit,
1634 2514 1717 2550 quod
1731 2514 1867 2549 antiqua
1882 2515 1920 2542 de

1127 2561 1199 2589 eius
1226 2564 1325 2590 morte
1356 2561 1443 2589 fama
1474 2564 1562 2596 erat,
1601 2563 1633 2589 et
1671 2560 1918 2594 promontorium

1127 2607 1199 2636 eius
1228 2606 1369 2635 nominis
1395 2614 1490 2641 prope
1521 2608 1632 2635 urbem
1656 2605 1796 2634 Veliam.
1821 2605 1862 2634 cf.
1887 2603 1918 2642 6,

1129 2650 1193 2681 337
1219 2660 1285 2688 sq.;
1333 2653 1436 2681 studet
1467 2656 1575 2681 autem
1598 2651 1673 2688 Vgl.
1698 2658 1755 2679 eas
1789 2651 1919 2679 fabulas

1126 2706 1185 2727 suo
1210 2698 1384 2734 adiungere
1410 2698 1556 2734 carmini,
1582 2697 1628 2725 ita
1652 2698 1673 2725 l.
1698 2694 1756 2725 vt.
1799 2696 1919 2725 Miseni

1120 2745 1131 2771 1
1159 2745 1230 2772 vn.
1247 2744 1378 2772 Caietae
1400 2748 1548 2779 mortem;
1575 2746 1608 2771 ut
1635 2745 1693 2771 hoc
1705 2741 1786 2770 libro
1797 2744 1919 2770 Nauten

1128 2789 1327 2818 memoravit.
1375 2790 1514 2817 Attende
1555 2792 1721 2823 praeterea
1762 2791 1919 2816 mortuum

1126 2844 1198 2864 esse
1219 2835 1422 2871 Palinurum,
1457 2835 1582 2869 quando
1609 2842 1646 2862 eo
1669 2840 1734 2861 non
1758 2832 1824 2861 iani
1851 2838 1920 2862 erat

1128 2889 1220 2916 opus.
1268 2882 1433 2909 Laudatur
1459 2883 1623 2915 praeterea
1662 2878 1737 2907 fides
1773 2882 1803 2907 et
1842 2887 1919 2908 eon-

1126 2927 1245 2955 stantia
1267 2926 1416 2955 Palinuri
1441 2930 1469 2954 et
1500 2926 1574 2954 inde
1598 2925 1748 2953 laudatur
1771 2925 1915 2963 AeneaS,

1126 2973 1176 3001 eui
1210 2974 1293 3001 tales
1326 2975 1403 3000 sunt
1430 2971 1569 3000 ministri
1595 2970 1635 3000 cf.
1666 2967 1744 2998 850.
1782 2986 1825 2990 —
1867 2967 1918 3000 ΡΙ.

1125 3020 1208 3047 delet
1229 3015 1305 3046 870.
1331 3015 1408 3045 871.
