2023 3350
215 233 297 275 Hic
335 233 454 275 aliud
492 234 630 276 maius
668 233 835 276 miseris
869 234 1089 289 multoque
1128 235 1394 278 tremendum

100 290 312 333 Obiicitur
351 291 508 345 magis,
550 295 682 346 atque
713 292 953 346 improvida
986 296 1164 346 pectora
1199 294 1358 337 turbat.

98 349 322 401 Laocoon,
364 348 518 391 ductus
558 350 758 404 Neptuno
800 354 917 392 sorte
959 350 1171 402 sacerdos,

101 406 336 449 Sollemnes
373 410 545 449 taurum
584 408 801 462 ingentem
836 407 1059 450 mactabat
1093 408 1149 450 ad
1184 422 1295 451 aras.

99 464 209 506 Ecce
244 468 388 506 autem
421 465 576 519 gemini
610 480 636 507 a
674 465 842 507 Tenedo
877 466 1114 519 tranquilla
1149 480 1226 520 per
1266 467 1358 510 alta
1391 493 1448 499 —-

99 522 314 564 Horresco
350 522 538 565 referens
583 548 631 553 —-
674 523 889 565 immensis
929 523 1102 565 orbibus
1140 538 1301 578 angues

98 579 358 622 Incumbunt
391 580 567 635 pelago,
613 581 861 635 pariterque
894 582 949 623 ad
985 582 1116 623 litora
1154 582 1352 635 tendunt;

97 638 278 680 Pectora
315 652 499 692 quorum
532 639 646 680 inter
678 639 834 680 fluctus
870 643 1062 690 arrecta,
1102 639 1314 694 iubaeque

99 695 369 750 Sanguineae
404 700 610 750 superant
644 697 799 749 undas,
842 710 944 750 pars
976 701 1146 739 caetera
1178 701 1355 751 pontum

96 753 212 795 Pone
244 753 350 808 legit
383 754 611 808 sinuatque
645 755 853 796 immensa
886 754 1097 796 volumine
1133 759 1277 809 terga,

98 811 168 853 Fit
201 813 366 853 sonitus
409 816 633 866 spumante
669 813 773 854 salo.

99 869 395 923 Ardentesque
437 870 582 912 oculos
619 870 786 912 suffecti
821 870 1026 923 sanguine
1062 874 1104 912 et
1139 870 1228 924 igni

98 925 233 969 Sibila
271 927 521 970 lambebant
550 928 708 982 linguis
745 927 1012 969 vibrantibus
1048 942 1142 979 ora;

98 983 355 1038 Diffugimus
392 986 484 1027 visu
522 999 781 1039 exsangues:
822 984 885 1026 illi
923 985 1092 1037 agmine
1128 988 1246 1026 certo

96 1042 345 1084 Laocoonta
375 1047 539 1096 petunt.

97 1099 291 1153 Corpora
326 1104 526 1142 natorum
564 1114 738 1153 serpens
776 1099 998 1152 amplexus
1038 1104 1220 1152 uterque

709 119 942 154 AENEmos
970 122 1056 154 Lm.
1082 123 1124 154 11.
1685 127 1737 166 77

1654 298 1737 338 200

1654 587 1736 626 205

830 813 1005 866 Iamque
1038 826 1141 854 arva
1172 813 1387 865 tenebant,

1655 874 1737 914 210

599 1043 655 1084 Et
687 1043 872 1097 primum
911 1056 1044 1095 parva
1084 1042 1266 1083 duorum

1654 1161 1735 1199 215

93 1158 295 1212 Implicat
333 1162 374 1199 et
407 1158 584 1199 miseros
626 1172 770 1199 morsu
802 1157 1048 1211 depascitur
1080 1160 1218 1208 artus3

94 1280 165 1310 post
194 1277 366 1304 adventum
397 1278 589 1305 Graecorum
622 1277 772 1305 sacerdos
802 1277 885 1310 Nep-

93 1321 163 1350 tuni
191 1322 352 1357 lapidibus
384 1322 512 1351 occisus
544 1327 607 1356 est,
643 1322 806 1357 quianon
831 1329 886 1349 sa-

92 1367 220 1396 crificiis
256 1376 365 1396 eorum
403 1368 528 1397 vetavit
566 1369 748 1396 adventum.
810 1369 888 1395 Post

93 1414 336 1442 abscedentibus
360 1414 494 1443 Graecis
521 1422 618 1448 quum
641 1415 761 1442 vellent
785 1413 888 1442 sacri-

91 1458 186 1488 ficare
203 1461 356 1494 Neptuno,
380 1460 538 1495 Laocoon,
564 1460 758 1495 Thymbraei
783 1460 885 1494 Apol-

95 1505 175 1533 linis
200 1507 367 1540 sacerdos,
401 1511 485 1534 sorte
510 1507 622 1534 ductus
647 1510 713 1540 est,
749 1510 783 1534 ut
807 1507 888 1534 solet

92 1550 176 1588 fieri,
219 1559 316 1586 quum
353 1552 440 1580 deest
475 1552 625 1581 sacerdos
662 1557 777 1580 certus.
828 1552 888 1580 Hic

90 1597 255 1631 piaculum
302 1597 504 1626 commiserat
553 1602 626 1625 ante
675 1598 887 1626 simulacrum

92 1643 245 1671 numinis.
294 1645 333 1671 Et.
362 1645 400 1671 ob
425 1645 484 1672 hoc
509 1643 667 1672 immissis
694 1643 888 1672 draconibus

91 1696 164 1718 cum
196 1689 266 1718 suis
294 1689 370 1717 tiliis
398 1689 607 1724 interemptus
636 1693 693 1718 est.
743 1689 888 1717 Historia

91 1734 218 1769 quidem
243 1737 300 1764 boc
324 1737 437 1771 habet,
462 1736 517 1763 sed
545 1740 637 1770 poeta
661 1736 888 1770 interpretatur

90 1781 131 1808 ad
171 1781 382 1809 Troianorum
428 1782 687 1811 excusationem.
735 1781 789 1816 qui
828 1784 887 1809 lioc

90 1826 275 1862 ignorantes
309 1827 432 1861 decepti
465 1827 573 1855 sunm*
622 1828 754 1856 Troiani
779 1832 886 1855 autem

90 1878 186 1900 sacra
220 1880 276 1906 per
313 1874 433 1901 bellum
463 1881 522 1907 quo
556 1880 576 1901 a
606 1873 698 1901 litore
739 1873 886 1908 probibe—

92 1919 208 1946 bantur
234 1918 436 1952 intermissa,
472 1919 610 1947 simulac
636 1923 776 1953 potestas
802 1919 887 1948 facta

93 1967 152 1999 est,
175 1967 323 1998 reparant
349 1965 492 1998 Neptuno
517 1965 573 1992 deo
599 1965 739 1993 tutelari.
788 1966 887 1993 Alius

89 2009 257 2044 Apollinis
283 2010 433 2038 sacerdos
460 2010 607 2038 Panthus
634 2014 681 2038 est
707 2009 784 2039 319.
809 2009 885 2039 430.

137 2051 212 2083 199.
239 2051 294 2083 hic
318 2053 435 2091 „tunc⁵‘
461 2057 491 2083 S.
530 2058 589 2085 hoc
618 2060 757 2090 tempore
788 2056 826 2084 cf.
858 2054 885 2093 1,

90 2098 166 2129 728.

137 2144 213 2174 200.
241 2143 458 2185 improuida;
500 2147 581 2174 nihil
624 2148 688 2175 tale
733 2147 885 2175 timentia.

98 2189 182 2233 Wg.
206 2192 342 2227 explic:
382 2194 506 2228 „turbat
536 2193 597 2228 ita,
634 2197 666 2221 ut
696 2193 801 2221 fierent
828 2193 887 2221 im·

90 2238 241 2274 provida,
282 2243 315 2266 ut
345 2239 469 2267 omissa
501 2239 587 2266 omni
619 2239 767 2267 cautione
801 2238 887 2267 face-

90 2288 177 2321 rent,
202 2285 285 2319 quod
306 2284 404 2312 Sinon
430 2285 591 2319 optabat*

135 2328 212 2359 201.
242 2328 343 2359 Sorte
383 2327 527 2365 ductus3
576 2330 645 2366 „sic
690 2331 885 2358 Sallustius:

93 2371 195 2404 Sorte
219 2373 343 2404 ductus
361 2373 456 2414 fusti
485 2375 626 2405 necat.“
658 2378 689 2404 S.
739 2377 814 2404 Tac.
842 2376 883 2404 A.

91 2417 121 2457 1,
146 2420 198 2449 54.
240 2419 291 2458 13,
317 2419 370 2449 29.
396 2421 464 2450 alii.
511 2421 558 2451 Cf.
584 2422 615 2459 5,
643 2419 718 2451 498.

140 2474 216 2505 202.
247 2474 436 2507 Sollemnes
464 2486 548 2507 arae
580 2484 670 2516 sunt,
709 2479 742 2507 in
772 2479 888 2514 quibus

92 2529 190 2552 sacra
218 2522 296 2551 fiunt
329 2527 411 2552 certo
444 2528 582 2559 tempore
615 2525 653 2554 cf.
685 2526 745 2554 Ov.
772 2526 812 2553 A.
844 2525 885 2552 A.

94 2567 120 2605 1,
152 2566 213 2596 1:33
240 2565 421 2597 sollemnia
445 2566 593 2599 theatra.

136 2623 212 2653 203.
238 2621 390 2664 gemini.-
426 2627 508 2662 „duo
534 2632 565 2655 et
589 2626 736 2656 similes-‘⁴
772 2630 803 2656 S.
847 2628 886 2657 cf.

88 2672 130 2700 ad
160 2669 186 2706 l,
216 2668 288 2699 162.
318 2685 356 2690 —
390 2669 584 2710 tranquilla
610 2670 704 2702 alta.-
735 2674 781 2702 De
807 2675 886 2702 duo—

89 2720 150 2746 bus
174 2716 346 2746 adiectivis
376 2717 421 2745 ita
452 2718 649 2755 coniunctis,
689 2723 723 2747 ut
748 2721 886 2748 alterum

89 2763 132 2792 sit
155 2762 407 2798 substantivum,
434 2762 473 2791 cf.
500 2760 532 2800 7,
557 2762 633 2792 562.
663 2779 701 2783 -
730 2762 815 2794 Alta
841 2767 886 2800 pl.

92 2809 142 2838 sic
167 2806 198 2846 7,
226 2806 302 2836 362.
338 2806 369 2845 8,
391 2806 466 2836 691.

135 2863 212 2894 205.
238 2862 444 2895 Incumbunt
482 2869 570 2894 notat
602 2867 775 2896 draconum
817 2878 885 2898 mo-

87 2913 152 2940 lem
180 2916 210 2940 et
234 2912 504 2947 magnitudinem3
546 2912 584 2941 cf.
617 2914 675 2942 Ov.
700 2916 742 2942 M.
770 2913 799 2949 3,
825 2913 883 2944 41:

91 2954 156 2986 Ille
174 2954 381 2986 volubilibus
401 2966 600 2997 squamosos
623 2956 765 2988 nexibus
789 2958 885 2989 orbes

88 3004 224 3042 torquet
262 3005 295 3032 et
329 3000 493 3032 immenso
529 3001 621 3032 saltu
655 3002 817 3034 simaatur
848 3004 883 3035 ἰη

88 3055 202 3077 arcus.
237 3052 266 3077 et
289 3049 363 3077 Val.
391 3050 437 3077 ΕΙ.
467 3047 497 3087 2,
525 3048 590 3077 500
616 3058 662 3085 sq.
692 3051 746 3079 ubi
771 3053 882 3081 draco-

933 1283 1005 1304 nem
1036 1275 1195 1304 marinum
1221 1275 1388 1312 describit,
1420 1276 1475 1311 qui
1498 1276 1661 1306 Hesionen
1687 1283 1736 1307 est

933 1322 1157 1350 devoraturus.

980 1365 1056 1395 207.
1083 1369 1250 1406 supeant
1281 1369 1361 1395 Mss.
1387 1367 1531 1403 plerique
1563 1384 1600 1388 —
1635 1378 1736 1398 essu-

933 1415 1061 1452 pertmt
1084 1414 1161 1441 Edd.
1188 1415 1307 1442 multae
1326 1418 1396 1448 post
1414 1414 1578 1443 Aldinam.
1598 1430 1636 1434 ——
1667 1414 1735 1444 Su-

932 1466 1057 1498 perare
1092 1456 1207 1488 undas
1238 1460 1258 1487 i.
1287 1468 1313 1487 e.
1352 1460 1491 1488 eminere
1525 1469 1567 1489 ex
1603 1461 1641 1490 cf.
1674 1464 1733 1491 ΟΥ.

934 1507 1007 1533 Met.
1037 1502 1063 1542 l,
1089 1502 1153 1532 317
1184 1504 1402 1544 Superutque
1427 1505 1605 1535 cacumine
1627 1505 1735 1537 nubes

939 1547 1130 1579 Parnasus.
1173 1550 1220 1579 Cf.
1245 1548 1321 1579 219.
1367 1548 1416 1579 Pl.
1440 1552 1521 1580 coni.
1547 1558 1735 1591 super11nl3

934 1593 1076 1625 undans
1108 1605 1141 1636 p.
1168 1605 1194 1625 c.
1220 1605 1255 1636 p.
1278 1605 1312 1636 p.
1340 1594 1361 1625 l.
1388 1605 1412 1626 s.
1445 1595 1480 1626 iu
1511 1595 1607 1627 mille
1635 1597 1734 1628 volu—

934 1639 1030 1671 mina
1057 1644 1172 1683 terga.
1197 1657 1242 1662 —
1273 1639 1395 1671 Cetera
1417 1643 1465 1672 sic
1489 1640 1542 1680 12,
1566 1643 1619 1673 40.
1665 1646 1732 1674 Ra-

935 1696 991 1716 rus
1023 1690 1193 1717 admodum
1229 1689 1259 1716 is
1303 1689 1499 1726 singularis,
1537 1698 1732 1726 quamquam

937 1739 1064 1762 amatus
1090 1742 1110 1763 a
1135 1734 1301 1763 Sallustio.
1346 1735 1392 1763 Cf.
1420 1736 1489 1764 Cat.
1518 1734 1570 1764 13.
1598 1735 1651 1765 23.
1678 1736 1731 1767 51.

934 1779 987 1808 59.
1013 1782 1079 1816 lug.
1108 1778 1160 1808 61.
1193 1778 1246 1808 92.
1274 1785 1303 1808 et
1328 1781 1401 1809 Liv.
1426 1786 1483 1810 cet.

983 1824 1058 1855 2⁰5.
1089 1823 1181 1855 Pone
1204 1827 1403 1865 adverbium,
1434 1835 1454 1855 a
1476 1832 1573 1865 tergo,
1599 1833 1632 1857 ut
1654 1827 1730 1859 725.

938 1870 994 1906 10,
1022 1871 1085 1900 226
1115 1880 1204 1912 pone
1237 1880 1392 1911 sequens.
1441 1873 1488 1902 Cf.
1520 1876 1571 1902 Gr.
1604 1875 1626 1909 ἕ
1655 1873 1731 1904 345.

936 1933 974 1937 —-
1008 1915 1111 1958 Legit
1142 1922 1270 1953 pontum
1304 1919 1324 1946 i.
1351 1928 1377 1947 e.
1411 1919 1443 1947 in
1469 1920 1636 1955 superficie
1660 1930 1733 1956 per-

934 1964 1067 1997 labitur:
1105 1964 1153 1993 sic
1182 1972 1290 1993 naves
1314 1972 1411 1993 mare
1438 1962 1563 2005 legunt
1593 1965 1628 2003 3,
1658 1964 1731 1997 127.

937 2025 974 2029 —
1003 2008 1121 2038 sinuat
1146 2012 1188 2038 Μ.
1216 2012 1258 2038 al.
1289 2026 1326 2029 —
1361 2008 1523 2047 sinuant,
1549 2017 1584 2040 ut
1605 2013 1732 2042 videtur

933 2057 1051 2089 plures.
1072 2071 1110 2074 —
1137 2056 1299 2084 Usitatius
1322 2061 1371 2085 est.
1394 2057 1514 2086 dicere:
1539 2066 1624 2097 pars
1643 2057 1733 2099 legit

934 2098 1081 2129 sinuans
1104 2105 1160 2129 aut
1183 2110 1267 2140 pars
1294 2121 1304 2130 .
1322 2122 1330 2130 .
1358 2099 1480 2142 legens
1504 2101 1640 2140 sinuat,
1681 2098 1732 2134 al-

934 2150 1000 2174 tero
1024 2147 1117 2174 alteri
1139 2147 1326 2183 subiuncto;
1347 2155 1412 2176 non
1434 2153 1468 2177 ut
1490 2151 1520 2177 h.
1546 2151 1567 2178 l.
1593 2154 1642 2179 est
1669 2152 1727 2180 ad-

935 2191 1052 2219 iuncto.
1102 2191 1149 2220 Cf.
1174 2190 1204 2227 8,
1233 2190 1307 2220 125.

981 2235 1056 2265 210.
1084 2233 1199 2265 oculos
1236 2244 1302 2266 acc.
1339 2246 1443 2273 graec.
1483 2245 1517 2268 ut
1548 2238 1623 2269 219.
1652 2240 1728 2270 221.

935 2282 981 2311 Cf.
1012 2280 1088 2311 273.
1118 2298 1155 2301 —
1187 2283 1239 2310 Ad
1261 2291 1374 2312 vocem
1400 2281 1566 2323 suffectus
1591 2286 1630 2315 cf.
1655 2291 1731 2320 su!-

929 2326 1027 2365 fecta
1054 2326 1121 2357 leto
1146 2326 1279 2356 lumina
1307 2329 1381 2357 Val.
1407 2331 1453 2357 ΕΙ.
1485 2328 1512 2367 1,
1538 2329 1623 2361 821,
1654 2341 1730 2361 ma-

935 2371 1022 2402 culis
1048 2371 1194 2412 suffecta
1222 2382 1334 2413 genas
1366 2372 1395 2405 2.
1425 2373 1497 2404 105.
1523 2392 1561 2396 -
1591 2378 1631 2406 Ut
1656 2380 1731 2407 dra-

936 2420 1089 2453 conibus,
1133 2419 1180 2448 sic
1207 2426 1284 2453 apro
1305 2421 1484 2456 Calydonio
1511 2424 1670 2459 sanguine
1700 2429 1731 2453 et.

936 2466 1010 2500 igne
1031 2466 1150 2494 micant
1172 2466 1255 2494 oculi
1279 2473 1329 2500 ap.
1357 2468 1415 2494 ΟΥ.
1442 2469 1484 2494 Μ.
1511 2466 1541 2502 S,
1562 2466 1636 2497 284.
1679 2471 1730 2499 Ita

935 2512 1116 2540 furibundis
1149 2516 1223 2540 sunt
1255 2512 1454 2548 sanguineae
1483 2513 1571 2542 acies
1596 2512 1626 2551 4,
1653 2513 1728 2545 643.

935 2555 966 2591 7,
1000 2556 1074 2585 339.

982 2602 1056 2632 211.
1087 2599 1200 2631 sibila
1234 2603 1430 2632 adiectivum
1457 2608 1505 2632 est
1534 2609 1568 2633 ut
1592 2606 1623 2642 5,
1651 2604 1727 2636 277.

935 2652 969 2678 G.
999 2648 1028 2683 3,
1048 2647 1124 2677 421.

979 2705 1054 2734 212.
1084 2705 1218 2746 Agmcn
1244 2706 1282 2734 de
1303 2710 1387 2734 motu
1412 2707 1578 2736 incedendi
1601 2709 1727 2738 'dicitur

932 2752 970 2781 cf.
1002 2752 1033 2786 5,
1061 2750 1136 2780 211.
1167 2755 1195 2779 et
1228 2753 1256 2779 h.
1283 2753 1303 2779 l.
1331 2752 1362 2787 5,
1384 2750 1436 2780 90.
1480 2755 1515 2781 G.
1543 2752 1573 2791 3,
1600 2753 1664 2783 423
1689 2757 1727 2784 de

932 2799 1032 2833 spiris
1056 2803 1085 2827 et
1106 2797 1324 2826 voluminibus
1349 2799 1554 2834 serpentium.

979 2853 1054 2884 214.
1081 2861 1225 2894 corpora
1249 2856 1413 2884 natorum
1437 2856 1475 2885 cf.
1501 2853 1532 2895 4,
1559 2855 1632 2886 132.

978 2910 1054 2941 215.
1086 2909 1267 2951 Ιηιρὶἰεανε
1302 2912 1465 2946 proprium
1499 2915 1536 2943 de
1571 2916 1726 2949 serpenti-

931 2961 1006 2995 bus,
1042 2958 1080 2987 cf.
1113 2959 1171 2986 Ov.
1197 2959 1239 2985 M.
1270 2953 1299 2994 4,
1325 2955 1400 2987 364.
1437 2975 1474 2978 —
1513 2957 1725 2999 Depascitur

930 3004 969 3033 cf.
1003 3006 1038 3033 G.
1071 3002 1106 3041 3,
1134 3001 1198 3031 458
1238 3002 1344 3033 Anus
1379 3001 1580 3044 depascitur
1621 3004 1725 3035 arida

923 3048 1046 3088 febris.
