2023 3350
658 86 892 120 AENEIDOS
919 89 1005 120 LIB.
1030 89 1106 121 XII.

75 204 360 256 Craterasque
402 200 606 252 focosque
641 199 797 242 ferunt.

857 201 983 253 Fugit
1015 201 1106 254 ipse
1142 201 1319 244 Latinus

75 259 274 302 Pulsatos
309 258 494 301 referens
528 256 685 298 infecto
719 257 890 299 foedere
924 258 1054 300 divos.

75 317 299 359 Infrenant
337 316 410 357 alii
445 328 612 366 curruS,
652 318 728 356 aut
764 329 945 369 corpora
979 316 1092 357 saltu

77 374 318 417 Subiiciunt
352 373 396 414 in
427 385 582 425 equo3,
616 375 659 413 et
698 374 857 414 strictis
899 373 1068 414 ensibus
1102 373 1270 415 adsunt.

75 432 295 486 Messapus
327 443 470 482 regem
504 430 703 483 regisque
735 431 902 484 insigne
936 435 1152 484 gerentem

75 489 337 544 Tyrrhenum
367 486 588 537 Aulesten,
626 488 774 530 avidus
812 487 1069 529 confundere
1105 487 1267 540 foedus,

73 546 260 589 Adverso
298 548 514 598 proterret
548 559 674 598 equo,
714 547 800 587 ruit
837 545 910 587 ille
941 545 1152 596 recedens,

75 605 132 646 Et
165 603 293 644 miser
328 603 535 656 oppositis
574 616 599 643 a
632 607 752 657 tergo
789 603 1018 644 involvitur
1051 603 1138 644 aris

73 661 125 702 In
165 664 295 714 caput
330 660 458 714 inque
494 660 705 702 humeros.

764 662 821 702 At
854 660 1041 702 fervidus
1074 659 1246 701 advolat
1283 659 1411 702 hasta

73 718 314 772 Messapus,
350 718 523 772 teloque
560 722 755 760 orantem
792 718 927 759 multa
962 717 1121 759 trabali

116 853 195 883 235.
230 852 393 884 Crateras
410 853 579 895 focosque
600 853 733 892 ferunt.
751 854 865 890 Quivis

73 902 158 934 quod
186 901 332 935 proxime
360 903 467 930 adstat
492 901 612 937 arripit,
637 907 664 929 et
691 902 735 929 ita
757 908 866 929 arma-

72 952 125 974 tus
153 954 292 981 pugnam
319 948 393 975 ciet.
416 963 458 966 —
480 945 577 986 fugit
605 945 677 986 ipse
696 944 866 975 Latinus.-

72 994 178 1021 Tanta
190 998 237 1020 est
257 994 396 1021 omnium
412 993 620 1027 perturbatio,
642 998 751 1021 tantus
770 994 867 1020 ardor

74 1039 251 1075 pugnandi,
292 1044 321 1067 ut
361 1047 400 1066 ne
438 1047 497 1066 rex
540 1039 668 1072 quidem
706 1045 724 1067 a
758 1037 865 1066 furore

74 1091 209 1112 suorum
235 1090 322 1112 tutus
350 1085 409 1119 sit,
448 1093 489 1112 ne
515 1085 646 1112 deorum
670 1085 796 1118 quidem
820 1084 865 1112 si-

71 1131 218 1158 mulacra
244 1130 370 1164 possint
396 1129 533 1158 defendi.
583 1131 654 1159 Liv.
683 1129 711 1164 l,
734 1130 754 1157 9
778 1127 865 1158 'l'ur-

72 1173 151 1203 bato
174 1183 235 1212 per
262 1179 386 1204 metum
416 1173 549 1203 ludicro
575 1173 787 1214 profugiunt
814 1173 867 1203 iri--

71 1223 232 1250 cusantes
256 1219 381 1250 violati
402 1218 545 1261 hospitii
569 1219 710 1258 foedus,
747 1219 865 1249 (leum-

71 1274 136 1306 que
159 1270 372 1296 invocantes.

117 1311 195 1341 286.
219 1311 382 1352 pul-atos
405 1312 581 1347 ..κ-1013103,
613 1313 727 1340 laesos
750 1310 864 1339 fractis

71 1356 296 1387 foederibus.“
321 1362 352 1387 S.
403 1358 452 1386 Dii
479 1358 533 1392 qui
563 1364 677 1392 pacem
708 1358 864 1384 volebant

72 1405 283 1440 constituere,
298 1405 404 1433 subito
425 1403 634 1438 pugnantium
650 1402 760 1430 furore
771 1402 865 1435 quasi

73 1452 275 1484 repelluntur
299 1456 328 1478 et
359 1450 472 1484 fugere
500 1454 668 1483 coguntur.
711 1449 756 1476 lta
783 1446 866 1480 1,68

71 1493 155 1525 victi
174 1497 330 1535 penatee.
371 1496 509 1523 Latinus
531 1500 638 1522 autem
663 1494 736 1528 ipsa
763 1494 866 1521 simu—

71 1543 163 1570 lacra
189 1542 318 1570 videtur
341 1541 512 1576 attulisse,
557 1545 588 1567 111
613 1539 737 1567 foederi
766 1539 865 1567 inter-

71 1592 197 1616 essent.
251 1584 302 1616 Pl.
347 1588 497 1615 emendat
548 1581 686 1614 Polluta
731 1586 864 1613 testans

69 1630 221 1662 violatos
245 1630 393 1670 foedere
420 1630 518 1660 divos
544 1633 600 1660 vel
626 1630 673 1666 (l)
707 1627 864 1659 Pollutos

71 1680 204 1708 testans
228 1677 373 1712 confuso
395 1674 537 1715 foedere
561 1674 670 1705 diuos.

116 1723 193 1753 287.
220 1721 402 1761 Infrenant
427 1730 566 1754 currus,
604 1730 653 1752 sc.
676 1722 769 1755 equis
794 1722 866 1750 iun-

72 1775 144 1800 ctos
171 1770 212 1799 cf.
240 1777 273 1798 v.
297 1769 378 1805 35⁴),
413 1769 456 1797 ‘ua
480 1769 511 1803 7,
541 1767 602 1795 163
627 1764 868 1805 domitantque

71 1813 109 1845 in
136 1813 237 1845 litore
261 1823 382 1844 currus
408 1819 437 1842 et
466 1816 502 1843 G.
525 1812 551 1848 l,
577 1811 643 1841 514
667 1821 777 1852 neque
804 1821 867 1840 au-

76 1859 128 1891 dit
169 1869 291 1890 currus
332 1857 498 1890 habenas.
546 1860 658 1887 claud.
693 1860 731 1887 de
768 1859 867 1887 Cons.

72 1909 161 1937 Mali.
200 1908 321 1936 Tlieod.
367 1904 425 1934 187
467 1902 621 1945 aurigae
658 1913 726 1933 non
767 1902 868 1932 audit

72 1951 216 1983 verbera
242 1960 372 1980 currus.
423 1953 563 1979 Maxime
590 1951 753 1979 notandus
781 1952 816 1979 G.
837 1949 867 1985 3,

71 1997 137 2028 268
178 1996 306 2028 Glauci
350 1995 536 2026 Potniades
574 1994 678 2024 matis
718 1993 867 2024 membra

72 2043 271 2074 absumsere
284 2040 496 2083 quadrigae.
514 2045 752 2076 Nonnunquam
769 2042 866 2070 etiam

74 2091 168 2126 equis
199 2090 355 2126 tribuitur,
389 2090 473 2123 quod
507 2088 642 2123 propius
671 2089 710 2116 ad
737 2096 864 2117 currum

73 2137 223 2174 pertinet,
250 2141 281 2164 ut
309 2143 338 2164 v.
366 2134 430 2163 736
457 2131 590 2163 iunctos
619 2130 867 2163 conscendebat

74 2190 190 2222 equos.
226 2197 264 2202 ——
307 2181 464 2210 Curribus
490 2184 646 2208 certatum
673 2188 751 2208 esse
780 2181 865 2207 bello

75 2228 218 2258 Troiano
238 2229 398 2257 Homerus
424 2230 626 2255 narraverat.
663 2227 777 2260 Itaque
792 2226 866 2254 Vir-

75 2274 175 2310 gilius
200 2275 232 2302 in
249 2274 305 2302 illo
334 2278 479 2308 tempore
507 2272 723 2300 describendo
751 2279 865 2300 currus

75 2324 233 2349 memorat
251 2319 392 2349 Achillis
416 2315 442 2355 1,
468 2317 543 2347 468.
575 2317 624 2354 10,
644 2316 720 2346 581.
746 2319 867 2346 Hecto-

75 2366 122 2395 ris
150 2364 178 2402 1,
205 2362 281 2394 486.
316 2365 415 2394 Troili
446 2363 472 2400 l,
505 2361 582 2392 476.
620 2364 708 2392 Idaei
734 2363 765 2399 6,
790 2362 867 2392 485.

76 2412 282 2446 antiquorum
319 2411 532 2440 Troianorum
570 2409 600 2446 6,
639 2409 715 2438 651.
753 2414 780 2438 et
817 2409 868 2437 dei

77 2457 192 2487 Martis
215 2456 247 2493 8,
276 2454 351 2485 433.
395 2472 439 2475 —
483 2457 547 2485 Sed
580 2457 734 2484 [talorum
771 2455 868 2483 etiam

79 2511 196 2533 currus
210 2502 364 2537 Virgilius
390 2501 592 2536 memoravit,
618 2509 752 2536 quorum
773 2508 869 2536 quum

79 2549 111 2579 in
163 2549 287 2584 proelio
331 2548 418 2582 apud
462 2549 629 2576 Romanos
676 2555 759 2576 usus
804 2555 870 2575 non

81 2595 188 2630 fuerit,
213 2602 256 2622 ex
278 2593 410 2622 Homeri
434 2601 493 2622 eos
518 2593 693 2622 imitatione
721 2594 760 2622 ad
786 2593 869 2622 alias

79 2645 196 2676 gentes
227 2639 439 2668 transtulisse
473 2638 570 2667 facile
608 2639 680 2673 quis
719 2643 750 2667 ut
784 2642 871 2674 putet

81 2687 270 2716 adducetur.
318 2686 357 2714 At
383 2684 552 2718 Virgilium
575 2693 639 2713 non
670 2690 790 2714 temere
818 2692 871 2713 se-

80 2733 137 2768 qui
160 2730 291 2761 Homeri
310 2729 462 2766 vestigia,
484 2730 542 2758 sed
569 2731 750 2759 Romanum
781 2738 868 2759 sem-

80 2786 141 2815 per
152 2784 272 2807 morem
286 2778 500 2812 observasse,
522 2775 585 2804 iam
598 2777 733 2811 saepius
749 2778 866 2805 dictum

83 2828 144 2854 est.
192 2826 304 2857 Neque
329 2827 449 2850 temere
473 2823 536 2849 hac
564 2829 637 2849 eum
674 2822 705 2850 in
731 2830 766 2850 re
793 2829 869 2850 ver-

83 2874 192 2900 satum
236 2875 315 2897 esse
353 2869 458 2902 docet,
494 2867 578 2901 quod
614 2874 712 2901 quum
751 2875 868 2896 currus

82 2915 269 2945 attribueret
292 2917 322 2942 et
345 2912 533 2942 Latinorum
558 2912 735 2941 maioribus
747 2913 779 2951 7,
805 2910 870 2942 163

85 2964 117 2990 et
149 2960 277 2996 populis
317 2961 356 2989 ab
386 2958 453 2987 illis
492 2957 657 2992 superatis
681 2957 712 2993 7,
751 2955 815 2987 184
839 2961 869 2985 et

85 3008 193 3036 Turno
225 3002 278 3044 10,
305 3002 382 3034 440.
413 3000 467 3042 12,
492 3001 569 3033 327.
590 3001 666 3033 329.
691 3002 768 3032 355.
791 3002 872 3032 370.

911 853 988 883 372.
1013 853 1089 883 478.
1114 852 1279 882 485.511.
1296 851 1370 882 664.
1387 852 1464 884 681.
1484 852 1560 884 918.
1587 855 1701 891 [bigae

915 900 965 937 12,
1003 899 1086 935 164)
1125 900 1262 934 eiusque
1304 900 1406 929 sociis
1442 901 1473 937 9,
1530 899 1580 929 12.
1625 899 1701 938 317,

913 952 943 974 111
984 946 1146 975 Aventino
1187 945 1216 983 7,
1258 944 1335 973 655.
1384 948 1507 975 Haleso
1548 948 1576 976 7.
1623 944 1700 975 724.

911 992 1020 1020 Virbio
1063 989 1092 1020 7.
1131 990 1205 1020 782.
1254 993 1398 1020 Rhoeteo
1434 992 1484 1029 10,
1521 990 1598 1020 399.
1646 993 1702 1021 si-

914 1040 1017 1072 phaeo
1047 1036 1097 1074 10,
1121 1036 1196 1065 571.
1222 1038 1355 1072 Lucago
1384 1037 1435 1075 10,
1454 1037 1530 1074 575,
1557 1046 1616 1066 eos
1641 1046 1702 1067 nec

913 1084 1064 1112 Troianis
1086 1083 1170 1111 dedit
1198 1091 1303 1116 neque
1344 1083 1402 1119 iiS‚
1441 1084 1495 1118 qui
1527 1092 1638 1112 eorum
1670 1084 1702 1112 111

912 1129 1036 1158 auxilio
1064 1134 1165 1157 erant.
1215 1130 1294 1157 Nam
1328 1130 1380 1162 qui
1406 1130 1565 1158 Pallantis
1588 1130 1704 1158 dicitur

912 1183 1030 1203 currus
1067 1175 1115 1209 ll,
1148 1174 1202 1210 228,
1240 1174 1267 1203 is
1307 1180 1357 1203 est
1393 1180 1525 1210 ereptus
1562 1176 1703 1204 Rutulis.

913 1222 959 1248 De
1001 1228 1151 1249 curruum
1187 1221 1272 1255 apud
1304 1221 1472 1250 Romanos
1519 1229 1578 1249 usu
1618 1228 1703 1255 quae

911 1268 973 1294 buc
1010 1266 1199 1300 pertineant.
1242 1273 1348 1300 pauca
1392 1272 1513 1296 tantum
1558 1267 1702 1301 proferre

912 1319 1102 1346 possumus
1136 1312 1321 1346 Quadrieae
1343 1318 1433 1341 erant
1454 1313 1485 1341 in
1511 1313 1599 1346 regis
1619 1312 1705 1341 Tulli

911 1357 1056 1385 exercitu
1078 1357 1119 1385 cf.
1144 1357 1175 1390 8,
1201 1356 1284 1391 64·2;
1310 1363 1426 1391 postea
1454 1358 1508 1392 qui
1525 1358 1706 1393 triumpha⁴

914 1404 986 1430 bant
1015 1403 1181 1436 quadrigis
1207 1402 1460 1438 invehebantur;
1499 1408 1527 1431 et
1557 1404 1609 1437 qui
1635 1407 1702 1432 erat

913 1448 1142 1481 quadrigarum
1182 1448 1212 1475 in
1243 1448 1329 1476 ludis
1369 1456 1450 1476 usus
1494 1449 1566 1477 sine
1607 1449 1703 1477 dubio

912 1494 1090 1527 antiquitus
1123 1496 1293 1528 spectabat
1322 1495 1360 1523 ad
1386 1494 1462 1522 belli
1494 1495 1705 1523 exercitatio-

912 1547 995 1568 nem.
1044 1540 1096 1568 Sic
1126 1540 1290 1573 quadrigis
1322 1542 1489 1568 certabant
1525 1541 1702 1569 venientes

912 1585 951 1614 cf.
983 1587 1066 1614 Plut.
1087 1587 1177 1613 punt.
1208 1584 1257 1613 t3.
1287 1586 1333 1613 ΡΙ.
1361 1587 1427 1614 NH.
1450 1586 1480 1614 8.
1504 1585 1556 1614 65.
1583 1589 1704 1615 Festus

911 1639 938 1660 s.
977 1639 1007 1659 v.
1039 1628 1252 1667 Ratumena,
1296 1635 1325 1658 et
1364 1632 1504 1660 Romani
1544 1632 1576 1660 in
1616 1633 1705 1661 circo

913 1677 1006 1705 Dion.
1028 1677 1059 1706 7.
1084 1676 1155 1711 72.;
1182 1682 1209 1704 et
1225 1677 1383 1712 quadriga
1405 1678 1512 1706 fictilis
1538 1683 1606 1706 erat
1623 1678 1705 1706 inter

913 1728 1039 1756 septem
1057 1722 1190 1756 pignora
1218 1722 1354 1758 imperii,
1378 1731 1461 1757 quae
1485 1724 1516 1751 in
1533 1724 1704 1752 Servianis

913 1773 1134 1796 memorantur
1155 1769 1193 1796 ad
1221 1768 1250 1800 7,
1279 1767 1353 1797 188.
1398 1771 1475 1796 Sunt
1505 1776 1562 1797 ea:
1588 1771 1703 1806 „Acus

914 1814 1026 1842 matris
1057 1815 1166 1849 deum,
1208 1815 1365 1848 quadriga
1400 1814 1505 1842 fictilis
1540 1816 1705 1852 Veiorum,

913 1861 1042 1888 cineres
1070 1860 1196 1887 orestis
1223 1858 1282 1894 (ἔ).
1307 1866 1471 1894 sceptrum
1489 1861 1618 1896 Priami,
1645 1868 1705 1889 ve·-

913 1907 978 1934 lum
1006 1906 1136 1939 stiones,
1163 1906 1355 1940 Palladium,
1378 1906 1533 1936 ancilia.“

960 1960 1034 1991 28².
1059 1959 1246 1991 subiiciunt
1272 1960 1304 1990 in
1328 1971 1443 2002 equos,
1484 1971 1636 1992 ..sursum
1657 1964 1706 1992 ia-

914 2008 1034 2038 ciunt.“
1083 2010 1161 2036 Non.
1195 2016 1223 2042 p.
1253 2006 1328 2036 3⁸07.
1377 2011 1425 2037 Ita
1458 2010 1524 2038 Ecl.
1564 2008 1613 2045 to,
1649 2008 1703 2039 7⁴.

914 2056 949 2083 G.
976 2052 1006 2087 3,
1029 2051 1104 2081 241.
1131 2051 1161 2089 4,
1189 2052 1251 2081 385
1284 2052 1349 2082 'I'er
1372 2052 1514 2090 flamma
1542 2053 1588 2083 ad
1615 2064 1707 2084 surn-

914 2108 1003 2128 mum
1031 2097 1112 2128 tecti
1136 2096 1288 2128 subiecta
1305 2097 1442 2130 reluxit.
1468 2100 1514 2129 cf.
1536 2099 1709 2141 suspicere

916 2145 943 2178 1,
971 2144 1046 2175 438.
1074 2143 1274 2174 subvolvere
1300 2144 1326 2181 1,
1353 2144 1427 2174 424.
1450 2147 1572 2181 Stapiis
1599 2153 1705 2176 autem

914 2192 1053 2220 Romani
1077 2200 1139 2220 non
1168 2194 1347 2220 utebantur.
1389 2207 1425 2212 —
1466 2193 1533 2220 Aut
1557 2194 1706 2222 curribus

913 2242 967 2267 aut
992 2238 1083 2272 equis
1115 2242 1170 2266 aut
1206 2238 1338 2273 pedibus
1373 2238 1406 2266 in
1439 2243 1598 2268 certamen
1631 2248 1705 2274 pro-

913 2289 1054 2314 currunt.
1090 2299 1126 2303 —
1162 2282 1325 2323 regisque
1349 2281 1488 2324 insigne
1513 2288 1705 2324 gerentem,

913 2336 945 2359 ut
970 2330 1088 2359 erroris
1110 2338 1171 2358 non
1198 2335 1281 2358 esset
1299 2330 1476 2358 excusatio.
1507 2345 1543 2350 —-
1575 2329 1706 2361 adsunt

915 2376 986 2405 sind
1012 2376 1117 2412 gleicb
1143 2375 1193 2404 bei
1217 2377 1271 2404 der
1294 2377 1397 2404 Hand.

963 2431 1038 2462 290.
1067 2430 1225 2462 Aulestes
1251 2432 1289 2462 cf.
1319 2430 1372 2469 10,
1398 2430 1473 2461 207.
1499 2436 1547 2461 est
1571 2433 1636 2461 Lar
1652 2433 1706 2461 vel

915 2480 1078 2516 Lucumo,
1115 2479 1187 2507 inde
1210 2487 1268 2508 rex
1291 2479 1414 2508 dicitur.
1463 2480 1573 2507 Talem
1595 2483 1702 2507 autem

916 2526 1098 2562 aggreditur
1121 2523 1315 2559 Messapus,
1355 2533 1395 2553 ne
1431 2525 1575 2560 principe
1608 2531 1704 2554 caeso

915 2572 1030 2600 iterum
1050 2575 1161 2600 coeant
1184 2571 1327 2605 foedera;
1352 2571 1426 2600 hinc
1447 2571 1562 2599 dicitur
1577 2567 1704 2599 avidus

917 2614 1130 2655 confundere
1148 2613 1286 2653 foedus
1322 2631 1359 2635 —
1403 2614 1529 2644 avidus
1557 2624 1627 2645 cum
1649 2616 1704 2644 inf.

917 2663 973 2691 sil.
997 2660 1028 2697 8,
1054 2659 1129 2690 619.
1157 2659 1205 2692 12,
1232 2659 1306 2690 350.
1337 2659 1386 2689 16.
1411 2659 1486 2690 178.
1512 2661 1549 2691 cf.
1578 2660 1607 2697 4,
1627 2660 1703 2690 564.

918 2709 1051 2737 Servius
1081 2712 1110 2736 et
1136 2704 1277 2735 avidum
1312 2711 1340 2736 et
1373 2704 1499 2736 acidus
1536 2708 1629 2745 legit,
1676 2718 1707 2742 et

916 2759 999 2784 recte
1026 2751 1167 2782 avidum
1190 2753 1395 2787 improbavit.
1423 2769 1461 2773 —
1495 2753 1706 2792 confundere

911 2796 1050 2838 foedus.
1074 2799 1119 2827 ita
1143 2798 1174 2835 5,
1202 2796 1276 2826 496.

960 2853 1035 2884 292.
1064 2852 1255 2884 involvitur
1289 2855 1327 2884 cf.
1353 2852 1383 2891 1,
1415 2854 1478 2884 116
1507 2865 1706 2899 pronusque

915 2898 1087 2941 magister
1112 2898 1266 2929 volvitur
1288 2898 1325 2930 in
1350 2903 1464 2942 caput.

936 2955 1225 3034 ἶ21ἔὲ.8,,1111111115;
1280 2955 1414 2999 teloque
1459 2957 1623 2991 trabali.“
1671 2965 1706 2994 S.

916 3013 955 3035 c.
1055 3026 1062 3033 .
