2023 3350
608 135 668 166 DE
695 132 988 167 HExAMETRo
1014 134 1217 167 vlufflm.
1679 133 1758 173 639

134 252 168 281 iu
190 253 398 282 Sermonibus
423 253 496 282 suis
518 258 616 287 quam
640 251 788 286 proxime
809 253 944 289 accedit,
971 253 1037 282 iam
1063 257 1195 288 apparet
1219 251 1399 289 Virgilium
1424 250 1572 284 aliosque
1598 248 1763 277 diversam

134 303 262 327 secutos
287 308 362 328 esse
385 300 551 328 rationem.
600 297 654 326 Sic
684 299 785 326 noluit
810 299 966 328 Horatius
1009 300 1043 328 in
1075 300 1134 328 tine
1156 307 1311 328 versuum
1345 306 1418 327 esse
1450 298 1542 326 finem
1572 295 1761 324 sententiae.

135 346 248 380 Itaque
271 345 408 374 consilio
432 347 519 374 certo
542 351 624 372 usus
648 347 698 372 est
722 349 870 382 uterque,
895 345 1057 381 Virgilius
1083 345 1117 373 in
1142 353 1241 374 versu
1265 344 1409 378 heroico,
1443 343 1477 371 in
1502 342 1635 371 satirico
1658 342 1762 370 Hora-

136 391 212 420 tius.
255 391 303 421 Cf.
327 393 379 419 Gr.
405 390 438 425 S.
461 387 537 417 522.
563 390 627 418 An.
655 391 688 423 §-
723 388 805 427 529,
831 391 862 419 5.
889 389 906 418 7
931 395 962 420 et
986 391 1095 420 Kocks
1120 391 1231 426 Progr.
1256 391 1346 419 Coln.
1370 390 1451 417 FW.
1475 390 1591 425 Gymn.
1616 384 1714 416 1873.

250 443 341 476 Illud
369 444 471 475 etiam
500 442 543 474 ab
569 443 668 475 initio
694 453 873 476 moneam:
923 444 1115 486 Virgilius,
1145 452 1305 476 summus
1326 452 1489 475 versuum
1511 440 1761 474 struendorum

135 501 274 539 artifex,
299 509 510 543 quamquam
537 505 590 532 est
614 500 730 542 legum
757 500 1109 542 observantissimuS,
1134 500 1178 533 iis
1205 504 1319 532 tamen
1344 509 1414 531 non
1440 499 1487 531 ita
1511 509 1548 532 se
1570 499 1765 538 adstrinxit,

136 562 175 590 ut
202 557 244 590 de
269 557 381 590 forma
405 558 567 601 primaria
589 567 768 599 nunquam
791 557 985 599 decederet,
1016 567 1090 597 nec,
1117 561 1288 599 quantum
1312 556 1442 596 liceret,
1469 557 1623 589 variaret.
1671 557 1767 589 Fecit

135 615 238 647 etiam
269 623 407 654 versuS‚
444 615 480 647 in
512 615 642 657 quibus
672 616 787 649 inesse
818 616 953 648 videtur
982 615 1106 647 vitium
1137 613 1297 656 aliquod,
1334 613 1396 646 sed
1428 613 1463 645 id
1492 614 1610 657 ipsum
1646 619 1766 657 aptum

134 671 386 703 sententiarum
412 671 562 705 affectui.
612 673 715 714 Quod
742 677 857 706 autem
884 672 1025 705 Latinae
1051 671 1190 713 linguae
1215 676 1374 703 naturam
1399 670 1610 713 observavit,
1644 681 1765 704 caussa

134 732 204 768 est,
246 733 285 760 ut
317 729 499 772 virgiliani
533 739 655 762 versus
689 730 749 772 qui
780 730 951 763 rationem
982 739 1050 761 non
1081 728 1261 770 intelligit,
1303 733 1419 761 tamen
1449 729 1578 761 sentiat
1612 728 1765 772 pulchri—

137 785 306 817 tudinem.

877 877 976 911 CAP.
1004 880 1029 910 I.

710 952 732 986 S
758 949 787 981 i.
836 952 882 980 De
905 950 1038 986 pedibus
1063 957 1189 979 versus.

251 1015 290 1047 In
319 1024 421 1048 versu
458 1014 598 1047 heroico
636 1015 872 1048 admittuntur
906 1015 1032 1058 dactyli
1071 1020 1104 1047 et
1136 1015 1283 1059 spondei
1321 1015 1372 1057 (in
1409 1020 1504 1049 sexto
1540 1016 1626 1060 pede
1664 1017 1765 1050 etiam

136 1070 319 1104 trochaeus
350 1071 391 1105 cf.
422 1072 441 1113 ἓ
469 1073 517 1111 3).
566 1073 657 1112 Hos,
691 1083 801 1115 quum
831 1073 946 1106 alteris
979 1073 1135 1105 celeritas
1163 1073 1225 1112 sit,
1259 1073 1378 1106 alteris
1408 1072 1569 1112 tarditas,
1600 1074 1767 1115 Virgilius

137 1128 183 1160 ita
209 1129 346 1170 miscet,
376 1133 416 1161 ut
437 1129 478 1161 ad
503 1130 727 1169 sententiam,
754 1140 842 1172 quae
865 1135 917 1162 est
937 1140 1075 1169 versus,
1104 1130 1353 1163 accommodet.
1401 1132 1520 1172 Neque
1546 1135 1660 1163 tamen
1684 1130 1767 1162 libet

136 1184 226 1218 hanc
251 1195 323 1218 rem
348 1186 542 1218 accuratius
574 1187 737 1230 persequi
770 1192 802 1219 et
830 1188 1029 1227 ostendere,
1064 1191 1279 1230 quantopere
1307 1187 1444 1220 studeat
1474 1193 1575 1230 poeta
1601 1188 1767 1220 laetitiam

135 1247 170 1275 et
193 1243 389 1284 tristitiam,
416 1243 627 1276 alacritatem
652 1244 757 1276 animi
787 1249 820 1276 et
843 1244 1140 1287 desperationem,
1168 1244 1367 1277 facilitatem
1394 1245 1442 1277 rei
1465 1249 1498 1277 et
1529 1244 1768 1277 difficultatem

135 1299 289 1333 indicare
313 1304 347 1332 et
368 1300 554 1343 depingere
580 1300 762 1342 longarum
782 1306 815 1334 et
836 1300 992 1334 brevium
1014 1300 1225 1344 syllabarum
1252 1302 1516 1344 compositione.
1564 1303 1635 1334 Nee
1653 1302 1770 1333 minus

137 1361 274 1401 praeter
313 1361 462 1390 metrum
494 1367 581 1390 sono
615 1362 648 1390 et
683 1358 903 1400 longitudine
940 1357 1141 1398 verborum,
1184 1357 1365 1391 vocalibus
1404 1359 1540 1391 canoris
1576 1363 1609 1391 et
1648 1358 1769 1394 ruscis,

136 1414 248 1447 acutis
272 1419 306 1447 et
329 1413 508 1456 gravibus,
544 1415 814 1447 consonantium
847 1419 880 1447 et
905 1414 1088 1456 asperitate
1114 1419 1147 1446 et
1179 1414 1419 1455 mollitudine,
1453 1420 1604 1447 mentem
1631 1424 1770 1447 movere.

136 1471 314 1504 audientis
347 1471 510 1513 callebat,
545 1471 595 1504 vel
630 1472 705 1504 eius
739 1472 798 1513 qui
831 1471 873 1503 ad
905 1472 1115 1503 sententiam
1147 1472 1260 1513 ipsam
1292 1481 1362 1504 non
1394 1471 1599 1504 adverteret.
1647 1473 1769 1513 Neque

136 1528 203 1561 hoc
228 1529 357 1561 mirum
381 1533 434 1561 est
459 1530 488 1561 si
516 1533 616 1571 poeta
641 1527 827 1570 spectavit,
853 1537 964 1569 quum
990 1529 1066 1561 soni
1096 1529 1231 1562 ratione
1258 1533 1291 1560 et
1316 1528 1496 1567 varietate,
1531 1527 1627 1560 nullo
1652 1528 1771 1560 addito

136 1584 259 1624 verb0‚
297 1595 420 1618 omnes
450 1585 555 1618 animi
585 1584 727 1618 affectus
757 1585 803 1617 ita
832 1585 972 1628 possint
1003 1586 1189 1628 declarari,
1225 1590 1263 1618 ut
1294 1586 1397 1618 etiam
1427 1584 1471 1618 ab
1505 1595 1566 1625 eo,
1602 1586 1662 1628 qui
1687 1586 1771 1618 artis

137 1643 292 1675 musicae
316 1642 501 1686 imperitus
524 1643 586 1682 sit,
621 1642 827 1675 sentiantur.
875 1643 1000 1675 Nonne
1030 1642 1194 1676 credibile
1220 1648 1358 1686 poetam
1385 1652 1614 1675 numerorum
1638 1643 1669 1675 vi
1698 1652 1773 1685 pcr-

137 1705 256 1743 specta
277 1700 320 1733 ad
339 1701 591 1733 sententiarum
615 1701 786 1732 rationem
810 1709 937 1732 sonum
962 1700 1066 1732 etiam
1092 1704 1127 1732 et
1152 1701 1380 1742 quantitatem
1399 1699 1681 1732 accommodasse
1699 1709 1772 1731 ver-

136 1756 289 1791 borum?
336 1759 469 1791 Tamen
495 1757 537 1790 de
559 1756 688 1790 talibus
714 1755 819 1789 rebus
839 1765 930 1798 opus
959 1767 1029 1789 non
1054 1761 1108 1789 cst
1136 1766 1306 1799 exponere
1335 1757 1500 1797 uberius,
1535 1766 1644 1798 quum
1670 1756 1770 1789 facile

138 1816 290 1858 quisque
312 1816 424 1857 possit
448 1815 524 1857 ipse
549 1814 736 1857 percipere.
784 1815 828 1846 Et
857 1812 1013 1857 profecto
1049 1813 1153 1856 longa
1186 1818 1280 1846 esset
1315 1819 1349 1846 et
1380 1814 1534 1847 taedium
1567 1812 1666 1845 facile
1698 1823 1771 1846 mo-

138 1876 231 1905 veret
259 1871 460 1915 legentium,
489 1875 522 1904 et
548 1871 643 1904 valde
674 1870 806 1904 lubrica
832 1881 901 1904 non
928 1870 1093 1904 omnibus
1120 1870 1267 1904 fortasse
1293 1871 1500 1914 probaretur
1526 1880 1564 1904 ea
1590 1872 1771 1914 expositio.

139 1928 298 1962 Sufficiat
323 1938 465 1961 monere
490 1932 646 1961 externa:

259 1999 285 2030 i.
334 1997 520 2039 Virgilius,
556 2006 769 2039 quamquam
806 1996 984 2040 spondeos
1024 2006 1279 2039 nonnunquam
1320 1996 1459 2029 studeat
1497 1998 1773 2040 conglomerare,

139 2065 209 2088 non
237 2059 353 2087 tamen
378 2054 460 2087 fecit
483 2063 606 2087 versus
637 2063 695 2086 sex
718 2054 960 2098 spondeorum
990 2058 1030 2086 ut
1052 2053 1209 2086 Ennius:
1261 2054 1333 2086 Olli
1360 2055 1553 2097 respondet
1578 2066 1645 2087 rem
1668 2055 1777 2087 Albae?

140 2112 284 2155 longai5
319 2111 383 2144 sed
408 2121 479 2144 uno
509 2111 545 2144 in
573 2111 677 2154 pede,
711 2116 744 2144 et
768 2112 803 2144 in
828 2112 952 2155 quinto
976 2109 1138 2143 servabat
1163 2110 1340 2153 dactylum
1366 2112 1464 2152 VIII,
1491 2112 1557 2144 452
1586 2112 1655 2144 Olli
1677 2114 1773 2144 inter

139 2181 213 2202 sese
240 2179 376 2213 magna
408 2171 444 2202 vi
473 2169 621 2201 brachia
648 2169 800 2202 tollant.
866 2168 965 2202 Tales
990 2177 1114 2201 versus
1135 2167 1246 2201 crebri
1271 2172 1372 2207 sunt,
1407 2174 1446 2201 ut
1470 2168 1570 2201 facile
1594 2169 1773 2201 invenian-

141 2233 207 2261 tur.
255 2226 403 2259 Addidit
445 2226 550 2259 etiam
597 2226 651 2259 vel
696 2225 814 2269 plures
859 2226 1021 2258 elisiones
1066 2230 1106 2257 ut
1150 2225 1187 2257 in
1225 2229 1308 2257 noto
1346 2225 1408 2258 illo
1452 2235 1552 2258 versu
1592 2225 1633 2258 de
1673 2226 1775 2269 Poly-

140 2284 289 2329 phemo:
338 2278 544 2316 Monstrum
565 2282 784 2316 horre‘ndum
802 2277 970 2325 informe,
998 2281 1131 2325 ingens,
1159 2284 1220 2314 cai
1242 2279 1362 2314 himen
1385 2281 1593 2325 ademptum
1613 2284 1676 2323 ΙΙΙ,
1697 2284 1773 2316 658.

140 2342 333 2375 Rarissime
355 2340 404 2381 fit,
428 2345 468 2373 ut
489 2341 594 2373 etiam
619 2340 763 2382 quintus
791 2351 851 2384 pes
875 2345 1012 2373 constet
1037 2339 1206 2382 spondeo,
1232 2344 1272 2371 ut
1295 2340 1357 2379 ΙΙΙ,
1382 2341 1425 2372 74
1443 2339 1639 2373 Nereidum
1661 2343 1778 2373 maire·

142 2402 178 2432 et
201 2398 374 2442 Neptuno
399 2398 553 2441 Aegaeo.
603 2399 685 2439 VII,
717 2398 781 2430 693
811 2398 893 2430 Aut
922 2398 1013 2430 leves
1045 2408 1169 2430 aereas
1197 2397 1293 2429 lento
1319 2397 1462 2429 ducant
1485 2400 1652 2440 argento.
1702 2398 1772 2430 Nec

141 2456 283 2500 saepius
311 2455 534 2498 reperiuntur
567 2455 725 2498 quinque
760 2454 884 2498 dactyli
914 2464 984 2487 uno
1016 2455 1051 2486 in
1082 2463 1200 2493 versu,
1242 2458 1282 2486 ut
1316 2455 1359 2493 V,
1394 2455 1467 2487 139.
1503 2456 1565 2488 140
1598 2454 1683 2486 Inde
1715 2455 1778 2486 nbi

143 2514 249 2546 clara
293 2512 391 2545 dedit
428 2514 588 2545 sonitum
629 2514 733 2553 taba,
782 2513 916 2553 finibus
941 2522 1059 2544 omnes
1083 2512 1191 2544 Haud
1214 2522 1318 2544 mora
1347 2512 1550 2554 prosiluere
1575 2515 1660 2552 suis,
1677 2511 1776 2552 seri!

144 2571 293 2603 aethera
319 2570 470 2602 elamor.
520 2571 783 2612 Nonnunquam
813 2568 960 2612 spondei
989 2568 1025 2600 in
1051 2568 1203 2611 dactylos
1229 2573 1412 2601 transeunt
1440 2573 1478 2601 ut
1503 2569 1545 2602 Α.
1570 2569 1634 2608 IV,
1666 2570 1678 2600 1
1715 2569 1773 2600 In-

132 2627 298 2670 fandum
321 2629 448 2669 regina
473 2627 571 2658 iubes
594 2637 770 2659 renovare
794 2626 965 2666 dolorem,
995 2630 1028 2658 et
1053 2626 1126 2658 vice
1151 2635 1249 2658 versa
1271 2625 1311 2658 G.
1337 2627 1400 2665 ΙΙΙ,
1427 2626 1493 2659 276
1523 2624 1625 2657 Saxa
1646 2636 1714 2668 per
1738 2628 1776 2656 et

142 2685 307 2728 scopulos
331 2688 369 2717 et
392 2684 574 2726 depressas
588 2684 775 2724 convalles,
802 2682 863 2716 ubi
887 2686 996 2715 artem
1019 2682 1118 2715 facile
1143 2683 1339 2725 agnoveris.
1386 2683 1443 2715 Sic
1469 2683 1509 2715 G.
1535 2684 1570 2723 Ι,
1595 2683 1658 2716 201
1690 2681 1773 2715 Non

145 2743 255 2775 aliter·
297 2752 408 2784 quam
449 2743 514 2782 qui
556 2740 703 2774 adverso
744 2743 806 2774 vioe
846 2741 979 2773 lumine
1018 2740 1170 2772 lembum
1213 2738 1369 2773 laborem
1409 2739 1627 2773 molientium
1673 2739 1774 2772 docet

148 2801 242 2833 Voss
267 2799 310 2832 ad
335 2799 355 2831 l.
383 2797 425 2830 cf.
450 2798 519 2830 An.

260 2869 291 2900 2.
339 2867 471 2899 Versus
501 2864 620 2898 decem
651 2869 857 2898 accentuum
889 2868 973 2897 sunt
1008 2865 1058 2904 11,
1092 2865 1155 2897 701
1194 2862 1274 2897 Idm
1311 2863 1387 2897 idm
1420 2860 1520 2896 milla
1561 2861 1664 2897 mara
1702 2863 1775 2905 esi,-

0 2884 38 2996 *f*
145 2925 275 2968 sequor
298 2924 337 2957 et
360 2921 432 2966 qud
459 2918 591 2954 detortis
628 2920 768 2955 ddsum.
827 2923 896 2961 ΙΙΙ,
928 2922 990 2954 155
1039 2920 1104 2953 Hz'c
1135 2920 1238 2954 canit
1270 2920 1308 2953 e⁴t
1338 2920 1404 2953 teia
1438 2918 1500 2954 mis
1530 2920 1571 2953 en
1602 2918 1703 2954 viltro
1729 2921 1779 2955 a‘d

36 2997 38 3021 t
152 2981 279 3016 limina
304 2979 421 3014 mittit
454 2979 497 3013 al.

38 3074 39 3077 ,
262 3039 389 3071 Contra
411 3042 576 3080 quattuor
601 3035 715 3070 verbis
739 3045 860 3069 versus
889 3034 1096 3078 completur,
1132 3039 1169 3067 ut
1205 3036 1273 3074 ΙΙΙ,
1298 3037 1363 3069 549
1398 3036 1544 3069 Cornua
1570 3036 1775 3070 velatarum

39 3212 42 3242 l
