2044 3329
235 155 304 180 xrv
909 149 1175 183 PRAEFATIO.

234 267 459 313 dederant.
503 267 761 317 examinavi,
799 266 915 307 locos
942 276 1048 317 quos
1074 262 1331 310 attulerant,
1373 261 1554 312 contuli,
1595 274 1646 302 110
1672 273 1850 311 errores,

234 337 386 390 quibus
414 336 647 378 humanum
679 348 808 387 genus
838 347 921 374 non
951 333 1091 381 caret,
1129 345 1224 373 mea
1249 330 1510 385 negligentia
1539 329 1752 371 firmarem
1770 329 1850 382 ¹¹).

349 406 413 447 Ad
439 410 611 459 poetam
640 408 754 445 recte
784 399 1058 444 iudicandum
1085 399 1218 450 valet,
1253 404 1302 441 ut
1326 399 1551 441 verborum
1580 412 1682 440 usus
1712 397 1851 438 decla-

234 479 362 517 retur.
423 473 666 527 Significavi
695 472 828 524 igitur
854 469 956 524 quid
981 469 1038 509 sit
1066 472 1303 522 poetarum,
1336 467 1440 521 quid
1470 471 1711 518 oratorum;
1749 464 1852 520 quid

234 558 260 586 a
291 542 600 598 posterioribus
630 543 894 594 usurpatum,
926 537 1029 592 quid
1059 537 1308 590 neglectum.
1368 536 1472 578 Inde
1503 535 1664 577 factum
1687 538 1763 585 est,
1805 537 1853 575 ut

235 623 537 665 nonnunquam
567 609 692 663 plura
721 608 914 661 exempla
943 605 1208 657 afferrentur,
1242 619 1370 659 quam
1399 604 1455 646 ad
1482 617 1606 645 usum
1634 603 1854 645 illustran-

235 681 334 722 dum
359 684 434 721 aut
464 677 775 719 defendendum
806 689 912 730 opus
938 677 1048 725 erat,
1080 677 1123 716 et
1154 677 1203 715 ut
1232 674 1416 715 maxime
1445 687 1495 715 ex
1523 675 1574 715 iis
1601 672 1752 728 poetis,
1779 671 1853 725 qui

234 749 458 802 Virgilium
489 747 603 787 omni
631 745 718 787 fere
749 746 793 786 111
817 758 863 786 re
893 747 1113 786 auctorem
1141 742 1274 784 secuti
1294 745 1403 792 sunt,
1430 743 1624 795 exempla
1643 741 1853 791 afferrem,

234 830 368 870 neque
402 816 540 857 solum
577 814 746 867 singula
775 813 925 864 verba,
979 812 1054 854 sed
1092 811 1221 852 etiam
1257 810 1485 852 verborum
1518 811 1703 865 aliquem
1741 823 1853 851 com-

234 886 403 940 plexum
430 888 471 926 01
507 883 675 926 dicendi
706 882 911 924 formulas
941 881 1109 934 saepius
1150 893 1202 921 ex
1239 879 1335 920 aliis
1368 878 1593 921 firmarem.
1653 879 1742 920 Nec
1780 891 1852 919 ne-

234 954 345 1008 glexi
377 953 608 1007 scriptores
637 952 915 1006 posteriores,
969 963 1099 1003 quum
1136 962 1228 1000 eos,
1282 948 1355 1002 qui
1393 948 1591 990 dicuntur
1625 949 1852 1001 argenteae

234 1023 401 1073 aetatis,
433 1025 583 1076 poetas
604 1025 647 1062 et
666 1020 892 1074 Virgilium
911 1022 1080 1061 secutos
1107 1031 1197 1060 esse
1212 1020 1396 1069 00113101;
1415 1031 1467 1059 ex
1492 1016 1646 1070 quibus
1669 1015 1855 1057 maxime

235 1090 473 1134 laudandus
504 1093 598 1132 erat
622 1089 806 1130 Tacitus.

351 1159 529 1211 Quando
563 1172 728 1200 morum
756 1161 797 1198 et
827 1170 970 1198 rerum
996 1155 1383 1209 comparaverimus
1417 1154 1722 1208 cognitionem,
1762 1165 1853 1194 sae—

234 1229 407 1284 pissime
439 1227 542 1281 quid
572 1230 699 1281 poeta
729 1225 996 1281 spectaverit,
1028 1225 1187 1266 rectius
1217 1223 1514 1277 intelligemus.
1573 1223 1714 1274 Quare
1744 1234 1855 1275 quae

237 1298 289 1339 de
317 1298 575 1350 antiquitate
606 1297 799 1337 Romana
834 1294 996 1348 scripta
1034 1297 1153 1344 sunt,
1205 1296 1282 1334 aut
1329 1293 1385 1335 ad
1421 1292 1647 1334 historiam
1687 1295 1763 1334 aut
1801 1291 1857 1332 ad

237 1366 542 1422 geographiam
571 1363 849 1419 pertinentia,
882 1362 1085 1416 colligere
1113 1365 1156 1404 et
1184 1362 1429 1404 examinare
1457 1360 1677 1404 debebam.
1736 1360 1855 1402 Adeo

237 1437 348 1478 enim
379 1435 529 1476 doctus
558 1438 622 1475 est
650 1436 780 1487 poeta
809 1431 1034 1485 Virgilius,
1065 1430 1171 1472 adeo
1202 1445 1361 1485 gnarus
1399 1444 1540 1473 rerum
1569 1430 1857 1484 antiquarum,

236 1510 285 1547 ut
309 1518 394 1558 quo
425 1502 668 1545 accuratius
693 1500 824 1542 verba
852 1500 940 1542 eius
972 1500 1252 1553 explicantur,
1291 1513 1341 1541 eo
1372 1500 1509 1554 magis
1537 1513 1633 1541 eum
1661 1497 1706 1541 in
1737 1498 1857 1541 colli-

237 1574 385 1629 gendis
416 1576 459 1614 ct
488 1571 691 1625 eligendis
718 1568 1040 1611 narrationibus
1069 1568 1441 1623 diligentissimum
1468 1569 1599 1611 fuisse
1634 1570 1858 1628 appareat,

237 1648 286 1685 ut
311 1643 363 1685 de
399 1642 676 1694 antiquorum
712 1638 970 1693 populorum
1011 1637 1175 1692 origine
1215 1642 1257 1681 et
1293 1637 1466 1681 sedibus
1499 1643 1653 1680 auctor
1687 1637 1744 1679 sit
1780 1636 1858 1678 mi-

235 1713 348 1753 nime
390 1708 676 1764 negligendus.
737 1708 795 1748 Iis
833 1710 977 1748 autem
1014 1706 1058 1747 in
1097 1706 1244 1759 rebus,
1291 1721 1400 1762 quae
1446 1707 1503 1749 ad
1550 1706 1855 1760 antiquitatem

236 1781 462 1835 pertinent,
493 1776 808 1832 copiosissimus
826 1775 1036 1828 interpres
1066 1778 1131 1816 est
1149 1775 1330 1828 Servius,
1357 1776 1476 1819 cuius
1491 1775 1632 1828 verba,
1663 1788 1774 1828 quae
1801 1773 1879 1826 ad,

234 1847 541 1892 illustrandum
569 1846 711 1888 locum
737 1843 930 1886 conferre
960 1842 1230 1896 videbantur,
1278 1845 1462 1899 apposui
1499 1844 1750 1898 plerumque
1779 1843 1857 1884 im-

236 1921 423 1969 mutata;
479 1915 602 1958 omisi
638 1928 748 1968 quae
779 1916 854 1955 aut
893 1911 1148 1966 perturbata
1186 1917 1230 1954 et
1267 1913 1451 1955 obscura
1475 1916 1598 1955 erant
1625 1915 1701 1954 aut
1729 1911 1856 1953 nimis

236 1991 340 2029 nota
366 1999 417 2027 ac
444 1985 560 2037 trita,
589 1988 665 2026 aut
687 1982 774 2024 alia
807 1980 1073 2034 spectabant,
1098 1985 1173 2023 aut
1203 1981 1379 2023 nimium
1410 1982 1466 2024 ad
1496 1995 1700 2024 arcanam
1725 1995 1857 2036 quan-

237 2056 338 2098 dam
374 2067 517 2096 rerum
564 2051 805 2094 doctrinam
839 2063 949 2104 quae
993 2053 1105 2091 esset
1140 2051 1184 2091 in
1215 2051 1396 2105 Virgilio
1435 2050 1731 2105 pertinebant,
1780 2053 1856 2092 aut

237 2137 347 2179 quae
372 2122 505 2165 Servii
535 2134 626 2163 esse
652 2133 737 2161 non
751 2118 1021 2170 videbantur3
1051 2132 1102 2160 ex
1130 2118 1283 2173 quibus
1314 2120 1351 2161 si
1379 2120 1550 2174 quando
1582 2119 1729 2173 aliqua
1752 2118 1857 2160 hau-

236 2193 419 2243 riebam,
461 2204 626 2244 semper
655 2186 852 2230 indicavi.
911 2186 1032 2238 Quod
1066 2192 1209 2231 autem
1237 2203 1347 2243 quae
1375 2189 1429 2232 ab
1461 2189 1556 2231 aliis
1585 2187 1737 2230 addita
1768 2188 1855 2230 sint

237 2261 448 2305 Servianis
483 2258 672 2302 nondum
709 2259 899 2307 constat,
942 2256 1116 2310 eiusque
1150 2257 1280 2300 verba
1314 2257 1369 2300 ab
1408 2257 1717 2312 interpretibus
1752 2270 1857 2298 non-

238 2461 318 2494 10111
343 2459 509 2492 iudicium
537 2458 632 2489 Bone
656 2456 691 2487 in
718 2453 928 2496 praefatione
960 2463 1022 2485 303
1047 2453 1153 2487 libera
1178 2465 1217 2487 30
1241 2454 1339 2495 sorti,
1376 2463 1465 2496 quae
1498 2452 1619 2486 multis
1653 2452 1856 2486 nominibus

239 2516 409 2550 laudanda
434 2517 518 2553 est.)

353 2575 410 2611 ¹¹]
436 2572 550 2613 Atque
574 2571 655 2602 11300
681 2568 812 2601 cautela
840 2567 937 2600 facile
960 2567 1130 2600 videbitur
1159 2577 1235 2601 0330
1265 2568 1473 2611 ignorantia.
1523 2569 1580 2600 Sic
1606 2578 1674 2609 quo
1699 2567 1776 2601 loco
1801 2569 1858 2610 egi

238 2632 278 2664 (10
304 2631 385 2663 ludo
411 2629 570 2667 Troiano,
597 2627 639 2659 de
660 2636 728 2668 quo
749 2631 819 2658 tam
845 2634 950 2663 113003
975 2630 1056 2657 nota
1080 2630 1174 2665 sunt,
1201 2626 1303 2658 omisi
1327 2625 1441 2657 locum
1470 2625 1589 2664 Nonii,
1615 2635 1718 2667 quem
1744 2625 1859 2657 attulit

239 2687 367 2720 Lersch
394 2685 498 2726 antiq.
525 2683 644 2725 virgil.
671 2694 702 2726 p.
734 2683 817 2715 274:
861 2682 914 2713 lbi
938 2692 958 2713 (ι
977 2682 1135 2722 muliere,
1169 2693 1261 2724 quae
1285 2686 1434 2724 optuma
1458 2693 1538 2715 voce
1556 2686 1656 2722 esset,
1681 2692 1856 2724 perquam

240 2744 404 2781 laudm-i,
426 2741 549 2773 deinde
575 2742 743 2772 naeniam
768 2741 914 2771 cantari
934 2739 1080 2771 solltmn
1106 2750 1148 2770 ae
1173 2739 1281 2770 tibias
1310 2742 1342 2770 et
1364 2739 1460 2778 fides
1483 2750 1626 2779 eorum,
1670 2740 1736 2780 qui
1761 2738 1858 2770 ludis

244 2801 411 2834 Troianis
435 2801 681 2830 cursitassent.
730 2797 824 2828 Haec
848 2797 979 2828 mulier·
1003 2798 1164 2828 vocitata
1191 2796 1275 2827 olim
1299 2799 1460 2837 praefica
1485 2807 1595 2838 usquc
1619 2795 1668 2827 ad
1680 2795 1858 2827 Punicum

239 2858 378 2889 bellum.
427 2856 583 2898 Copulati
608 2855 701 2887 enim
726 2853 795 2886 duo
823 2858 905 2885 sunt
933 2853 998 2885 loci
1024 2853 1138 2892 Nonii,
1163 2853 1222 2894 qui
1249 2857 1332 2885 sunt
1355 2863 1380 2885 3.
1403 2864 1430 2885 v.
1449 2853 1592 2885 Naeuia
1617 2857 1651 2884 et
1672 2852 1854 2892 Praefica;

239 2915 365 2948 deinde
391 2914 496 2946 multa
521 2918 603 2945 sunt
632 2923 669 2945 011
694 2912 889 2944 coniectura
915 2910 1046 2949 addita,
1091 2915 1128 2942 ut
1158 2911 1234 2952 ipsa
1258 2910 1358 2942 verba
1386 2910 1481 2942 latiis
1510 2909 1678 2942 Troianis
1704 2909 1853 2942 coniecit

240 2973 450 3014 Scaligerus,
483 2971 581 3003 cuius
607 2968 802 3002 incredibili
825 2967 1009 3010 sagacitate
1034 2967 1114 3001 licet
1137 2978 1253 3001 verum
1280 2967 1479 3001 restitutum
1500 2967 1564 3007 sit,
1601 2971 1713 3000 tamen
1738 2966 1854 3000 conie-

241 3035 336 3062 ctura
360 3034 422 3067 est,
449 3032 487 3060 ut
509 3028 590 3060 certi
614 3035 692 3058 0330
719 3035 757 3058 03
782 3026 824 3059 (10
847 3036 882 3059 re
910 3035 1089 3068 nunquam
1116 3026 1305 3068 possimus.

2010 326 2018 459 mm—.—
2014 275 2017 291 .-
