2023 3350
641 141 875 175 AENEIDOS
905 143 992 176 LIB.
1017 143 1078 176 XI.

43 261 184 314 Atque
219 259 288 301 hio
324 258 490 311 legatos
518 256 673 298 Aetola
708 269 760 298 ex
795 255 901 298 urbe
939 256 1149 309 remissos,

45 319 162 369 Quae
193 315 397 366 referant,
436 313 520 356 fari
557 314 677 356 iubet
716 318 759 355 et
794 328 1002 368 responsa
1030 315 1216 369 reposcit

572 372 678 413 Tum
711 371 827 414 facta
864 372 1034 414 silentia
1071 372 1240 427 linguis,

44 375 203 416 Ordine
238 375 390 415 cuncta
425 386 514 414 suo.

42 432 99 474 Et
130 431 314 474 Venulus
351 429 465 472 dicto
501 443 657 483 parens
693 429 756 472 ita
789 429 922 471 farier
951 429 1062 472 infit:

157 488 366 539 Vidimus,
408 500 432 529 o
475 488 606 539 cives,
642 487 892 530 Diomedem
926 488 1169 542 Argivaque
1202 489 1356 539 castra,

40 547 180 600 Atque
218 546 301 587 iter
336 545 494 587 emensi
527 559 649 587 casus
689 545 983 600 superavimus
1025 558 1181 595 omnes,

42 603 392 657 contigimusque
422 617 615 655 manum,
658 617 745 657 qua
784 603 972 645 concidit
1009 603 1090 645 Ilia
1127 601 1265 644 tellus.

1590 605 1672 645 245

39 661 119 702 Ille
156 660 308 702 urbem
341 661 600 715 Argyripam
636 661 805 715 patriae
845 659 1266 715 cognomine'gentis

40 718 190 760 Victor
224 717 414 772 Gargani
446 718 657 761 condebat
694 718 865 773 Iapygis
899 718 1024 760 arvis.

38 775 272 829 Postquam
314 776 567 830 introgressi
600 780 643 818 et
678 789 823 818 coram
862 775 966 818 data
1008 776 1133 831 copia
1163 773 1294 826 fandi,

38 833 219 876 Munera
252 833 550 887 praeferimus,
588 848 741 876 nomen
771 834 1041 888 patriamque
1079 833 1299 884 docemus;

39 891 121 942 Qui
157 891 318 933 bellum
347 891 587 944 intulerint,
625 905 736 946 quae
775 905 927 934 caussa
962 891 1192 934 attraxerit
1226 891 1378 945 Arpos.

82 1064 158 1096 239.
184 1064 309 1098 Aetola
339 1076 378 1098 ex
404 1065 499 1104 urbe,
523 1076 620 1104 quam
645 1070 784 1098 condidit
801 1073 832 1098 et

36 1112 113 1142 colit
136 1113 274 1142 Aetolus
305 1115 485 1144 Diomedes.
532 1130 570 1134 -
625 1113 785 1144 remissos
810 1122 831 1144 a

35 1158 188 1188 Diomede
215 1159 335 1189 infecta
358 1168 489 1190 caussa.

83 1213 160 1245 240.
186 1216 227 1245 Ut
255 1222 406 1247 accurate
433 1217 574 1247 referant
604 1219 642 1246 de
670 1218 831 1254 legatione

34 1261 148 1300 poscit,
174 1269 251 1291 nam
274 1263 309 1292 in
331 1263 374 1292 iis
397 1271 479 1298 quae
507 1268 604 1292 antea
626 1264 661 1292 in
678 1266 832 1299 populum

33 1311 126 1336 erant
148 1309 283 1346 perlata,
309 1317 437 1339 summa
459 1311 550 1339 modo
575 1318 681 1339 rerum
706 1310 832 1345 prodita

33 1357 113 1382 erat.

81 1408 157 1439 242.
183 1408 261 1451 infit
282 1412 322 1442 cf.
348 1412 380 1451 5,
406 1409 483 1441 708.

35 1499 227 1532 243—295.
253 1500 297 1532 Et
310 1500 516 1533 Diomedem
540 1501 694 1533 referunt
712 1510 830 1544 pacem

110 1566 260 1601 iussisse
284 1577 344 1601 eos
369 1573 486 1611 petere
511 1569 754 1601 Troianorum.

78 1635 154 1667 243.
182 1640 251 1669 Hoc
289 1642 372 1675 quod
407 1641 554 1675 sequitur
583 1640 749 1669 Diomedis
780 1649 831 1669 re-

31 1691 190 1719 sponsum
222 1685 320 1714 totius
349 1694 409 1716 nos
443 1687 533 1716 docet
566 1687 724 1716 carminis
754 1694 830 1715 con-

31 1730 155 1760 silium.
218 1732 342 1761 Romae
375 1733 526 1762 videmus
565 1738 715 1761 aeternae
751 1732 829 1760 fata.

32 1777 179 1806 Dardani
201 1782 332 1813 nepotes
357 1787 399 1808 ex
424 1779 524 1808 Italia
549 1782 649 1807 totum
673 1782 831 1807 terrarum

33 1824 142 1851 orbem
177 1831 220 1852 ex
267 1823 334 1852 fato
380 1825 547 1860 subigent;
595 1829 625 1853 et
668 1828 832 1853 merentur

33 1872 160 1902 propter
184 1868 354 1905 pietatem;
401 1871 458 1898 sed
481 1878 588 1898 errore
610 1870 725 1899 ductus
747 1869 833 1898 Dar-

33 1913 138 1942 danus
161 1914 260 1943 Italia
282 1915 397 1944 relicta
420 1916 561 1945 condidit
583 1916 730 1951 Troiam,
765 1922 831 1950 qua

31 1966 75 1988 ex
95 1961 191 1995 urbe,
223 1964 256 1989 ut
280 1968 434 1997 magnum
465 1961 637 1996 imperium
669 1961 830 1996 adipisce-

31 2008 153 2043 rentur,
185 2005 219 2034 in
252 2007 382 2036 Italiam
405 2012 495 2036 erant
518 2008 704 2043 reducendi3
747 2008 830 2042 quod

29 2050 151 2080 factum
176 2053 261 2081 bello
286 2053 427 2082 Troiano
451 2058 546 2089 atque
575 2054 672 2082 Troia
701 2061 829 2082 eversa.

30 2098 144 2132 Itaque
168 2097 233 2132 ipsi
257 2099 390 2128 Troiani
415 2108 478 2128 non
494 2099 573 2129 victi
594 2104 669 2128 sunt
692 2099 831 2135 ignavia

30 2143 89 2172 sed
114 2143 179 2172 fato
201 2144 350 2182 adverso,
375 2153 436 2180 quo
455 2145 609 2174 maiorem
631 2147 672 2174 ad
693 2146 831 2182 gloriam

31 2189 290 2223 perducerentur.
346 2191 463 2221 Graeci
498 2195 605 2220 autem
635 2191 689 2227 qui
721 2195 831 2220 contra

31 2242 88 2264 eos
114 2241 353 2274 pugnaverant,
373 2237 466 2272 impii
492 2242 521 2266 et
540 2237 704 2274 sacrilegi,
731 2244 832 2272 quare

33 2281 185 2309 dederunt
226 2290 348 2317 poenas
374 2291 504 2321 omneS,
536 2283 653 2318 quibus
685 2284 751 2318 ipsi
780 2284 831 2312 in-

31 2327 224 2365 telligerent,
247 2336 284 2357 se
297 2329 391 2358 nefas
405 2329 620 2359 commisisse.
646 2330 735 2358 Bene
752 2331 833 2360 haec

33 2373 195 2402 sententia
241 2382 297 2409 per
348 2379 447 2405 totum
489 2383 618 2405 carmen
662 2380 830 2412 servatur3

33 2426 137 2453 neque
156 2421 247 2448 obest
266 2422 347 2455 quod
373 2430 429 2456 per
451 2422 581 2451 Paridis
604 2423 713 2451 scelus
729 2422 826 2451 Troia

33 2463 170 2500 interii13
214 2473 290 2495 nam
313 2471 347 2496 ut
367 2468 499 2496 Troiani
521 2476 539 2497 e
562 2475 623 2496 sua
647 2472 731 2496 terra
756 2468 826 2497 abi-

32 2513 117 2544 rent,
159 2512 245 2539 malo
282 2513 391 2547 aliquo
429 2521 523 2542 erant
554 2514 706 2550 cogendi,
745 2515 827 2549 quod

32 2555 141 2590 ipsum
166 2558 289 2586 malum
313 2560 466 2594 consequi
489 2561 621 2589 debebat
645 2569 686 2589 ex
706 2562 830 2589 scelere

30 2601 152 2636 aliquo.
200 2603 251 2631 Ita
292 2602 403 2632 visum
450 2604 585 2644 superis
624 2604 660 2642 3,
709 2604 738 2634 2.
789 2621 826 2626 —

31 2648 145 2676 Placet
168 2648 341 2683 praecipue
365 2651 448 2685 quod
480 2658 520 2680 ea
546 2652 621 2680 dicit
646 2652 829 2688 Diomedes,

30 2692 231 2722 fortissimus
250 2695 452 2730 Graecorum,
470 2698 526 2724 sed
549 2696 631 2725 idem
647 2701 678 2726 et
699 2698 828 2726 deorum

30 2742 62 2768 et
96 2740 263 2768 hominum
293 2742 616 2771 observantissimus.
666 2745 699 2771 Is
728 2744 831 2778 potuit

29 2785 128 2813 etiam
151 2786 298 2814 Aeneam
322 2787 466 2823 laudare,
492 2793 644 2822 expertus
671 2789 742 2817 eius
765 2789 830 2818 for-

31 2831 210 2869 titudinem,
232 2840 335 2866 neque
360 2833 533 2862 timendum
557 2833 587 2862 ei
611 2839 690 2870 erat,
701 2843 740 2863 ne
758 2835 829 2870 ipse

31 2875 175 2913 ignavus
200 2880 380 2912 haberetur,
405 2879 460 2914 qui
487 2880 632 2908 Aeneam
655 2881 829 2909 certamine

33 2922 156 2952 vicerat
177 2924 350 2961 singulari.
384 2924 423 2954 cf.
453 2923 528 2953 255.
552 2939 595 2944 ——
628 2922 827 2954 Diomedem

33 2970 111 2997 Mss.
142 2971 219 3004 alqt.
269 2986 306 2990 -
362 2967 552 2999 Diomeden
582 2971 710 3009 MPRy,
744 2972 828 3006 quod

11 3013 109 3053 ‘Ferri
133 3016 249 3050 nequit.
292 3032 330 3037 —-
379 3013 544 3045 Diomede
574 3023 693 3052 graeca
722 3016 828 3045 forma

12 3090 13 3102 ¹
35 3061 158 3094 prolata
180 3069 200 3090 a
220 3063 347 3100 Servio,
379 3063 436 3092 sed
466 3062 625 3092 inusitata
648 3062 827 3098 Romani53

23 3138 28 3187 i

1589 893 1672 933 250

875 1073 906 1098 et
925 1069 997 1105 ipse
1021 1069 1173 1098 Servius:
1198 1069 1256 1106 „Si
1269 1070 1427 1098 Graecum
1443 1068 1673 1099 accusativum

875 1115 981 1144 facere
1010 1116 1227 1152 voluerimus,
1261 1111 1428 1144 Diomede
1448 1114 1607 1153 legatur-⁴⁶,
1639 1119 1674 1144 ut

877 1162 1028 1190 servium
1049 1164 1131 1190 hanc
1154 1161 1290 1190 formam
1312 1168 1376 1189 non
1406 1161 1575 1190 invenisse
1613 1168 1673 1196 ap-

877 1212 998 1242 pareat.
1047 1208 1152 1242 Quare
1173 1215 1237 1236 non
1260 1207 1415 1235 debebant
1439 1207 1580 1242 recipere
1604 1207 1673 1236 edi-

875 1257 971 1282 tores,
1000 1254 1074 1282 Rec.
1108 1249 1191 1293 Wg.
1220 1250 1281 1281 Hb.
1311 1267 1347 1272 —
1376 1251 1514 1293 Argiva
1539 1257 1671 1290 castra,

876 1306 959 1334 quae
984 1299 1088 1334 posuit
1113 1306 1172 1328 rex
1197 1298 1354 1335 Argixus.

923 1363 1000 1395 244.
1026 1373 1129 1395 casus
1154 1364 1415 1406 superavimus:
1458 1368 1567 1397 omnia
1591 1376 1674 1404 quae

878 1413 937 1441 tali
960 1413 992 1440 in
1019 1412 1133 1440 itinere
1157 1412 1302 1442 accidere
1326 1413 1440 1450 solent,
1470 1414 1671 1449 pertulimus.

924 1477 1001 1509 245.
1027 1483 1149 1517 Magna
1173 1481 1339 1510 Diomedis
1361 1482 1447 1519 laus,
1475 1489 1540 1516 qua
1560 1483 1673 1511 exclu-

878 1526 964 1555 ditur
985 1526 1019 1555 in
1043 1527 1123 1555 belli
1150 1527 1357 1557 recusatione
1383 1527 1488 1556 omnis
1517 1528 1674 1564 ignaviae

877 1572 1033 1608 suspicio.
1082 1573 1188 1601 Simul
1229 1574 1311 1608 quod
1351 1573 1429 1603 dicit
1461 1572 1674 1615 contigimus

877 1626 1035 1655 manum,
1057 1619 1242 1648 Diomedem
1264 1619 1391 1648 Latinis
1414 1619 1525 1649 favere
1548 1629 1672 1650 eorum-

877 1673 938 1700 que
961 1666 1101 1694 salutem
1125 1672 1279 1700 quaerere
1300 1665 1457 1694 videmus.

923 1730 998 1761 246.
1024 1733 1108 1761 Ptin.
1144 1735 1211 1762 HN.
1237 1731 1273 1770 3,
1313 1730 1370 1769 ll‘,
1407 1733 1445 1762 16
1485 1732 1573 1773 Arpi
1605 1732 1673 1764 ali-

878 1776 1020 1818 quando
1070 1779 1189 1819 Argos
1252 1775 1438 1818 Hippiam,
1507 1777 1673 1810 Diomede

877 1821 1056 1861 condente,
1078 1832 1156 1853 mox
1181 1822 1386 1864 Argyrippa
1418 1822 1583 1855 dictum.“
1612 1828 1674 1864 „In

875 1869 1002 1904 Apulia
1049 1870 1189 1899 condidit
1235 1869 1446 1907 (Diomedes)
1497 1871 1673 1910 clvitatem,

876 1923 974 1950 quam
997 1915 1124 1950 patriae
1142 1923 1222 1945 suae
1244 1916 1373 1945 nomine
1398 1916 1495 1952 [nam
1523 1918 1584 1947 etsi
1604 1920 1671 1948 Ae-

878 1963 963 1990 tolus
988 1966 1057 1991 erat
1080 1966 1171 1997 patre
1191 1962 1316 2000 Tydeo,
1352 1966 1449 1992 natus
1472 1967 1578 1993 tamen
1602 1969 1673 1994 erat

876 2008 980 2044 Argis
1021 2007 1130 2042 ibique
1169 2008 1384 2044 regnaverat)
1424 2010 1604 2044 appellavit
1643 2016 1673 2040 et

876 2054 985 2090 Argos
1008 2054 1149 2089 Hippion
1173 2054 1265 2083 dixit.
1314 2055 1402 2089 Quod
1421 2063 1536 2084 nomen
1561 2060 1674 2091 postea

876 2103 1039 2129 vetustate
1069 2105 1252 2135 corruptum
1276 2105 1324 2129 est
1348 2104 1378 2130 et
1401 2100 1521 2131 factum
1550 2106 1613 2139 est,
1638 2107 1673 2132 ut

876 2146 995 2175 civitas
1019 2146 1209 2184 Argyrippa
1236 2147 1410 2184 diceretur,
1450 2148 1534 2182 quod
1558 2156 1673 2178 rursus

875 2196 1061 2227 corruptum
1085 2193 1193 2228 Arpos
1218 2190 1326 2222 fecit.“
1356 2194 1387 2220 S.

922 2247 999 2278 247.
1030 2246 1178 2289 Iapygis
1198 2249 1395 2278 adiectivum
1418 2253 1480 2287 est,
1512 2254 1546 2279 ut
1571 2257 1671 2286 saepe

876 2296 1008 2325 nomina
1032 2296 1162 2330 propria
1186 2296 1225 2325 cf.
1254 2294 1281 2331 l,
1312 2293 1388 2323 686.
1418 2297 1467 2324 lta
1492 2303 1523 2324 v.
1550 2293 1615 2325 678
1642 2301 1673 2325 et

883 2339 1030 2371 Daunus
1060 2339 1169 2381 iapyx
1195 2343 1253 2371 Ov.
1269 2343 1311 2370 Μ.
1338 2338 1391 2378 14,
1413 2338 1488 2369 458.
1510 2339 1674 2379 „Iapygia

879 2395 956 2423 pars
975 2391 1022 2416 est
1043 2387 1204 2424 Apuliae,
1241 2387 1274 2416 in
1305 2394 1369 2422 qua
1401 2391 1449 2415 est
1472 2395 1564 2416 mons
1590 2390 1673 2417 Gar-

873 2442 988 2472 ganuS,
1011 2433 1067 2468 qui
1092 2441 1147 2468 per
1166 2433 1351 2462 Calabriam
1378 2441 1479 2468 usque
1502 2434 1535 2461 in
1550 2434 1672 2463 Adria-

875 2482 973 2510 ticum
991 2479 1127 2508 tenditur
1140 2481 1288 2516 pelagus.
1322 2481 1358 2507 Et
1372 2481 1451 2508 haec
1469 2483 1517 2508 est
1533 2480 1672 2516 Iapygia

875 2527 1039 2561 Apuliae,
1076 2532 1097 2553 a
1121 2533 1184 2560 qua
1207 2530 1238 2555 et
1263 2527 1371 2562 Iapyx
1396 2530 1513 2554 ventus
1541 2530 1591 2554 est.
1613 2534 1671 2555 no-

874 2569 1052 2602 minatus.“
1075 2573 1109 2599 S.

922 2627 998 2658 248.
1025 2630 1113 2658 Idem
1136 2635 1253 2657 versus
1282 2625 1309 2665 l,
1333 2626 1409 2656 520.

923 2683 999 2714 249.
1027 2682 1205 2714 docemus:
1252 2684 1347 2714 varia
1379 2688 1543 2714 structura
1570 2685 1611 2715 cf.
1640 2684 1672 2722 3,

879 2730 953 2760 teo.

923 2785 999 2816 249.
1025 2792 1055 2815 et
1081 2785 1157 2815 250.
1207 2787 1340 2816 Faciunt
1364 2787 1492 2822 omnia,
1523 2794 1605 2822 tutae
1630 2796 1674 2817 ex

875 2842 909 2863 re
952 2834 1059 2862 facere
1095 2834 1265 2866 dehebant;
1318 2833 1425 2868 itaque
1479 2833 1512 2861 in
1554 2834 1674 2870 legatis

875 2881 973 2913 culpa
993 2887 1057 2907 non
1082 2882 1147 2913 est.
1173 2880 1256 2913 quod
1281 2879 1362 2907 nihil
1383 2879 1591 2913 perfecerunt.
1634 2881 1672 2908 Et

876 2925 1012 2961 benigne
1059 2926 1228 2959 respondet
1282 2925 1474 2954 Diomedes..
1536 2926 1675 2954 Attende

874 2975 1041 3006 praeterea
1062 2970 1174 2999 multis
1195 2970 1240 2999 uti
1265 2970 1423 3000 Venelum
1448 2971 1555 3000 verbis
1579 2978 1673 3007 prae—

875 3016 1106 3054 munientibus,
1122 3017 1204 3051 quod
1222 3016 1347 3045 invitus
1364 3017 1488 3047 accedit
1505 3018 1546 3046 ad
1562 3017 1671 3053 ipsum

875 3069 1079 3097 responsum.

1338 3153 1403 3198 35
