2023 3350
258 140 339 180 664

259 259 438 285 Miinscher.
488 253 603 281 Brandt
636 252 672 279 Z.
706 250 726 278 f.
759 252 874 285 Gyntn.
902 246 987 277 1874
1013 257 1041 284 p.

259 301 297 329 et
329 311 394 335 sqq.
429 304 496 334 post
529 305 657 325 versum
689 294 753 323 23⁹ss
786 302 921 330 pausant
959 296 1044 323 iuhet

259 356 346 375 esse:
391 347 473 372 daun
503 343 613 376 fliegen
650 342 700 369 die
731 344 892 369 Schwane
920 341 1045 369 wieder

260 393 293 420 in
317 392 366 418 «lie
391 389 472 417 Lut‘t.
521 385 604 416 Sieh'
631 387 696 415 wie
721 387 769 414 sie
793 389 873 425 jetzt
901 388 1046 414 zurtick-

260 438 388 471 gekehrt
410 435 462 462 mit
490 433 710 462 rauschenden
724 433 860 467 Flt'igeln
881 433 1046 467 scntagen,

260 482 413 510 nachdcm
445 480 493 507 sie
524 480 557 507 in
590 480 694 507 voller
717 479 840 507 Schaar
875 478 933 506 den
957 478 1047 505 llim-

259 528 320 555 mel
346 526 479 561 singend
506 532 662 560 umzogen
700 526 820 559 nahem,
866 531 902 551 so
934 523 973 551 ist
998 523 1048 551 die

262 573 361 599 Fiotte
384 576 441 599 etc.
490 571 643 599 Steudner
667 571 687 597 l.
707 570 727 597 l.
754 567 889 597 rinscre
913 566 1049 607 polum.-

260 618 327 645 wie
345 618 392 645 sie
418 617 449 644 in
476 617 534 644 den
558 616 652 644 Kreis
681 617 846 650 geschaart
867 615 925 642 den
943 615 1048 641 Boden

262 666 379 691 hesetzt
418 663 481 689 und
523 663 572 690 ihr
606 661 779 689 frohliches
815 659 1050 694 Geschrei,er-

261 711 361 737 hohen
403 710 515 736 haben.
564 708 623 735 Sed
668 709 759 734 hahet
802 705 1050 740 explicationem

261 755 357 782 etiam
383 753 564 781 meliorem:
602 749 662 780 Illi
686 760 716 780 v.
753 749 816 779 397
851 756 925 780 sunt
975 759 1050 784 sein

264 800 425 835 Virgilius
461 799 546 827 enim
569 798 695 826 dixerat
733 794 783 825 bis
818 794 903 832 seni,
938 797 1050 825 deinde

262 853 317 880 pro
344 847 374 873 et
399 847 494 872 coctu
524 843 620 873 scribi
643 844 741 871 iubet:
777 839 812 871 hi
838 845 935 871 coetu
959 844 1051 878 „also

263 893 357 919 sechs
389 891 493 918 sitzen
533 892 649 923 sciton,
691 890 784 916 seclis
821 887 933 924 ssiegen
971 890 1052 917 noch

262 938 326 965 und
360 937 547 969 gesammelt
573 934 704 969 (coetu)
731 934 844 969 zeigen
875 934 923 962 sie
953 935 1053 962 durch

263 983 313 1010 ihr
354 981 503 1010 Geschrei
544 981 612 1009 ihre
649 979 797 1008 Ankunft
834 980 892 1007 den
936 980 1053 1008 bereits

263 1028 429 1056 sitzenden
470 1029 653 1056 Schwanen
702 1032 754 1054 an.
781 1025 902 1058 ·Quem
949 1027 1053 1054 locum

263 1081 361 1108 quum
407 1073 521 1102 iterum
567 1072 737 1108 attigerim,
796 1070 860 1098 iam
908 1071 1056 1099 confiteor

264 1128 318 1155 per
340 1120 448 1147 ludum
471 1127 520 1147 me
543 1118 730 1152 explicasse
752 1110 935 1153 {stit‘tfot'tctt'
959 1124 1056 1151 quum

263 1167 326 1194 sint
352 1159 478 1203 R'dfiqe,
505 1172 607 1199 neque
629 1166 688 1192 hoc
713 1167 832 1197 aptum.

310 1210 385 1241 413.
415 1209 484 1240 Aut
513 1214 587 1246 post
627 1209 830 1245 negationem
870 1207 908 1238 cf.
943 1205 973 1244 3,
999 1204 1052 1235 43.

266 1259 345 1287 Dele
367 1265 449 1293 quae
473 1257 514 1287 ad
542 1265 575 1285 v.
599 1255 722 1290 scripta
747 1258 831 1283 sunt.

312 1302 387 1333 42¹¹.
410 1304 504 1333 terris
528 1303 615 1332 infra
639 1301 819 1331 iacentibus

311 1348 387 1378 43⁰.
421 1347 478 1378 Gr.
503 1350 607 1378 scribe
633 1356 677 1383 pr.
707 1344 762 1376 Gt.

312 1393 387 1424 439.
414 1395 596 1431 significare
624 1396 750 1423 docetur
780 1392 871 1421 lociS.
908 1406 945 1412 ——·
980 1392 1056 1420 Post

269 1439 298 1477 6,
325 1439 389 1468 579
415 1442 494 1469 adde
520 1438 551 1475 9,
574 1439 651 1469 530.

312 1484 387 1515 455.
414 1489 500 1515 Male
531 1486 627 1515 retuli
654 1486 691 1513 de
721 1481 804 1513 Rho.
852 1484 939 1511 Idem
962 1482 1058 1510 tradit

267 1533 348 1567 quod
396 1529 462 1561 Hn.
504 1536 532 1560 et
580 1528 663 1571 Wg.
704 1538 778 1559 esse
814 1527 902 1558 inter
951 1535 985 1555 se
1022 1527 1056 1554 in

269 1579 425 1616 Fill‘liyh
460 1575 554 1606 intra
596 1584 631 1604 se
683 1576 716 1605 in
743 1584 768 1604 c.
817 1574 900 1603 Illud
949 1578 1056 1601 autent

269 1622 359 1651 inter
404 1631 439 1651 sc
482 1623 623 1652 maxime
670 1622 858 1656 interpretes
906 1620 1059 1647 exercuit.

268 1670 408 1697 Schenkl
432 1673 464 1697 ut
498 1672 615 1697 tutetur
645 1668 732 1696 eiieit
757 1675 788 1695 v.
816 1663 878 1693 445
898 1669 925 1692 et
950 1664 1063 1692 scribit

267 1712 419 1742 [notram
458 1718 487 1742 et
529 1711 704 1741 mirantur
740 1711 938 1741 assentiente
967 1710 1061 1737 Miin-

267 1763 395 1789 schero:
436 1762 495 1788 hoc
519 1756 695 1786 mirantur
720 1758 803 1786 inter
827 1765 862 1785 se
885 1756 951 1783 iam
978 1755 1064 1782 dedit

276 1803 324 1833 ΡΙ.
356 1805 457 1840 (quod
487 1804 582 1833 omisi
606 1802 884 1837 commemorare),
910 1802 966 1829 sed
993 1808 1062 1829 ser-

269 1855 342 1879 vato
364 1859 459 1879 versu
487 1847 564 1878 454.
604 1850 648 1877 At
677 1846 800 1877 mirari
825 1846 915 1876 inter
942 1854 976 1873 se
999 1854 1063 1874 non

269 1902 370 1931 potest
387 1896 571 1929 significare
589 1895 679 1925 aliud
705 1895 787 1922 nisi:
813 1894 969 1922 mirantes
982 1892 1063 1920 inter

267 1952 302 1971 se
342 1943 585 1977 colloquuntur,
633 1942 715 1969 alter
746 1940 841 1968 alteri
869 1943 1064 1973 quantopere

268 1990 398 2017 miretur
420 1988 567 2022 exponit,
614 1987 731 2015 locutio
763 1992 843 2014 sane
871 1991 1063 2019 praegnans.

270 2036 405 2063 Brandt:
454 2035 510 2068 ⁴„ln
535 2033 617 2061 inter
639 2041 673 2061 se
702 2034 802 2060 steckt
834 2031 887 2060 ein
915 2030 1063 2058 Fehler.“

268 2081 421 2109 Emendat
461 2087 515 2114 pro
553 2077 642 2106 inter
675 2085 709 2105 se
740 2078 905 2106 scribendo
935 2073 1063 2104 varias.

271 2127 393 2159 Pergit:
447 2126 602 2154 ..Aeneas
627 2123 731 2152 durfte
755 2124 841 2152 nicht
877 2129 1063 2158 vergessen.

269 2174 345 2200 dass
372 2181 406 2200 er
431 2179 490 2199 zur
514 2170 657 2203 Konigin
679 2171 811 2202 wollte3
863 2170 933 2196 also
961 2166 1065 2196 durfte

268 2227 302 2246 er
333 2219 375 2246 im
411 2217 542 2250 Tempel
583 2216 670 2244 nicht
704 2215 755 2243 die
784 2215 893 2242 Bilder
937 2221 972 2242 so
1011 2221 1066 2246 ge-

267 2265 431 2292 machlich
457 2264 594 2297 ansehn,
630 2269 728 2289 wenn
755 2268 789 2289 er
816 2260 900 2289 nicht
927 2263 1066 2295 wusste,

268 2312 346 2338 dass
375 2317 410 2338 er
446 2309 498 2337 die
529 2308 609 2336 Dido
640 2306 749 2335 treffen
777 2303 921 2334 werde.“
969 2305 1064 2333 Post:

270 2357 423 2391 ..Aeneas
465 2358 587 2383 musste
634 2353 734 2381 durch
773 2353 834 2380 den
876 2353 1067 2379 Menschen-

270 2407 386 2437 strom,
431 2401 487 2429 der
515 2400 548 2427 in
580 2399 685 2427 dieser
716 2398 880 2433 Richtung
911 2397 983 2425 sich
1017 2399 1072 2424 be-

270 2452 387 2481 warte,
412 2446 636 2475 aufmerksam
661 2444 793 2472 werden
819 2444 883 2471 und
906 2443 979 2471 hald
998 2450 1071 2470 ver·

270 2496 415 2527 nehmen,
438 2493 515 2521 dass
530 2491 612 2519 Dido
634 2489 668 2517 iu
687 2491 749 2517 den
765 2490 895 2523 Tempel
914 2484 1072 2517 kotulne.“

274 2536 344 2567 Mo.
374 2537 392 2566 2
419 2546 447 2573 p.
476 2536 516 2565 33
543 2535 655 2569 recipit
681 2532 775 2563 intra
802 2543 836 2561 se
860 2538 889 2563 et
911 2534 1070 2568 explicat:

271 2586 425 2620 ..Aeneas
450 2584 535 2611 intra
561 2590 606 2614 se.
635 2583 694 2610 hoc
709 2585 757 2609 est
777 2580 894 2609 tacitus
915 2580 1071 2608 artificum

270 2638 366 2664 opera
406 2629 604 2663 admiratur,
654 2635 715 2661 quo
757 2627 903 2660 exemplo
944 2625 1072 2653 Plinius

269 2677 372 2705 maior
400 2675 480 2704 dixit
511 2676 549 2709 X,
585 2670 647 2700 118
685 2670 780 2700 intra
821 2673 926 2699 semet
964 2668 1072 2698 medi-

270 2719 340 2749 tari
370 2726 397 2749 et
431 2720 653 2755 Quintilianus
685 2715 779 2746 intra
813 2724 847 2744 se
881 2714 1072 2755 disponere,

271 2775 473 2805 componere
497 2767 536 2802 X,
566 2765 595 2795 6.
626 2762 659 2793 2.
686 2764 741 2797 XI,
768 2761 798 2799 3,
825 2760 856 2790 2.
904 2759 988 2790 Hel».
1016 2762 1072 2796 qui

271 2821 411 2850 operum
437 2820 500 2840 non
526 2813 663 2840 multum
691 2811 782 2837 abest
824 2812 856 2836 ut
883 2812 988 2836 sumat
1017 2815 1071 2842 pro

273 2866 474 2895 operarum,
515 2858 571 2885 sed
607 2860 689 2884 recte
721 2863 778 2889 per
812 2861 916 2892 opera
948 2853 1072 2886 signari

276 2904 360 2930 vlunt
387 2903 562 2937 operarios,
589 2907 683 2935 atque
709 2901 756 2928 ita
781 2899 945 2934 explicat..
967 2900 1073 2926 ivah-

275 2950 351 2975 rond
375 2950 505 2977 Aeneas
535 2948 691 2977 statlnenti
718 2948 777 2974 das
804 2945 940 2980 (hume)
959 2945 1073 2972 Unter-

277 2994 436 3021 Einander
475 2995 529 3022 der
574 2993 780 3022 scltaffentiett
812 2992 970 3019 Ktinstler
1009 2990 1072 3018 und

276 3039 480 3067 arbeitenden
507 3039 742 3068 Werkuteister
767 3034 976 3066 betrachtet.“

946 133 1183 168 ADDENDA.

1135 248 1211 280 461.
1239 252 1271 288 5,
1300 250 1377 281 639.
1415 249 1446 288 8,
1473 248 1549 279 613.

1138 293 1213 325 471.
1240 298 1356 327 dictum
1381 299 1418 327 de
1441 298 1495 334 iis,
1519 296 1573 331 qui
1597 295 1685 325 caesi
1706 299 1782 324 sunt

1139 338 1214 370 497.
1246 340 1325 371 u'd.
1358 344 1486 378 Brandt,
1526 343 1699 371 altinscher
1742 338 1883 369 iuuenes

1093 391 1221 415 sumunt
1244 395 1315 416 esse
1345 389 1500 425 virgines,
1524 396 1588 422 qua
1619 388 1652 416 in
1682 395 1716 415 re
1744 385 1884 421 praeivit

1097 429 1177 465 Br.‚·
1224 432 1278 466 qui
1310 435 1421 462 cedent
1453 434 1636 463 auctoritati
1666 432 1762 461 Gellii
1789 429 1820 467 9,
1844 429 1882 459 9:

1094 478 1200 511 „Dido
1242 477 1273 505 in
1315 480 1392 507 urbe
1432 480 1537 508 media
1580 478 1764 514 ingrediens
1802 477 1884 505 inter

1095 523 1211 558 Tyrios
1237 523 1408 558 principes,
1432 526 1519 553 cultu
1535 529 1629 559 atque
1647 525 1779 553 incessu
1799 522 1885 551 serio

1095 573 1154 597 etc.
1206 568 1363 602 Quoniam
1388 571 1473 598 hunc
1504 571 1608 599 locum
1633 571 1746 598 iterum
1771 568 1886 603 attige-

1096 615 1171 649 rim,
1214 621 1373 648 apponam
1419 616 1517 642 verba
1547 611 1611 644 Ftn‘
1649 617 1690 644 ad
1734 613 1887 653 stipante

1097 659 1274 696 „Activam
1306 660 1575 688 constructionem
1608 661 1747 695 passiva
1788 660 1887 688 multo

1097 705 1257 734 fortiorem
1279 713 1368 742 esse,
1396 713 1467 733 cum
1489 706 1706 734 voluntariam
1732 707 1887 734 iuvenum

1096 751 1280 781 comitatum
1304 750 1468 786 significet,
1490 750 1523 778 in
1547 755 1690 785 promptu
1709 750 1789 780 est.“

1144 795 1220 824 506.
1252 793 1385 824 Solium
1410 800 1459 824 est
1482 795 1567 831 regis
1594 795 1634 826 cf.
1658 793 1689 833 8,
1715 794 1791 825 541.

1143 838 1219 870 518.
1246 842 1425 870 nuntiatum
1449 845 1497 869 est

1144 885 1222 915 519.
1247 888 1353 916 Venia
1366 892 1414 915 est
1429 887 1557 921 Gnade;
1583 886 1715 916 veniam
1727 887 1892 922 postulare

1100 942 1163 961 non
1185 934 1270 962 licet.

1146 977 1222 1007 527.
1247 979 1315 1007 Etsi
1348 978 1433 1007 enim
1459 978 1599 1006 Penates
1629 985 1658 1013 g.
1689 984 1717 1006 e.
1750 976 1771 1005 f.
1801 976 1839 1005 L.
1863 982 1894 1005 a.

1100 1028 1190 1054 erant
1211 1030 1244 1061 t.,
1269 1032 1369 1059 quare
1394 1025 1414 1052 i.
1441 1032 1468 1052 c.
1494 1032 1523 1060 g.
1549 1023 1753 1060 emigrabant

1147 1068 1223 1099 532.
1249 1071 1318 1099 dele
1343 1068 1375 1107 8,
1400 1067 1478 1098 268.

1148 1114 1225 1144 533.
1257 1113 1401 1145 Gentem
1428 1123 1482 1149 pro
1503 1118 1589 1143 terra
1603 1113 1667 1143 dici
1687 1121 1751 1142 non
1767 1113 1898 1142 docetur

1102 1162 1184 1191 locis
1220 1168 1240 1190 a
1272 1169 1322 1190 me
1352 1161 1466 1190 allatis
1502 1168 1604 1195 neque
1643 1161 1714 1188 loco
1754 1158 1896 1194 Nepotis,

1103 1216 1196 1243 quem
1223 1204 1286 1236 LA.
1318 1207 1424 1243 affert,
1464 1214 1567 1241 neque
1591 1207 1712 1235 Graeco
1737 1205 1897 1234 vocabulo

1107 1249 1230 1292 ὁῆμος,
1255 1261 1316 1288 quo
1341 1260 1421 1281 usus
1445 1256 1495 1281 est
1524 1248 1569 1279 W
1571 1259 1608 1289 g.
1639 1253 1752 1286 Itaque
1769 1249 1900 1280 Oenotri

1103 1299 1252 1328 dicuntur
1276 1299 1351 1327 Itali
1376 1299 1449 1327 sive
1468 1305 1547 1333 gens
1569 1297 1678 1326 Italia.

1148 1342 1224 1373 548.
1257 1341 1337 1372 Wd.
1362 1352 1425 1372 non
1451 1351 1511 1372 nec
1533 1343 1590 1371 sed
1614 1350 1656 1371 ne
1682 1341 1818 1378 praefert

1147 1388 1223 1418 562.
1249 1391 1318 1426 lege
1347 1388 1411 1418 etsi
1436 1397 1491 1423 pro
1517 1385 1599 1418 etsi

1149 1434 1226 1473 603,
1252 1435 1271 1463 5
1298 1435 1491 1464 affirmantis
1517 1434 1556 1463 cf.
1583 1433 1614 1472 5,
1642 1430 1718 1462 688.

1149 1479 1226 1519 607,
1254 1479 1306 1510 11.
1331 1481 1574 1509 intransitivum

1150 1525 1226 1556 669.
1252 1528 1427 1556 Mtinscher
1446 1525 1558 1560 recipit
1581 1525 1799 1554 coniecturam
1813 1525 1901 1554 Heu-

1106 1573 1218 1604 manni
1240 1575 1277 1601 ut
1301 1580 1347 1607 pr.
1374 1575 1404 1600 et
1428 1576 1458 1600 et
1483 1569 1548 1599 670
1569 1568 1670 1600 Nunc
1694 1579 1750 1606 pro
1775 1567 1876 1600 hunc.

1157 1617 1234 1655 691,
1262 1616 1292 1647 6.
1320 1616 1350 1653 3,
1375 1616 1428 1646 51.

1154 1663 1231 1700 744,
1261 1662 1279 1692 3
1304 1665 1389 1693 dele:
1414 1663 1575 1699 Virgiliae

1154 1709 1231 1747 744,
1255 1710 1276 1738 8
1303 1710 1505 1739 nutriverant

1155 1755 1231 1785 755.
1260 1758 1360 1785 Flach
1391 1757 1479 1784 Ihrb.
1511 1752 1598 1782 1874
1632 1762 1663 1789 p.
1689 1751 1754 1782 855
1788 1761 1904 1783 assen-

1107 1803 1189 1832 tiens
1228 1800 1300 1832 Rho
1330 1803 1416 1831 eiicit
1449 1799 1513 1828 755
1545 1808 1592 1835 sq.
1627 1804 1658 1829 et
1698 1807 1802 1829 annos
1857 1799 1904 1828 ita

1109 1849 1266 1884 disponit:
1313 1849 1354 1877 Λ.
1386 1846 1411 1876 1.
1457 1849 1601 1875 Sommer
1631 1848 1716 1875 nach
1742 1846 1797 1874 der
1825 1846 1904 1874 Zer—

1109 1899 1250 1928 sterttng.
1277 1894 1469 1923 Aufenthait
1497 1893 1540 1921 im
1569 1892 1704 1928 Gebirge
1734 1892 1803 1929 Ida,
1834 1891 1906 1919 Bau

1110 1942 1164 1970 der
1188 1942 1289 1969 Flotte
1326 1939 1379 1974 (Is
1417 1947 1560 1968 errorum
1581 1946 1688 1967 annus
1725 1945 1790 1966 non
1823 1937 1904 1972 est).

1112 1985 1142 2015 2.
1158 1987 1348 2015 Aufentltalt
1361 1986 1394 2013 in
1408 1985 1576 2014 Thracien.
1597 1985 1721 2013 Aenos.
1737 1981 1767 2012 3.
1782 1983 1905 2011 Ueber-

1111 2033 1195 2061 fahrt
1235 2035 1319 2061 nach
1356 2033 1465 2060 DeloS.
1521 2029 1715 2058 Aufenthalt
1749 2029 1904 2058 daselbst.

1112 2080 1209 2108 Fahrt
1234 2080 1317 2107 nach
1343 2078 1447 2106 Creta.
1472 2077 1675 2112 Pergamum.
1710 2072 1740 2103 4.
1769 2074 1908 2103 Aufent-

1112 2126 1179 2153 halt
1213 2125 1245 2153 in
1283 2125 1387 2153 Creta.
1438 2123 1497 2151 Die
1526 2123 1612 2150 Pest.
1660 2120 1692 2149 5.
1717 2121 1815 2149 Fahrt
1842 2127 1908 2148 von

1113 2172 1299 2199 Buthrotum
1330 2171 1414 2198 nach
1444 2170 1636 2202 Drepanum.
1685 2167 1812 2195 Besuch
1852 2167 1909 2195 des

1112 2218 1261 2246 Acestes.
1317 2215 1347 2243 6.
1390 2214 1583 2243 Aufenthalt
1622 2213 1668 2242 im
1712 2213 1907 2241 westiichen

1116 2263 1262 2291 Sicilien.
1308 2262 1373 2289 Tod
1406 2261 1461 2288 des
1501 2259 1676 2288 Anchises..
1724 2255 1755 2286 7.
1779 2258 1908 2287 Zweite

1113 2310 1271 2343 Landung
1295 2307 1328 2335 in
1342 2306 1487 2335 Sicilien.
1515 2303 1772 2340 Leichenspiele.
1804 2304 1909 2333 Grun-

1114 2356 1201 2389 dung
1225 2356 1279 2383 der
1305 2353 1452 2381 Kolonie.

1440 2426 1516 2460 Lib.
1548 2429 1593 2460 ΙΙ.

1165 2488 1195 2520 9.
1222 2491 1309 2524 Quod
1343 2489 1460 2523 scripsi
1488 2485 1593 2517 etiam
1623 2495 1678 2525 ap.
1712 2483 1910 2516 Ciceronem

1119 2545 1158 2565 ne
1185 2545 1277 2571 quent
1305 2537 1337 2564 in
1366 2542 1505 2564 errorem
1538 2534 1686 2569 inducat,
1731 2533 1911 2562 addendum

1119 2587 1194 2618 puto
1220 2591 1294 2610 esse
1318 2584 1377 2610 hoc
1391 2583 1525 2609 verbum
1552 2580 1636 2614 apud
1654 2578 1804 2613 antiquos
1829 2579 1912 2607 scri-

1119 2633 1224 2663 ptores
1252 2628 1368 2662 uhiuue
1401 2625 1665 2660 intransitivum,
1704 2624 1912 2653 transitivum

1119 2683 1181 2703 non
1215 2674 1351 2709 reperiri
1380 2675 1454 2700 ante
1478 2672 1572 2699 Lucr.
1593 2668 1619 2705 1,
1641 2668 1717 2706 250,
1743 2671 1799 2699 sed
1827 2672 1914 2700 hunc

1119 2721 1225 2755 ipsum
1250 2720 1437 2753 scriptorem
1463 2717 1543 2745 alibi
1572 2719 1632 2745 hoc
1653 2718 1752 2745 verbo
1783 2715 1831 2744 uti
1857 2723 1912 2750 pro

1119 2766 1340 2797 intransitivo,
1365 2772 1424 2792 nec
1442 2763 1550 2791 minus
1575 2761 1708 2790 Livium
1732 2762 1859 2797 ubique.

1166 2809 1217 2840 37.
1247 2809 1288 2839 13
1317 2812 1387 2839 dele
1416 2809 1446 2843 5,
1470 2806 1524 2837 68.

1166 2854 1218 2884 48.
1245 2859 1321 2885 ch.
1349 2857 1416 2884 dat:
1443 2856 1523 2883 latet
1546 2861 1633 2882 error
1655 2860 1750 2888 equo:

1166 2900 1218 2930 9-1.
1245 2899 1554 2937 plusquamperfecti

1167 2946 1240 2975 119.
1267 2949 1373 2977 Adde:
1399 2946 1439 2975 cf.
1469 2944 1520 2981 10,
1547 2942 1624 2972 519.

1168 2990 1242 3021 121.
1269 2991 1337 3022 Me.
1363 2993 1450 3021 Adv.
1475 2992 1528 3020 Cr.
1556 2988 1586 3024 2,
1609 2997 1639 3023 p.
1669 2984 1713 3015 34
1743 2987 1826 3016 coni.
1859 2984 1915 3016 cui

1114 3038 1200 3076 sata
1226 3041 1340 3079 paret,
1367 3045 1468 3078 quem
1489 3036 1611 3076 poscat
1638 3029 1777 3073 Apollo.
