2023 3350
279 132 360 170 33¹0

843 127 879 158 Ρ.
906 126 1103 159 VIRGILII

1139 126 1349 159 MARONIS

277 240 484 282 Ascanius
524 238 629 279 clari
671 237 827 279 condet
866 238 1130 291 cognominis
1168 239 1336 280 Albam.

279 297 405 338 Haud
441 297 608 337 incerta
649 309 767 336 cano.

828 294 950 336 Nunc
986 309 1073 348 qua
1107 296 1276 337 ratione
1319 296 1434 349 quod
1475 297 1610 338 instat

278 353 493 407 Expedias
527 353 689 403 victor,
721 352 893 406 paucis,
924 351 1122 403 adverte,
1162 352 1338 394 docebo.

277 410 467 452 Arcades
502 409 568 450 his
609 409 718 459 oris,
761 423 892 462 genus
928 423 954 450 a
989 409 1185 450 Pallante
1225 410 1478 463 profectum,

279 468 361 518 Qui
400 480 545 520 regem
584 466 836 507 Euandrum
873 466 1072 517 comites,
1113 466 1186 519 qui
1223 467 1345 520 signa
1383 469 1528 522 secuti,

279 525 488 578 Delegere
525 524 667 565 locum
702 527 745 564 et
776 537 957 577 posuere
989 524 1032 564 in
1068 523 1287 565 montibus
1324 525 1475 567 urbem

278 581 488 624 Pallantis
528 581 678 634 proavi
714 580 767 622 de
801 581 970 622 nomine
1010 581 1290 622 Pallanteum.

279 640 335 680 Hi
372 639 533 681 bellum
575 637 755 680 adsidue
793 637 956 679 ducunt
987 652 1083 678 cum
1124 641 1249 691 gente
1283 639 1458 692 Latina3

1870 642 1893 679 ῼἾ

1900 642 1922 679 <51

278 697 370 738 Hos
407 696 561 738 castris
595 695 753 737 adhibe
790 695 953 746 socios,
992 698 1034 736 et
1076 694 1252 736 foedera
1281 696 1420 749 iunge.

279 755 376 809 Ipse
416 767 495 807 ego
535 756 578 795 te
614 753 720 806 ripis
760 756 802 793 et
838 756 959 794 recto
991 752 1165 794 flumine
1202 753 1368 804 ducam,

280 811 517 853 Adversum
553 810 682 852 remis
720 824 895 863 superes
931 809 1160 851 subvectus
1195 814 1244 851 ut
1280 824 1459 852 amnem.

281 870 417 922 Surge
457 882 558 921 age,
597 871 698 909 nate
738 867 838 918 dea,
877 868 1113 921 primisque
1153 867 1405 909 cadentibus
1446 867 1576 910 astris

279 926 434 968 Iunoni
470 925 536 967 fer
572 925 654 967 rite
688 938 857 978 preces,
894 925 1088 978 iramque
1128 925 1352 978 minasque

980 982 1088 1023 Mihi
1128 982 1267 1024 victor
1307 983 1513 1024 honorem

579 1041 672 1093 Ego
713 1054 822 1090 sum,
863 1040 991 1093 pleno
1030 1053 1156 1092 quem
1194 1040 1368 1081 flumine
1401 1041 1540 1081 cernis

281 983 557 1037 Supplicibus
597 996 754 1036 supera
791 982 913 1023 votis.

280 1041 514 1082 Persolves.

1872 929 1925 968 60

281 1098 572 1151 Stringentem
608 1098 726 1151 ripas
757 1100 801 1138 et
836 1097 1015 1151 pinguia
1056 1097 1172 1138 culta
1208 1101 1435 1150 secantem,

282 1155 514 1197 Caeruleus
552 1154 756 1208 Thybris,
796 1154 916 1195 caelo
957 1154 1228 1207 gratissimus
1258 1155 1408 1196 amnis.

282 1213 364 1254 Hic
402 1212 509 1254 mihi
548 1225 708 1265 magna
747 1210 921 1263 domus,
959 1211 1083 1252 celsis
1121 1215 1254 1266 caput
1293 1212 1473 1254 urbibus
1510 1210 1609 1253 exit.

282 1330 325 1358 tis
352 1329 495 1366 firmant,
533 1337 648 1358 omnes
679 1333 786 1358 autem
819 1337 871 1358 me
904 1333 1080 1365 praeterea,

281 1376 370 1404 locos
391 1375 577 1412 invenisse,
609 1383 673 1403 non
697 1380 744 1403 est
768 1375 951 1410 probabile,
983 1382 1081 1409 quum

281 1422 372 1449 modo
406 1429 461 1455 per
492 1424 616 1455 tempus
647 1421 777 1455 aliquod
819 1421 850 1449 ei
883 1420 929 1448 rei
963 1419 1081 1448 fuerim

281 1466 433 1495 intentus.
483 1467 657 1494 Numerum
682 1470 789 1495 tamen
822 1467 905 1494 satis
930 1473 1082 1501 magnum

281 1511 455 1547 collegisse
483 1511 563 1540 mihi
594 1512 725 1547 videor,
759 1516 792 1540 ut
822 1520 863 1540 ex
895 1518 934 1539 ea
965 1511 1082 1545 repeti-

283 1557 367 1585 tione
396 1564 515 1585 versus
548 1557 735 1592 suppositos
769 1565 842 1585 esse
875 1557 980 1585 doceri
1017 1564 1081 1584 non

282 1610 378 1636 posse
402 1606 566 1637 appareat.
616 1604 725 1637 Neque
745 1603 871 1637 mirum,
897 1603 980 1637 quod
1003 1609 1081 1630 suos

282 1655 399 1676 versus
420 1648 563 1685 repetiit,
589 1655 687 1682 quum
709 1650 829 1676 multos
853 1656 971 1676 versus
996 1647 1082 1675 alio-

284 1700 354 1720 rum
385 1697 551 1727 poetarum
582 1694 637 1721 sed
662 1697 803 1722 mutatos
833 1693 903 1721 suis
927 1693 1081 1721 carmini—

284 1740 341 1766 bus
366 1738 521 1774 intulerit,
547 1739 629 1772 quod
654 1739 761 1767 docuit
785 1738 981 1766 Macrobius.
1027 1738 1082 1766 Sic

282 1785 458 1812 secundum
489 1785 644 1813 Senecam
676 1786 771 1812 Suas.
803 1785 851 1811 III
882 1783 1019 1811 Ovidius
1048 1783 1082 1811 in

281 1829 393 1857 multis
413 1829 565 1858 versibus
581 1829 757 1865 Virgilium
778 1837 863 1864 „non
884 1828 1082 1862 surripiendi

281 1881 418 1911 caussa,
453 1875 508 1903 sed
540 1877 600 1903 hoc
629 1875 754 1911 animo,
796 1879 830 1902 ut
855 1875 956 1902 vellet
981 1881 1082 1907 agno-

282 1918 364 1956 sci“,
389 1923 520 1948 secutus
542 1924 600 1948 est.
649 1921 802 1949 Placebat
821 1920 906 1948 enim
925 1922 1082 1947 bonarum

282 1965 518 1994 sententiarum
550 1967 636 1994 bona
665 1965 820 2000 repetitio.
855 1980 892 1984 —
930 1962 991 1992 Rb.
1025 1965 1082 1993 ad-

283 2011 343 2038 dit:
375 2011 487 2047 „Quae
508 2010 709 2039 intercedunt
730 2008 844 2045 (42—
859 2007 922 2045 49)
945 2009 1083 2038 fortasse

285 2058 324 2084 ab
357 2055 440 2090 ipsis
469 2060 581 2090 poetae
608 2056 724 2084 amicis
758 2056 951 2090 interpolata
974 2053 1083 2084 sunt.“

285 2101 355 2134 Qua
387 2109 421 2129 re
454 2101 614 2138 concedit,
652 2101 728 2129 illos
772 2101 976 2129 intellexisse
1019 2109 1082 2129 non

284 2146 392 2174 minus
422 2154 518 2180 quam
551 2147 675 2182 ipsum,
710 2149 768 2175 hos
797 2154 915 2175 versus
939 2155 1011 2175 esse
1043 2147 1083 2174 ad

284 2191 501 2221 narrationem
538 2192 754 2221 necessarios.
812 2194 924 2220 Nonne
961 2196 1084 2226 poterat

284 2237 367 2265 idem
387 2237 506 2266 sentire
527 2242 639 2267 auctor
658 2237 838 2267 carminis?
879 2237 960 2271 Quid
980 2238 1083 2267 vero?

284 2291 389 2311 nonne
412 2283 489 2319 legit
511 2280 573 2312 Rb.
622 2283 760 2312 Varium
784 2286 812 2311 et
833 2284 973 2311 Tuccam
997 2282 1081 2310 nihil

283 2328 471 2356 addidisse?
528 2329 640 2363 Itaque
671 2332 705 2357 ut
739 2328 844 2363 spurii
876 2328 1000 2362 aliquid
1030 2328 1083 2356 vi-

283 2373 371 2401 disse
397 2374 559 2411 videatur,
582 2374 752 2407 inducitur,
786 2377 819 2402 ut
843 2374 1084 2408 praetervideat

282 2426 335 2447 res
360 2422 482 2455 certas,
505 2423 674 2454 componat
698 2427 750 2448 res
775 2419 1008 2454 discrepantes.

329 2471 383 2503 49.
411 2471 504 2514 quod
538 2471 647 2504 instat
686 2475 795 2503 statim
835 2475 893 2504 tibi
925 2482 1083 2511 peragen-

283 2522 367 2549 dum.
417 2520 464 2549 cf.
489 2521 530 2548 ad
555 2517 590 2557 4,
620 2516 695 2548 115.

329 2573 383 2604 51.
409 2577 535 2613 PallaS,
559 2577 727 2612 Lycaonis
750 2576 847 2613 filius,
871 2577 953 2605 inter
975 2576 1083 2605 Arca-

284 2623 358 2650 dum
383 2629 523 2656 proavos
549 2626 752 2650 memoratur.

330 2676 383 2706 52.
409 2679 562 2707 Evander
592 2677 792 2715 (Pelasgus)
826 2678 989 2707 Arcadum
1024 2686 1081 2706 rex

285 2731 357 2752 cum
387 2728 488 2752 matre
520 2724 654 2753 fatidica
685 2724 858 2752 Carmenta
890 2724 921 2751 in
952 2724 1083 2752 Italiam

285 2768 485 2804 immigravit
508 2769 722 2804 oppidumque
751 2769 889 2798 condidit
916 2769 948 2796 in
977 2773 1083 2797 monte

286 2814 446 2843 Palatino.
501 2816 622 2843 Multae
659 2819 733 2843 sunt
766 2818 794 2842 et
831 2814 947 2842 variae
977 2815 1014 2842 de
1045 2823 1081 2843 eo

286 2859 416 2887 fabulae
450 2859 487 2888 cf.
515 2861 573 2888 Ov.
602 2861 635 2887 F.
670 2858 704 2895 1,
737 2857 812 2887 469.
863 2861 956 2894 Prop.
988 2857 1023 2890 4.
1052 2858 1080 2887 1.

286 2905 358 2932 Liv.
386 2901 421 2939 1,
447 2902 477 2932 7.
528 2905 620 2933 Dion.
653 2903 686 2937 1,
714 2902 765 2932 33.
800 2906 842 2932 al.

331 2959 384 2987 53.
410 2969 538 2998 ponere
552 2958 666 2989 urbem
684 2961 722 2989 cf.
743 2960 772 2995 5,
797 2959 848 2988 59.
872 2976 908 2980 -
930 2962 965 2988 In
987 2968 1081 2989 mon—

288 3000 377 3033 tibus
408 3006 498 3038 dicit,
532 3007 613 3041 quod
638 3007 770 3035 Aeneae
804 3014 866 3034 non
897 3010 997 3041 potest
1023 3014 1082 3035 ex-

1873 1214 1926 1252 65

1127 1329 1250 1364 plicare
1275 1330 1477 1366 accuratius,
1502 1337 1563 1363 quo
1587 1328 1621 1356 in
1646 1331 1753 1358 monte
1773 1332 1850 1358 urbs
1870 1338 1927 1365 po-

1126 1375 1191 1403 sita
1217 1376 1268 1404 sit.

1173 1421 1227 1449 55.
1257 1418 1393 1450 Bellum
1414 1416 1540 1448 ducere
1559 1423 1606 1448 est
1626 1420 1814 1449 continuare
1832 1421 1926 1450 caeS.

1127 1467 1192 1495 BC.
1233 1463 1267 1502 1,
1300 1463 1353 1495 61.
1401 1465 1477 1494 Liv.
1511 1463 1572 1502 22,
1609 1463 1662 1494 25.
1711 1467 1770 1494 Sil.
1799 1465 1834 1502 5,
1867 1465 1927 1503 97;

1126 1520 1226 1547 quare
1252 1512 1332 1540 illud
1358 1508 1503 1540 assidue
1527 1516 1624 1547 auget
1649 1511 1927 1547 significationem.

1130 1573 1167 1577 —
1195 1558 1284 1591 Quod
1312 1558 1391 1585 deus
1424 1557 1552 1593 suadet,
1587 1557 1661 1591 ipsa
1690 1558 1771 1586 ratio
1797 1565 1929 1592 praece-

1128 1604 1172 1638 pit.
1205 1603 1327 1637 facere;
1369 1603 1425 1631 sed
1456 1602 1567 1636 epicus
1597 1606 1691 1636 poeta
1720 1606 1750 1631 et
1781 1607 1865 1632 recte
1898 1608 1930 1632 et

1127 1656 1229 1683 prave
1250 1649 1390 1684 cogitata
1416 1648 1472 1675 deo
1494 1647 1593 1677 alicui
1611 1648 1757 1677 attribuit
1776 1653 1833 1677 aut
1854 1657 1929 1684 pro-

1127 1695 1205 1729 pitio
1232 1698 1286 1722 aut
1312 1695 1392 1722 irato
1417 1693 1457 1722 cf.
1485 1691 1544 1730 12,
1570 1691 1646 1721 554.

1174 1738 1227 1768 56.
1251 1737 1400 1776 foedera
1438 1736 1549 1778 iunge
1580 1738 1726 1768 firmatur
1763 1740 1860 1769 etiam
1896 1749 1927 1769 v.

1127 1782 1158 1821 7,
1178 1782 1254 1812 546.
1295 1781 1442 1820 foedere
1462 1780 1571 1822 iunge
1591 1786 1671 1812 Mss.
1697 1787 1760 1820 alq.
1785 1790 1814 1814 et
1835 1787 1927 1814 Serv.

1128 1827 1308 1867 „Foedera
1328 1826 1437 1868 iunge
1450 1829 1571 1864 legitur
1584 1833 1613 1857 et
1627 1827 1773 1866 foedere
1786 1828 1929 1870 iungef‘

1127 1875 1246 1904 Mutari
1271 1875 1404 1909 saepius
1431 1882 1448 1903 e
1473 1878 1503 1902 et
1527 1882 1548 1902 a
1576 1875 1720 1904 vidimus
1747 1877 1787 1904 ad
1810 1873 1847 1911 4,
1873 1874 1927 1905 98.

1174 1919 1228 1949 57.
1254 1923 1346 1949 recto
1367 1917 1518 1959 flumine
1556 1920 1577 1949 i.
1610 1929 1636 1949 e.
1670 1925 1753 1950 recto
1786 1920 1930 1951 fluminis

1128 1967 1251 2001 itinere,
1278 1970 1312 1994 ut
1337 1964 1372 2002 6,
1398 1962 1459 1992 901
1490 1966 1582 1994 recto
1606 1963 1724 2003 litore,
1749 1975 1810 1995 non
1834 1968 1930 2002 quasi

1129 2012 1245 2041 flumen
1276 2015 1362 2040 recta
1396 2011 1485 2039 linea
1518 2010 1648 2040 feratur.
1697 2013 1809 2047 Itaque
1841 2010 1930 2052 ripis

1128 2058 1212 2086 idem
1243 2061 1290 2085 est
1323 2057 1405 2092 quod
1436 2058 1529 2084 recto
1547 2054 1708 2094 flumine.
1762 2055 1817 2087 Gt.
1845 2059 1928 2087 coni.

1127 2101 1231 2139 rivis,
1256 2105 1408 2130 retracto
1425 2098 1593 2140 flumine,
1619 2099 1755 2131 ducam.

1174 2146 1227 2176 59.
1254 2144 1457 2175 cadentibus
1479 2144 1585 2175 astris
1610 2147 1649 2176 cf.
1676 2145 1713 2184 2,
1745 2145 1775 2176 9.

1175 2192 1227 2222 60.
1261 2190 1385 2221 Iunoni
1406 2191 1435 2230 f.
1469 2199 1496 2220 r.
1523 2200 1558 2232 p.
1606 2193 1694 2221 Idem
1723 2198 1929 2229 praeceptum

1128 2240 1182 2267 dat
1201 2240 1344 2267 Helenus
1364 2236 1394 2273 3,
1420 2235 1496 2265 435.
1533 2234 1710 2277 Superare
1734 2239 1827 2268 deum
1850 2247 1930 2280 pre-

1129 2282 1224 2313 cibus
1248 2284 1285 2312 cf.
1315 2281 1350 2319 3,
1376 2280 1452 2310 439.

1177 2327 1230 2357 61.
1258 2327 1366 2357 victor
1390 2328 1429 2356 cf.
1461 2325 1496 2363 2,
1522 2325 1598 2356 329.

1177 2372 1229 2403 62.
1256 2376 1293 2403 In
1316 2370 1491 2410 persolves
1513 2373 1595 2402 inest
1617 2374 1757 2403 debitum
1777 2383 1851 2404 esse
1871 2378 1930 2404 ho-

1129 2428 1248 2448 norem.
1299 2418 1346 2447 Cf.
1376 2419 1432 2446 Sil.
1461 2416 1497 2455 4,
1523 2416 1587 2446 739
1619 2415 1726 2448 Nobis
1750 2417 1930 2460 persolves

1128 2462 1269 2493 meritos
1295 2471 1435 2492 securus
1458 2460 1614 2493 honores.

1177 2508 1229 2538 63.
1257 2506 1486 2548 stringentem
1513 2510 1709 2545 „radentem,
1735 2509 1928 2539 imminuen-

1130 2559 1208 2591 tem,
1243 2562 1318 2584 nam
1348 2557 1407 2583 boc
1439 2558 1486 2583 est
1509 2555 1652 2583 Tiberini
1684 2554 1826 2584 fluminis
1854 2563 1928 2589 pro-

1130 2601 1245 2635 prium.
1274 2602 1353 2629 adeo
1372 2603 1407 2628 ut
1430 2602 1470 2628 ab
1492 2600 1637 2634 antiquis
1661 2597 1798 2628 Rumon
1823 2600 1928 2629 dictus

1131 2647 1186 2681 sit,
1212 2646 1306 2680 quasi
1327 2646 1418 2679 ripas
1444 2646 1613 2674 ruminans
1638 2648 1667 2674 et
1691 2646 1842 2674 exedens.
1890 2647 1928 2674 In

1130 2693 1234 2720 sacris
1250 2692 1347 2720 etiam
1367 2687 1474 2718 Serra
1492 2688 1689 2720 dicebatur.“
1707 2692 1739 2718 S.
1759 2705 1797 2709 —
1823 2687 1928 2719 Culta

1130 2738 1371 2766 substantivum
1407 2739 1454 2764 est
1491 2732 1552 2773 10,
1587 2733 1662 2764 141.
1710 2736 1744 2763 G.
1780 2732 1814 2771 1,
1851 2732 1927 2764 153.

1129 2780 1284 2821 pinguia
1311 2778 1406 2809 culta
1431 2781 1470 2810 cf.
1497 2779 1528 2817 7,
1558 2778 1634 2808 562.
1671 2795 1709 2799 --
1737 2783 1928 2810 secantem:

1130 2830 1240 2863 Imago
1271 2831 1320 2855 est
1346 2827 1428 2854 satis
1463 2833 1484 2854 a
1519 2829 1635 2854 natura
1676 2824 1750 2859 ipsa
1783 2829 1928 2863 probata,

1130 2881 1189 2902 nec
1213 2874 1363 2907 exempla
1393 2873 1507 2900 desunt
1537 2870 1576 2900 cf.
1605 2869 1690 2898 Plin.
1715 2871 1782 2898 NH.
1815 2870 1852 2903 5,
1885 2869 1927 2899 22

1137 2915 1278 2957 Cydnus
1301 2915 1449 2945 Tarsum
1470 2923 1600 2944 secans.
1649 2916 1723 2943 Val.
1741 2916 1787 2943 Fi.
1812 2913 1841 2951 4,
1863 2915 1923 2944 601

1136 2959 1298 2992 Proxima
1322 2958 1539 2990 Thermodon
1556 2957 1611 2987 hic
1629 2956 1699 2988 iam
1719 2963 1811 2990 secat
1828 2969 1927 2990 arna.

1176 3006 1229 3036 65.
1258 3008 1316 3036 His
1357 3005 1466 3035 verbis
1509 3005 1662 3034 extremis
1703 3006 1793 3036 fidem
1841 3007 1927 3036 addit
