2023 3350
745 83 981 117 AENEIDOS
1009 85 1095 118 LIB.
1122 85 1163 117 V.

1699 85 1780 125 239

128 198 318 240 Vidisset
356 198 612 252 tristemque
647 197 730 239 hoc
766 196 860 251 ipso
901 197 945 239 in
985 197 1114 239 litore
1153 196 1372 251 pugnam‘.>

128 256 247 297 Haec
287 269 517 310 germanus
558 255 676 309 Eryx
718 255 937 308 quondam
972 258 1072 297 tuus
1112 268 1235 296 arma
1272 253 1473 308 gerebat3
1508 279 1565 285 —

130 313 350 367 Sanguine
391 313 529 354 cernis
564 313 708 354 adhuc
742 327 981 367 sparsoque
1015 312 1177 354 infecta
1218 312 1417 365 cerebro,
1447 338 1506 343 -—

128 371 206 412 His
242 385 446 424 magnum
484 370 663 412 Alciden
699 375 854 412 contra
889 371 1033 423 stetit3
1073 370 1140 411 his
1180 383 1260 424 ego
1294 375 1453 423 suetus,

128 430 242 470 Dum
275 429 429 470 melior
465 429 577 470 vires
619 429 795 482 sanguis
833 428 984 480 dabat,
1034 428 1207 469 aemula
1242 428 1426 470 necdum
1698 431 1781 470 415

129 485 413 540 Temporibus
453 486 631 540 geminis
669 486 853 528 canebat
893 500 1047 540 sparsa
1082 489 1290 527 senectus.

129 543 213 585 Sed
245 544 281 585 si
316 547 466 585 nostra
506 544 642 586 Dares
682 544 790 586 haec
828 544 980 586 Troius
1012 558 1134 585 arma
1169 547 1354 595 recusat,

128 601 263 656 quue
299 602 371 655 pio
407 601 528 643 sedet
561 602 750 654 Aeneae,
795 601 958 656 probat
1000 605 1152 643 auctor
1185 602 1375 653 Acestes,

127 661 369 713 Aequemus
407 673 588 714 pugnas.

649 660 800 714 Erycis
841 659 922 701 tibi
958 663 1082 713 terga
1116 660 1312 712 remitto;

130 718 256 759 Solve
289 721 448 769 metus3
494 720 537 758 et
574 721 622 759 tu
657 718 864 759 Troianos
903 731 1010 759 exue
1053 721 1233 758 caestus.

1699 719 1783 757 420

129 775 248 817 Haec
290 775 405 817 fatus
439 775 655 829 duplicem
695 789 747 817 ex
784 775 975 817 humeris
1014 775 1165 816 reiecit
1205 775 1422 826 amictum,

128 834 185 875 Et
225 847 403 887 magnos
444 832 736 875 membrorum
776 836 916 885 artus,
955 847 1114 887 magna
1151 845 1251 875 ossa
1286 833 1561 887 lacertosque

128 891 281 942 Exuit,
322 894 453 945 atque
484 891 634 944 ingens
675 890 818 932 media
853 891 1049 932 consistit
1087 904 1230 932 arena.

129 949 235 990 Tum
273 952 394 990 satus
426 948 615 990 Anchisa
649 952 818 990 caestus
857 952 982 1002 pater
1014 948 1172 989 extulit
1211 960 1386 1000 aequos,

128 1007 186 1048 Et
221 1006 400 1060 paribus
442 1007 610 1060 palmas
645 1006 870 1048 amborum
905 1006 1103 1047 innexuit
1139 1005 1284 1046 armis.

1698 1005 1780 1044 425

129 1064 334 1106 Constitit
370 1064 414 1105 in
454 1064 614 1118 digitos
651 1064 868 1117 extemplo
908 1066 1105 1104 arrectus
1136 1066 1332 1115 uterque,

127 1122 400 1175 Brachiaque
439 1122 494 1163 ad
530 1135 708 1175 superas
744 1120 968 1162 interritus
1009 1120 1164 1161 extulit
1201 1132 1344 1161 auras.

129 1178 361 1221 Abduxere
400 1183 517 1221 retro
555 1179 681 1232 longe
716 1179 863 1232 capita
901 1177 1040 1220 ardua
1078 1177 1133 1219 ab
1170 1177 1271 1228 ictu,

130 1238 464 1291 Immiscentque
500 1250 652 1278 manus
691 1235 891 1278 manibus
930 1249 1206 1290 pugnamque
1246 1235 1486 1276 lacessunt:

129 1295 209 1338 Ille
251 1294 411 1350 pedum
444 1295 598 1337 melior
639 1298 779 1346 motu,
821 1293 1042 1348 fretusque
1077 1293 1274 1345 iuventa3

177 1481 253 1512 411.
286 1480 412 1512 Tristis
434 1489 584 1522 pugna,
622 1483 704 1516 quod
729 1484 820 1518 Eryx
849 1481 933 1510 ami-

130 1538 188 1559 cus
212 1534 240 1559 et
262 1530 416 1565 magister
441 1527 474 1556 in
497 1535 536 1556 ea
561 1528 691 1556 occisus
718 1532 776 1557 est.

177 1585 253 1616 412.
279 1589 381 1623 Eryx,
408 1585 507 1614 frater
530 1585 664 1613 Aeneae
692 1585 730 1614 cf.
756 1582 784 1622 1,
808 1581 885 1612 570.

178 1641 254 1673 415.
283 1640 434 1673 Aemula
453 1646 604 1671 seneclus
627 1642 721 1676 quasi
738 1643 843 1670 studet
861 1642 934 1670 suis

132 1690 259 1720 viribus
285 1689 463 1725 infringere
487 1688 574 1716 vires
598 1689 716 1716 Entelli
739 1688 777 1717 cf.
806 1686 835 1724 2,
856 1686 932 1716 635.

136 1752 173 1756 -
202 1743 327 1775 sparsa
349 1737 469 1764 canet:
492 1735 606 1768 Itaque
630 1734 696 1762 iam
722 1734 805 1762 inter
825 1734 933 1762 crines

132 1782 285 1811 visuntur
317 1781 392 1809 cani
423 1781 458 1808 in
490 1780 703 1815 temporibus,
746 1780 781 1808 in
814 1780 933 1814 quihus

134 1828 237 1862 prima
283 1827 420 1855 canities
462 1827 543 1854 solet
588 1833 756 1860 apparere.
827 1828 933 1860 Quare

135 1874 275 1902 nondum
300 1876 350 1900 est
375 1880 477 1900 senex
501 1872 700 1906 decrepidus.

181 1927 258 1958 417.
286 1925 463 1966 „'1'roius‚
508 1932 671 1962 tamquam
707 1929 763 1963 qui
798 1937 833 1957 se
870 1936 935 1957 non

133 1976 238 2011 possit
261 1981 448 2009 comparare
475 1973 582 2002 Siculo
610 1974 750 2010 homini,
791 1978 874 2003 certe
900 1975 934 2002 in

135 2024 194 2051 hoc
217 2029 333 2057 genere
360 2017 520 2056 pugnae.“
554 2016 640 2059 Wg.

181 2074 394 2106 418.sc‹1'et.
456 2075 612 2111 Romani,
653 2075 683 2103 si
721 2076 862 2104 nondum
896 2076 937 2104 ad

134 2128 255 2153 certam
282 2124 319 2151 de
344 2123 457 2157 aliqua
480 2130 513 2150 re
535 2121 729 2150 sententiam
749 2129 936 2158 pervenere,

134 2178 207 2199 eam
237 2169 345 2198 animo
378 2170 515 2196 movent
554 2164 630 2195 608.
680 2169 822 2196 versant
859 2164 936 2194 702.

134 2214 279 2245 volvunt
317 2211 352 2252 1,
381 2211 434 2242 50.
469 2211 544 2241 301.
601 2210 810 2252 animusque
842 2209 940 2241 labat

136 2260 173 2299 4,
201 2259 243 2289 22
281 2264 311 2289 et
351 2256 533 2288 consilium
567 2259 631 2287 Cle.
656 2259 723 2287 All.
755 2258 794 2295 8,
823 2255 883 2296 14,
907 2255 938 2286 2.

136 2308 172 2335 Si
205 2308 246 2335 ad
278 2309 400 2335 certam
438 2308 668 2342 pervenerunt,
715 2301 938 2339 constituere,

135 2354 291 2382 statuere
329 2359 401 2380 eam
439 2351 549 2380 dicunt
591 2351 656 2379 Cic.
692 2358 739 2385 pr.
774 2352 862 2378 Man.
902 2347 936 2385 1;

135 2406 238 2432 eaque
260 2397 422 2426 sententia
445 2399 536 2432 stat3
565 2395 661 2431 (hinc
685 2397 755 2425 slat
781 2396 938 2431 imperso-

136 2446 212 2472 nale
232 2452 305 2473 cum
331 2442 492 2471 infinitivo
518 2440 548 2479 2,
576 2440 653 2470 750.
692 2440 742 2479 12,
765 2439 841 2470 678.
869 2442 936 2471 Cic.

137 2491 227 2518 Fam.
260 2487 290 2525 9,
318 2486 348 2517 2.
374 2488 404 2516 5.
454 2491 511 2516 aut
535 2485 628 2516 sedet
654 2488 709 2517 vel
735 2484 865 2525 alicui,
904 2491 938 2516 ut

137 2533 169 2572 7,
197 2531 274 2563 611.
302 2531 354 2571 11,
374 2530 457 2570 551,
494 2535 549 2562 vel
572 2530 690 2562 animo
718 2533 880 2570 alicuius,
904 2538 939 2562 ut

138 2579 169 2619 2,
197 2579 273 2608 660.
299 2577 330 2617 4,
357 2577 414 2615 15,
446 2580 501 2607 vel
523 2579 597 2613 ipsa
614 2587 684 2617 res,
711 2580 753 2607 de*
772 2586 836 2613 qua
861 2588 937 2608 sen-

137 2627 238 2656 tentia
263 2629 327 2663 est,
354 2623 468 2660 sedet,
494 2628 527 2652 ut
552 2627 582 2652 11.
609 2626 630 2652 l.
656 2629 686 2653 et
712 2622 747 2661 7,
773 2622 855 2662 368,
882 2629 937 2653 aut

137 2674 220 2709 fixa,
261 2672 393 2700 immota
428 2674 476 2698 est
509 2670 685 2707 sententia,
727 2678 829 2704 neque
864 2668 937 2699 loco

137 2716 229 2748 cedit
261 2715 291 2753 9,
317 2715 392 2745 220.
442 2714 621 2753 „Auctor‚
651 2716 706 2750 qui
736 2724 786 2744 me
808 2718 848 2745 ad
878 2719 938 2745 hoc

137 2769 300 2794 certamen
341 2760 531 2791 excitavit.“
574 2777 611 2781 ——
658 2758 712 2790 Pl.
745 2769 801 2796 pro
841 2759 938 2792 sedet

137 2810 274 2846 praefert
298 2806 425 2848 placet.

183 2854 260 2885 419.
291 2852 368 2884 Tibi
387 2851 539 2889 remitto,
564 2853 597 2882 in
625 2857 712 2882 lutum
738 2854 938 2883 commodum

137 2902 176 2931 cf.
211 2899 267 2939 11,
293 2898 357 2929 359
394 2897 524 2936 Cedat,
553 2896 608 2927 ius
639 2896 821 2939 proprium
857 2897 938 2941 regi

134 2945 347 2989 patriaeque
371 2942 541 2975 remittat.

184 3002 261 3033 420.
291 3001 396 3034 Solve
417 3005 529 3034 metus
555 3003 575 3032 i.
601 3011 629 3031 e.
656 3002 819 3040 dissolve,
850 3002 939 3031 mitte

1699 1292 1785 1331 430

981 1486 1053 1510 tuos
1079 1484 1206 1518 metus,
1235 1479 1346 1509 desine
1368 1484 1517 1508 metuere.
1569 1479 1623 1507 sic
1654 1475 1680 1513 1,
1708 1475 1784 1506 463.

981 1529 1056 1556 lior.
1089 1529 1142 1561 Ep.
1169 1525 1205 1564 9,
1233 1524 1274 1554 37
1308 1534 1427 1555 curam
1464 1526 1660 1563 metumque
1686 1522 1786 1552 iuuat

980 1570 1077 1602 (lulci
1102 1569 1220 1612 Lyaeo
1249 1570 1394 1601 solvere.
1446 1571 1575 1599 similia
1595 1572 1663 1599 Cal.
1692 1569 1745 1606 31,
1766 1568 1784 1597 7

987 1615 1015 1647 0
1050 1616 1134 1658 quid
1171 1615 1296 1647 solutis
1327 1620 1375 1647 est
1409 1615 1545 1646 beatius
1574 1614 1686 1651 curis,-
1726 1620 1786 1645 ov.

981 1667 1023 1692 M.
1051 1663 1081 1699 9,
1108 1661 1173 1691 274
1202 1662 1279 1692 lras
1312 1661 1464 1692 solverat
1495 1661 1732 1701 Eurystheus3
1757 1666 1788 1690 et

982 1711 1056 1739 Hor.
1082 1710 1117 1739 C.
1148 1708 1175 1746 1,
1197 1707 1250 1746 22,
1274 1706 1312 1737 ll
1341 1707 1504 1748 expedire
1531 1716 1645 1739 curas,

1028 1764 1103 1795 421.
1136 1763 1316 1806 Duplicem
1334 1762 1498 1794 amictum
1516 1767 1690 1801 „abolla1n,
1705 1773 1787 1799 quae

983 1814 1105 1847 duplex
1130 1817 1179 1840 est
1202 1813 1284 1841 sicut
1311 1813 1470 1846 chlamys.
1523 1812 1678 1839 Horatius
1705 1812 1783 1846 (Ep.

986 1857 1011 1895 1,
1043 1856 1093 1894 17,
1120 1856 1183 1893 25)
1223 1856 1353 1887 Contra
1377 1865 1474 1896 quem
1508 1855 1643 1896 duplici
1666 1866 1788 1896 panno

979 1902 1157 1945 patientia
1198 1900 1329 1932 velat.“
1378 1904 1454 1937 Nep.
1487 1904 1557 1930 Dal.
1591 1901 1609 1930 3
1650 1901 1788 1943 agresti

983 1947 1117 1990 duplici
1142 1946 1294 1978 amiculo
1324 1945 1574 1977 circumdatus.

1031 2005 1107 2035 422.
1134 2007 1262 2035 Versus
1286 2008 1491 2041 hypermeter
1516 2005 1580 2033 iam
1608 2006 1697 2034 vires
1724 2007 1787 2034 En-

984 2052 1053 2080 telli
1094 2055 1269 2081 humanum
1304 2053 1433 2081 modum
1469 2052 1662 2080 excedentes
1702 2052 1788 2079 indi-

985 2102 1045 2126 cat.

1032 2151 1108 2181 423.
1138 2150 1279 2182 Exuere
1302 2149 1451 2182 lacertos
1472 2156 1567 2183 veste
1589 2162 1653 2182 non
1679 2155 1788 2183 minus

985 2204 1070 2229 recte
1107 2199 1222 2227 (licitur
1258 2205 1355 2232 quam
1397 2200 1523 2227 vestem
1562 2197 1703 2229 lacertis
1750 2200 1787 2229 cf.

986 2247 1061 2274 Hor.
1088 2245 1186 2279 Epod.
1215 2240 1267 2280 17,
1296 2241 1334 2271 15
1367 2241 1521 2272 membra
1555 2252 1679 2273 exuere
1713 2243 1789 2284 pel-

987 2288 1077 2320 libus
1111 2294 1142 2318 et
1169 2287 1198 2326 6,
1226 2287 1302 2317 229.
1338 2305 1376 2309 ——
1413 2290 1519 2323 Quare
1545 2298 1609 2318 non
1634 2298 1716 2324 opus
1740 2296 1790 2319 est

985 2337 1170 2366 coniectura
1197 2332 1322 2365 exserit
1346 2335 1428 2364 satis
1460 2338 1545 2364 bona
1572 2332 1640 2364 Pli-

1031 2391 1108 2422 426.
1141 2389 1305 2422 Constitit
1344 2389 1380 2420 in
1421 2389 1566 2432 digitos.
1622 2394 1791 2422 Extollunt

985 2448 1036 2477 Se,
1080 2440 1164 2474 quod
1196 2447 1257 2474 quo
1287 2438 1382 2467 altior
1412 2438 1567 2474 infligitur
1598 2440 1712 2476 plaga,
1751 2448 1788 2467 eo

986 2490 1034 2515 est
1059 2485 1295 2520 vehementior3
1322 2485 1420 2512 simul
1437 2492 1498 2518 quo
1522 2484 1620 2512 altior
1647 2488 1706 2521 est,
1732 2485 1787 2520 qui

984 2532 1106 2567 excipit
1139 2533 1286 2567 plagam,
1320 2538 1356 2558 eo
1389 2530 1496 2566 magis
1526 2537 1598 2558 eam
1630 2530 1786 2567 infringit.

985 2578 1032 2607 Cf.
1060 2577 1166 2612 Quint.
1195 2575 1226 2614 2,
1249 2575 1280 2612 3,
1307 2573 1326 2604 S
1355 2573 1505 2605 Statura
1530 2573 1647 2605 breves
1673 2574 1710 2605 in
1736 2574 1790 2606 ‹ii-

983 2622 1080 2665 gitos
1103 2621 1304 2663 eriguntur.

1031 2678 1108 2709 429.
1139 2677 1332 2709 Lacessunt
1360 2685 1542 2718 pugnam,
1581 2679 1787 2714 „Provocant

984 2728 1108 2764 potius,
1143 2733 1239 2761 quam
1268 2722 1402 2761 gerunt⁶⁵
1438 2725 1469 2751 S.
1509 2724 1609 2761 cient,
1646 2729 1788 2762 movent,

985 2776 1116 2802 tentant.
1182 2773 1232 2800 Ita
1269 2768 1327 2807 11,
1357 2766 1423 2797 254
1467 2765 1639 2799 lacessere
1685 2768 1789 2800 bella.

984 2819 1087 2847 Aliud
1112 2822 1160 2847 est
1187 2815 1239 2853 10,
1263 2814 1281 2844 9
1316 2814 1380 2844 lac.
1413 2811 1560 2853 bellum,
1599 2817 1690 2845 aliud
1720 2814 1787 2846 lac.

987 2862 1140 2905 aliquem
1166 2861 1254 2892 bello
1281 2858 1335 2899 11,
1360 2858 1437 2889 842.
1487 2862 1540 2891 Sic
1562 2862 1596 2891 C.
1624 2871 1670 2897 pr.
1698 2865 1787 2892 Man.

986 2908 1004 2938 9
1036 2918 1124 2950 quas
1154 2909 1302 2937 nationes
1330 2915 1511 2946 nunquam
1535 2906 1689 2948 populus
1717 2906 1787 2937 Ro-

985 2963 1113 2985 manus
1149 2962 1259 2994 neque
1299 2950 1522 2982 lacessendas
1558 2950 1647 2983 bello
1679 2961 1792 2993 neque

986 2998 1178 3032 tentandas
1203 2996 1360 3040 putavit.
