2023 3350
304 75 387 114 604

870 79 904 110 Ρ.
933 79 1124 112 viRG1L11
1152 81 1358 116 MAROMS

300 190 411 231 Ante
449 189 584 230 Notos
616 188 939 243 Zephyrumque
978 191 1140 244 volant3
1179 196 1309 247 gemit
1339 196 1491 238 ultima
1526 196 1651 252 pulsu

300 248 464 288 Thraca
498 245 672 298 pedum,
713 246 960 299 circumque
989 251 1112 289 atrae
1146 249 1402 295 Formidinis
1440 268 1527 306 ora,

1839 255 1921 294 335

298 305 496 355 Iraeque,
529 301 817 355 Insidiaeque,
859 303 926 345 dei
959 305 1207 358 comitatus,
1240 314 1446 362 aguntur:

300 360 413 400 Talis
451 373 582 412 equos
621 358 764 401 alacer
800 361 941 402 media
979 362 1090 403 inter
1132 365 1296 416 proelia
1326 367 1490 410 Turnus

299 418 527 458 Fumantes
565 416 721 458 sudore
757 418 913 471 quatit,
950 419 1193 462 miserabile
1231 423 1364 464 caesis

298 473 504 514 Hostibus
543 473 772 526 insultans3
813 476 979 529 spargit
1015 477 1167 530 rapida
1206 479 1367 532 ungula
1404 494 1522 524 rores

299 530 580 583 Sanguineos,
615 532 833 585 mixtaque
872 547 1001 575 cruor
1037 535 1229 576 calcatur
1268 550 1409 577 arena.

1841 539 1923 580 340

296 589 473 643 Iamque
502 589 596 630 neci
631 589 962 643 Sthenelumque
1001 590 1119 633 dedit
1155 592 1497 647 Thamyrumque
1532 595 1804 650 Pholumque,

296 647 420 688 Hunc
455 660 705 700 congressus
741 651 783 688 et
822 647 950 700 hunc,
991 649 1110 690 illum
1150 651 1332 707 eminus3
1372 651 1533 693 eminus
1570 653 1693 695 ambo

296 703 578 754 Imbrasidas,
618 703 825 745 Glaucum
866 709 996 760 atque
1030 707 1193 758 Laden,
1235 722 1342 760 quos
1378 709 1595 751 Imbrasus
1633 711 1724 764 ipse

298 761 521 803 Nutrierat
560 761 709 815 Lycia,
744 762 1007 817 paribusque
1050 769 1278 806 ornaverat
1309 767 1450 816 armis,

297 819 375 860 Vel
409 818 599 860 conferre
635 833 823 871 manum,
858 821 924 862 vel
961 835 1070 874 equo
1109 826 1377 875 praevertere
1412 826 1570 865 ventos.

1842 825 1923 865 345
1980 884 1984 890 .

295 877 428 918 Parta
466 876 552 917 alia
586 876 726 918 media
760 877 969 919 Eumedes
1006 879 1049 920 in
1084 880 1248 933 proelia
1278 880 1425 933 fertur,

296 934 474 987 Antiqui
512 933 652 987 proles
689 934 799 976 bello
832 936 1058 988 praeclara
1097 937 1288 990 Dolonis,

295 992 477 1034 Nomine
510 1005 636 1033 avum
664 991 871 1044 referens,
914 993 1056 1034 animo
1088 995 1373 1049 manibusque
1410 998 1641 1049 parentem,

298 1050 379 1100 Qui
411 1049 642 1103 quondam,
682 1053 825 1091 castra
862 1053 911 1091 ut
943 1051 1139 1092 Danaum
1172 1054 1418 1106 speculator
1453 1052 1604 1105 adiret,

299 1108 438 1149 Ausus
475 1106 645 1148 Pelidae
681 1107 868 1162 pretium
904 1108 985 1150 sibi
1016 1123 1192 1162 poscere
1227 1124 1397 1152 currus:

1845 1111 1926 1150 350

298 1165 425 1207 Illum
464 1164 645 1219 Tydides
680 1164 764 1206 alio
803 1179 880 1218 pro
914 1165 1074 1208 talibus
1112 1167 1226 1209 ausis

296 1222 467 1264 Adfecit
502 1222 661 1276 pretio,
698 1237 775 1263 nec
808 1223 928 1276 equis
967 1223 1162 1278 adspirat
1196 1224 1387 1266 Achillis.

294 1281 419 1322 Hunc
452 1279 603 1334 procul
636 1282 684 1321 ut
724 1294 873 1334 campo
915 1281 1080 1323 Turnus
1122 1283 1344 1336 prospexit
1379 1285 1540 1336 aperto,

344 1431 418 1462 3:34.
443 1434 564 1462 Ventos
593 1440 747 1467 superare
784 1434 948 1463 ceieriiaie
978 1442 1084 1470 saepe,

295 1480 333 1510 cf.
364 1478 390 1515 1,
411 1476 487 1507 317.
513 1479 563 1507 Ac
578 1483 746 1507 ventorum
772 1481 871 1508 Notus
899 1484 927 1508 e!
954 1481 1084 1516 Zephy-

294 1533 350 1555 rus
372 1529 448 1554 sunt
472 1524 682 1558 rapidissimi.
719 1539 756 1543 —
784 1522 909 1553 ultima
934 1528 1014 1562 „hoc
1039 1530 1087 1555 est

297 1575 379 1607 tota,
420 1571 448 1599 si
475 1570 559 1598 enim
585 1571 682 1606 gemit
706 1570 835 1607 ultima,
872 1572 976 1599 omnis
1014 1572 1086 1600 sine

296 1617 399 1646 dubio.
455 1613 591 1644 'Plu-aea
616 1620 722 1644 aulem
744 1615 766 1643 i.
797 1625 822 1644 e.
850 1617 998 1645 Thracia.
1032 1618 1087 1646 Ci-

294 1671 365 1692 cero
392 1663 425 1690 in
448 1663 485 1689 de
510 1662 605 1695 Rep.:
649 1657 794 1689 Colonia
824 1669 900 1690 vero
927 1670 1015 1700 qnae
1038 1664 1087 1691 est

294 1706 447 1737 deducta
473 1715 494 1734 a
518 1703 660 1734 Graecis
682 1702 715 1733 in
741 1703 872 1742 Asiam,
904 1704 1088 1744 Thracam,

296 1750 450 1789 Italiam,
492 1755 521 1779 et
559 1759 619 1779 non
663 1751 744 1778 dixit
791 1748 976 1779 Thraciam
994 1751 1013 1766 “
1054 1755 1084 1780 S.

301 1790 436 1837 Θράκη.
482 1794 618 1825 'I'lzraca
643 1796 780 1832 legimus
801 1804 852 1831 ap.
880 1798 954 1826 Hor.
980 1799 1034 1833 Ep.
1058 1798 1085 1835 1,

295 1842 325 1881 3,
351 1842 380 1872 3.
419 1838 591 1871 Thracam
621 1838 648 1879 1,
680 1839 730 1878 16,
760 1839 810 1870 13.
851 1840 1008 1872 Thracen
1034 1851 1084 1879 ap.

293 1892 388 1919 Lucr.
415 1888 445 1925 5,
471 1886 523 1916 30.
567 1889 625 1916 Ov.
653 1889 687 1916 F.
714 1888 744 1924 5,
771 1885 846 1916 257.

340 1944 416 1974 335.
443 1942 638 1984 circumque
668 1952 806 1972 currum
839 1947 999 1985 aguntur
1023 1954 1085 1976 ora

298 1987 510 2022 Formidinis
536 1990 556 2018 i.
579 1999 605 2019 e.
630 1990 775 2019 Formido
806 1991 843 2019 cf.
872 1988 901 2028 4,
929 1989 1002 2020 132.
1046 2007 1084 2012 —

295 2040 371 2068 ater
400 2037 438 2066 cf.
472 2034 502 2073 9,
534 2033 610 2065 719.
661 2036 706 2065 Cf.
746 2037 860 2064 Martis
904 2038 1087 2067 comitatum

294 2092 346 2119 ap.
376 2084 464 2111 Hom.
490 2083 526 2110 Il.
557 2079 586 2119 4,
618 2078 692 2110 440.

341 2138 417 2168 336.
449 2136 525 2167 Irae
551 2139 599 2167 sic
625 2139 744 2172 plurali
768 2139 887 2168 dictum
913 2144 961 2167 est
987 2141 1088 2168 aVa-

293 2187 371 2216 lerio
394 2185 424 2221 2,
450 2183 512 2211 ‘205
543 2181 665 2220 Pavor,
690 2186 720 2212 et
741 2181 934 2219 Discordia,
957 2182 1086 2214 hirtac-

294 2240 357 2272 quc
380 2227 482 2271 genis
503 2226 717 2268 pallentibus
749 2226 835 2266 Irae,
865 2233 895 2259 et
923 2228 1030 2259 Dolus
1055 2233 1086 2259 et

298 2275 437 2307 Rabies.
491 2276 626 2305 Omnino
656 2276 795 2310 pluralis
839 2273 913 2304 irae
953 2277 1086 2311 saepius

297 2324 380 2358 apud
406 2326 527 2357 poetas.
576 2321 628 2350 Sic
655 2329 687 2350 v.
713 2319 790 2349 494.
814 2319 890 2350 590.
931 2319 982 2356 10,
1007 2320 1084 2351 814.

296 2366 349 2406 11,
376 2367 452 2397 728.

341 2425 417 2456 338.
444 2421 642 2455 miserabile
662 2425 735 2453 adv.
762 2425 800 2453 cf.
825 2424 857 2462 8,
881 2422 955 2453 489.

342 2483 416 2513 340.
454 2480 635 2522 Mixtaque
660 2490 759 2511 cruor
786 2490 894 2511 arena
924 2487 1007 2512 recte
1036 2484 1083 2512 di-

294 2535 389 2567 ctum,
413 2536 606 2564 quamquam
622 2530 758 2564 vulgare
773 2533 822 2557 est
839 2525 946 2557 mixta
966 2529 1085 2558 crucae

297 2584 417 2606 arena.
468 2575 515 2604 Cf.
542 2572 591 2612 11,
616 2572 691 2603 807.

342 2619 415 2650 341.
453 2617 661 2658 Thamyrum
685 2621 798 2658 MPRy
826 2615 1027 2648 Thamirum
1055 2623 1083 2649 1).

303 2664 503 2705 Thamyrim
532 2667 619 2702 vulg.
646 2670 720 2694 ante
747 2663 808 2694 Πὸ.

342 2710 416 2741 342.
446 2709 545 2740 Hunc
575 2720 638 2739 non
673 2719 692 2740 a
732 2718 938 2748 congressas
960 2712 1082 2747 pendet,

295 2760 351 2788 sed
376 2765 396 2787 a
415 2754 490 2786 neci
515 2753 610 2785 dedit
635 2757 673 2786 cf.
697 2765 729 2785 v.
756 2754 837 2792 5103
865 2757 972 2791 itaque
996 2759 1083 2785 Tha-

297 2812 422 2839 myrum
459 2807 488 2832 et
527 2803 663 2831 Pholum
704 2802 859 2837 cominus,
897 2805 1081 2832 Sthenelum

295 2850 422 2878 eminus
443 2849 514 2878 ferit
537 2852 567 2876 et
593 2848 662 2877 neci
687 2849 749 2877 dat.
775 2863 813 2867 —-
841 2845 1083 2877 hunc—hunc

298 2895 337 2923 cf.
365 2893 395 2929 9,
419 2892 495 2922 572.

343 2937 416 2968 344.
442 2938 596 2968 Infinitivi
625 2940 759 2973 pendent
791 2945 812 2967 a
841 2941 940 2967 verbo
970 2936 1082 2967 nntri-

299 2986 388 3021 ενοι,
426 2985 459 3013 in
484 2993 544 3020 quo
570 2986 666 3013 verbo
691 2984 774 3014 inest
801 2985 956 3014 educandi
979 2984 1077 3014 notio.

1132 1437 1217 1464 Solet
1244 1435 1334 1471 iungi
1365 1436 1420 1470 nt,
1468 1435 1522 1463 sed
1557 1441 1653 1468 quum
1674 1434 1756 1468 quod
1782 1434 1924 1462 effectum

1131 1485 1178 1509 est
1203 1481 1408 1517 significetur,
1441 1480 1584 1514 sequitur
1605 1479 1793 1508 infinitivus.
1833 1478 1871 1508 cf.
1892 1476 1922 1515 2,

1132 1523 1195 1554 5:39
1231 1530 1261 1554 et
1297 1524 1347 1553 33.
1397 1540 1434 1545 —
1479 1522 1692 1563 paribusque
1737 1525 1926 1553 ornaverat

1132 1568 1259 1600 armis:
1287 1572 1374 1600 Haec
1400 1573 1498 1600 verba
1522 1571 1638 1598 addunt
1663 1570 1785 1605 aliquid
1808 1577 1927 1599 secun-

1133 1617 1275 1653 darium,
1318 1618 1399 1651 quod
1427 1616 1501 1644 addi
1527 1617 1607 1644 solet
1632 1615 1800 1650 participio
1826 1615 1865 1644 cf.
1892 1612 1923 1652 8,

1135 1660 1208 1689 125,
1258 1664 1369 1696 Itaque
1392 1666 1536 1696 poterant.
1559 1665 1634 1690 aule
1659 1663 1769 1699 verba,
1795 1668 1879 1696 quae
1903 1668 1924 1689 a

1132 1715 1164 1736 v.
1193 1706 1366 1735 nutrierat
1392 1708 1540 1743 pendent,
1565 1706 1686 1735 inferri.

1180 1749 1254 1780 347.
1283 1749 1422 1791 antiqui
1436 1761 1512 1789 „pro
1528 1752 1648 1780 nobilis
1669 1755 1715 1780 est
1732 1749 1873 1788 magni.“
1893 1754 1926 1781 S.

1130 1798 1168 1827 cf.
1197 1795 1227 1832 3,
1257 1796 1329 1826 131.

1178 1842 1255 1872 348.
1282 1843 1459 1880 referens,
1498 1843 1645 1871 reddens.
1693 1842 1762 1871 Avi
1796 1842 1826 1871 ei
1855 1847 1925 1872 erat

1134 1898 1258 1924 nomen,
1292 1889 1394 1924 patris
1427 1897 1504 1917 vero
1530 1888 1619 1917 vires
1640 1892 1670 1917 et.
1693 1889 1841 1917 audacia.
1885 1889 1924 1918 cf.

1131 1932 1162 1972 4,
1189 1933 1263 1963 329.
1288 1950 1325 1955 -
1355 1931 1472 1963 animo
1487 1931 1729 1973 manibusque:
1761 1935 1925 1972 Dolonem,

1134 1982 1171 2010 de
1207 1989 1268 2016 quo
1299 1982 1378 2009 liber
1412 1988 1495 2008 unus
1529 1980 1634 2009 dictus
1664 1984 1709 2008 esi
1740 1980 1856 2008 Iliadis
1881 1980 1922 2015 (1.

1136 2024 1215 2062 10);
1260 2027 1313 2061 qui
1341 2034 1426 2055 unus
1451 2033 1552 2055 ausus
1586 2028 1633 2054 est
1665 2026 1806 2054 nostium
1834 2026 1923 2055 adire

1134 2076 1251 2102 castra.
1300 2072 1410 2101 fortem
1460 2071 1563 2100 fuisse
1608 2070 1704 2100 facile
1752 2072 1920 2101 credimus.

1134 2120 1278 2153 Ignarus
1303 2122 1349 2147 est
1374 2118 1513 2153 habitus,
1538 2117 1619 2152 quod
1636 2116 1716 2153 fugit
1737 2117 1921 2147 Diomedem

1133 2168 1163 2193 et
1189 2164 1327 2197 Ulixem,
1354 2168 1384 2192 et
1408 2165 1490 2198 quod
1511 2164 1687 2197 deprensus
1711 2163 1810 2191 vitam
1835 2164 1922 2199 petil,

1133 2217 1215 2245 quae
1239 2219 1290 2238 res
1310 2210 1391 2238 nihil
1411 2211 1532 2238 docent.
1557 2209 1675 2236 Eadem
1693 2208 1769 2237 facit
1781 2210 1920 2239 Turnus,

1179 2254 1254 2283 351.
1282 2263 1345 2294 pro
1371 2252 1498 2283 talibus
1518 2251 1614 2282 ansis
1633 2258 1666 2282 ut
1682 2251 1711 2289 2,
1740 2252 1824 2285 5:352
1842 2253 1922 2291 for-

1131 2298 1223 2330 tibus
1250 2298 1345 2328 ansis
1371 2298 1400 2337 9,
1426 2298 1500 2328 281.
1549 2300 1741 2335 „Quaeritur
1763 2301 1922 2335 quisante

1132 2349 1216 2375 hunc
1241 2343 1337 2374 amis
1364 2344 1512 2374 dixerit.“
1537 2347 1577 2383 S.
1603 2347 1653 2374 Ila
1674 2353 1778 2373 ausus
1804 2351 1832 2375 et
1857 2355 1921 2375 aa·

1131 2400 1204 2420 sum
1229 2392 1310 2420 inter
1334 2400 1369 2420 se
1393 2391 1498 2420 iunxit
1522 2389 1551 2425 6,
1568 2388 1643 2419 62⁴.
1662 2394 1692 2419 et
1717 2388 1813 2420 ausis
1837 2393 1919 2427 plur.

1131 2440 1189 2466 Ov.
1221 2440 1263 2465 M.
1298 2436 1327 2471 2,
1361 2434 1424 2465 328
1466 2433 1607 2476 magnis
1646 2433 1773 2466 excidit
1812 2435 1919 2467 ausis.

1131 2483 1178 2512 Cf.
1205 2481 1235 2517 7,
1264 2481 1339 2511 562.

1176 2526 1251 2556 352.
1285 2526 1351 2556 Nec
1376 2524 1472 2567 equis
1498 2524 1658 2567 adspirat
1681 2535 1724 2557 sc.
1741 2529 1843 2557 Dolon
1860 2538 1920 2560 nec

1131 2575 1195 2603 iam
1224 2575 1368 2608 adspirat
1402 2574 1440 2602 ad
1474 2581 1591 2611 equos,
1632 2581 1690 2602 nec
1732 2573 1797 2602 iam
1832 2575 1918 2610 cupit

1131 2628 1239 2654 equos,
1289 2621 1341 2649 Sic
1371 2616 1556 2657 adspirare
1590 2616 1636 2646 ad
1662 2615 1798 2657 aliquid
1832 2621 1918 2655 apud

1132 2667 1316 2695 Ciceronem
1353 2665 1470 2701 legitur
1500 2673 1555 2699 pro
1591 2664 1741 2693 affectare
1777 2665 1914 2701 aliquid.

1130 2713 1216 2740 Male
1246 2713 1275 2739 li.
1302 2713 1322 2739 1.
1349 2707 1510 2749 adspirat
1541 2718 1583 2739 ex
1613 2707 1811 2749 adspiravit
1841 2719 1916 2740 con-

1128 2761 1261 2786 tractum
1300 2758 1441 2785 habetur.
1489 2757 1533 2784 Eo
1577 2756 1664 2784 enim
1702 2759 1840 2791 tempore
1878 2757 1916 2786 de

1128 2811 1188 2838 quo
1204 2803 1320 2837 agitur,
1338 2803 1401 2830 iam
1415 2809 1475 2830 non
1485 2801 1638 2836 adspirat.
1648 2801 1772 2830 Versus
1784 2798 1857 2830 351.
1872 2801 1914 2830 52

1128 2849 1243 2877 eiicere
1266 2853 1399 2877 conatus
1422 2852 1470 2876 est
1497 2844 1549 2884 Pl,
1585 2847 1639 2882 qui
1664 2854 1725 2875 uon
1750 2847 1833 2875 vidit
1854 2850 1912 2877 hos

1128 2901 1244 2923 versus
1271 2901 1342 2922 esse
1362 2893 1583 2929 necessarios,
1615 2900 1710 2927 quum
1735 2896 1827 2926 poeta
1848 2893 1913 2922 for-

1128 2939 1205 2968 tium
1238 2940 1380 2968 virorum
1417 2938 1518 2974 patris
1548 2942 1578 2966 et
1609 2937 1665 2966 filii
1703 2937 1844 2967 diversis
1878 2940 1912 2968 in

1128 2986 1222 3014 terris
1246 2986 1355 3014 tristes
1384 2988 1500 3014 mortes
1521 2984 1619 3012 vellet.
1643 2990 1828 3012 memorare.
1877 2986 1911 3014 Si
