2023 3350
725 113 961 147 AENEIDOS
991 116 1074 148 LIB.
1102 117 1147 148 ΙΙ.

118 229 217 283 Ipse
255 227 410 281 trahit,
449 241 662 282 cursuque
701 241 847 270 amens
885 228 941 270 ad
975 229 1123 272 limina
1162 229 1312 272 tendit.

119 287 211 338 Quo
252 300 320 328 res
359 299 523 328 summa
554 286 673 337 loco,
711 285 911 328 Panthu?

117 345 202 387 Vix
238 358 289 386 ea
323 344 439 386 fatus
473 358 608 396 eram,
651 344 813 398 gemitu
847 358 976 398 quum
1012 345 1119 387 talia
1148 345 1311 388 reddit:

117 401 246 445 Venit
280 415 446 444 summa
484 401 574 443 dies
611 404 654 444 et
687 401 962 444 ineluctabile
998 405 1167 457 tempus

114 459 371 502 Dardaniae.
429 460 603 502 Fuimus
641 459 789 512 Troes,
832 459 914 501 fuit

117 517 267 560 Gloria
299 518 571 560 Teucrorum.
629 517 763 559 Ferus
803 518 946 559 omnia
979 517 1175 572 Iuppiter
1206 520 1343 572 Argos

114 575 372 628 Transtulit;
415 575 589 618 incensa
626 575 767 617 Danai
806 575 1082 618 dominantur
1117 576 1162 618 in
1192 576 1309 618 urbe.

113 632 287 675 Arduus
326 637 518 676 armatos
549 633 701 675 mediis
738 634 782 675 in
816 633 1039 675 moenibus
1074 633 1250 676 adstans

113 690 272 733 Fundit
309 705 460 745 equus,
508 692 731 745 victorque
766 690 898 733 Sinon
932 691 1129 734 incendia
1166 692 1315 734 miscet

112 748 347 801 Insultans,
392 750 532 803 portis
575 749 650 792 alii
689 748 982 802 bipatentibus
1021 749 1189 801 adsunt,

1698 117 1751 156 85

955 300 1084 340 quam
1117 288 1364 341 prendimus
1399 287 1572 330 arcem?

950 459 1077 502 Ilium
1115 464 1158 502 et
1197 461 1345 514 ingens
1667 462 1748 501 325

1665 749 1747 788 330

112 806 235 848 Milia
268 810 373 861 quot
413 807 579 861 magnis
618 820 808 861 unquam
848 820 998 848 venere
1033 807 1232 862 Mycenis.

112 864 330 906 Obsedere
370 864 445 906 alii
478 865 575 907 telis
612 868 796 918 angusta
831 864 996 905 viarum

113 922 332 976 Oppositi3
366 926 454 965 stat
485 923 589 965 ferri
622 923 734 965 acies
768 935 970 963 mucrone
1001 935 1180 963 corusco
1233 933 1238 939 ·

113 980 291 1033 Stricta,
332 984 489 1034 parata
528 980 643 1033 neci3
683 980 754 1022 vix
786 979 914 1034 primi

156 1117 231 1150 321.
263 1117 385 1150 Trahit
410 1122 499 1150 modo
523 1124 634 1155 aptum
666 1121 707 1149 ad
735 1129 767 1149 v.
798 1127 904 1160 nepo-

110 1169 179 1197 tem
203 1167 242 1197 cf.
266 1164 320 1196 58.
368 1168 415 1195 De
433 1169 492 1196 lioc
511 1170 678 1202 zeugmate
701 1163 729 1202 1,
753 1164 827 1194 356.
861 1181 898 1185 —-

109 1210 157 1242 ad
180 1209 303 1242 limina
323 1212 471 1248 Aeneae3
494 1219 593 1246 quare
619 1212 690 1240 eius
713 1216 763 1248 „et
788 1211 901 1247 religio

107 1260 258 1288 laudatur
282 1262 312 1286 et
338 1256 465 1286 virtus“
491 1259 522 1286 S.

157 1302 231 1333 322.
262 1301 372 1341 Quam
407 1300 613 1343 prendimus
645 1298 786 1331 arcem?
828 1300 901 1331 Ars

107 1359 171 1379 non
197 1354 244 1379 est
269 1350 360 1378 locus
385 1349 487 1378 muris
512 1353 541 1377 et
566 1349 681 1385 fossis,
711 1349 767 1377 sed
789 1348 899 1377 altitu-

107 1396 181 1425 dine
211 1400 241 1425 et
264 1400 380 1424 natura
409 1395 570 1432 munitus,
608 1403 698 1423 mons
733 1397 899 1429 abruptus,

106 1450 188 1477 quos
210 1443 298 1470 locos
318 1441 463 1470 homines
489 1442 581 1470 sedes
606 1441 669 1469 sibi
693 1443 899 1477 quaerebant,

106 1492 141 1517 ut
173 1488 231 1516 tuti
263 1492 381 1515 essent.
430 1486 476 1516 Cf.
517 1483 612 1516 Nieb.
647 1484 747 1516 Rem.
780 1482 899 1515 Gesrh.

107 1535 172 1571 111,
192 1541 222 1568 p.
246 1530 321 1561 275.
370 1533 453 1562 Hinc
473 1533 510 1561 de
533 1537 638 1562 monte
662 1537 691 1560 et
719 1534 799 1562 colle
821 1532 900 1561 dici-

105 1583 166 1616 tur,
189 1583 223 1608 ut
246 1576 277 1617 3,
301 1576 376 1607 291.
398 1575 473 1607 531.
508 1576 539 1615 6,
562 1576 592 1607 9.
613 1576 688 1607 784.
716 1580 751 1607 G.
780 1576 807 1616 1,
824 1576 899 1606 240.

107 1625 190 1654 Hine
230 1632 323 1654 arces
358 1625 524 1653 Romanae
559 1629 633 1654 sunt
673 1626 772 1654 colles
810 1624 900 1652 urbis

104 1671 228 1700 Romae
252 1668 282 1708 4,
305 1668 380 1699 234.
407 1667 460 1707 10,
484 1668 535 1699 12.
567 1672 602 1699 G.
629 1668 660 1704 2,
690 1668 761 1699 172.
782 1668 846 1698 535
871 1674 901 1698 et

105 1724 157 1752 ap.
194 1717 278 1745 alios
312 1721 345 1745 ut
370 1717 482 1746 Claud.
509 1718 597 1746 Fesc.
627 1714 678 1753 12,
708 1714 745 1745 19
780 1714 900 1745 Aurea

105 1764 232 1802 septem
269 1759 431 1803 geminas
466 1760 576 1791 Roma
610 1764 747 1792 coronet
788 1769 898 1791 arces.

105 1809 280 1837 Translata
314 1808 548 1844 significatione
578 1808 693 1837 dicitur
720 1810 757 1837 de
780 1808 899 1842 quavis

104 1855 204 1883 tutela
227 1858 255 1882 et
282 1854 458 1890 praesidio,
490 1862 551 1888 quo
583 1855 641 1882 tuti
665 1855 778 1883 simus.
830 1854 895 1883 Cic.

105 1900 179 1928 Div.
198 1900 231 1927 in
248 1899 380 1933 caea-5,
395 1897 433 1927 ts
451 1897 518 1928 Lex
537 1896 578 1928 de
594 1898 795 1939 repetundis
809 1897 899 1928 hanc

104 1942 226 1974 habuit
258 1952 381 1973 arcem.
438 1947 517 1974 Sall.
549 1945 661 1981 fragm.
693 1954 738 1974 or.
779 1946 846 1975 Lic.
879 1944 898 1974 6

109 1988 229 2019 Arcem
260 1987 386 2019 habent
418 1998 458 2019 ez·
487 1987 608 2031 spoliis
640 1988 775 2020 vestris.
825 1992 898 2020 Liv.

105 2034 141 2073 6,
167 2033 210 2064 37
260 2033 486 2064 Consulatum
528 2043 705 2075 superesse
742 2034 899 2076 plebeiis,

104 2090 179 2111 cam
218 2089 289 2110 esse
322 2089 434 2110 arcem
471 2078 654 2111 libertatis.
701 2084 755 2111 Est
786 2083 898 2117 igitur:

105 2128 206 2162 Quem
233 2129 338 2157 locum
372 2128 528 2156 munitum
560 2136 618 2155 nos
649 2128 780 2156 Troiani
812 2129 898 2163 cepi-

104 2182 178 2203 mus
215 2177 243 2202 et
273 2173 488 2210 defendimus,
532 2181 629 2207 quum
662 2182 703 2202 ex
733 2173 810 2209 fuga
843 2178 898 2202 tua

103 2221 171 2248 iam
194 2223 359 2254 appareat,
382 2226 488 2248 arcem
513 2220 723 2255 Pergameam
742 2222 782 2247 ab
807 2222 896 2248 hoste

102 2265 212 2294 teneri.
267 2266 373 2300 Neque
409 2262 612 2301 prendimus
650 2272 802 2300 praesens
838 2270 897 2301 est,

102 2320 163 2341 nec
185 2311 380 2346 explicanda
404 2313 483 2339 haec
508 2313 608 2339 verba
632 2320 700 2346 per:
730 2319 796 2350 qno
817 2319 896 2339 con—

97 2354 307 2397 fugiamus,
342 2364 417 2386 nam
439 2365 502 2385 uon
526 2357 635 2393 fugere
662 2358 717 2386 sed
742 2357 896 2386 acerriine

103 2410 247 2438 pugnare
266 2403 371 2439 ardet,
401 2411 458 2432 nec
481 2411 550 2437 per:
584 2411 686 2442 quam
712 2401 895 2441 capiamus

105 2456 237 2483 arcem,
271 2456 374 2483 neque
403 2449 487 2477 enim
517 2449 581 2477 dux
602 2454 632 2477 et
657 2451 807 2485 bellator,
840 2449 895 2483 qui

105 2494 139 2522 in
162 2500 302 2529 pugnam
324 2494 396 2531 ruit,
419 2503 460 2523 ex
481 2496 643 2523 sacerdote
668 2500 698 2523 et
723 2503 799 2523 sene
823 2502 893 2522 eam

102 2540 210 2575 ipsam
236 2539 378 2575 fugiente
408 2540 439 2568 id
465 2544 548 2569 recte
573 2541 781 2574 quaesiverit.
832 2542 895 2569 Nec

101 2587 206 2620 placet
251 2585 311 2614 illa
356 2587 458 2614 verba
504 2586 667 2621 accipere:
726 2583 895 2626 quomodo

100 2627 305 2669 prendimus
338 2638 471 2663 arreum
510 2639 611 2666 neque
641 2632 727 2660 enim
758 2632 894 2660 relativo

103 2683 175 2706 eam
219 2676 325 2705 inesse
367 2676 555 2705 relationem
595 2678 677 2705 satis
717 2678 811 2706 certis
847 2681 896 2706 est

103 2723 263 2757 exemplis
302 2723 560 2751 demonstratum.
626 2723 758 2752 Accedit
804 2724 896 2760 quod,

101 2776 310 2803 quaecuuque
333 2776 375 2796 ex
399 2768 450 2796 liis
476 2768 654 2803 accipiatur
676 2769 774 2805 ratio,
800 2768 898 2797 offen-

103 2815 148 2843 dit
177 2815 385 2843 indicativus.
437 2810 619 2842 Schenkl..·
656 2822 723 2853 qua
753 2811 896 2854 prendi-

100 2868 177 2888 mus
207 2868 339 2894 arcem,
374 2857 441 2894 auf
464 2856 621 2888 weh-hem
655 2857 766 2901 ll'ege
793 2857 898 2888 errei-

102 2902 186 2934 chen
218 2903 282 2934 wir
310 2903 366 2934 die
396 2901 508 2945 Burg.
555 2905 708 2934 Omnibus
738 2906 897 2935 machinis

104 2955 238 2981 utuntur
270 2952 459 2986 interpretes
491 2954 523 2979 ut
551 2951 765 2980 dlfficultatem
794 2960 896 2981 remo-

101 3001 200 3026 veant
224 2993 465 3026 indicativi
483 3004 560 3035 pra
574 2995 745 3035 esentis,
759 2998 812 3032 qui
835 3006 898 3026 non

102 3046 160 3072 est.
218 3039 306 3072 Wd:
354 3039 432 3071 Wie
460 3039 547 3072 stelit
576 3050 609 3071 es
636 3040 718 3072 oben
748 3042 816 3082 aus
838 3040 899 3072 cler

949 979 1116 1033 proelia
1152 982 1322 1021 tentant

952 1116 1081 1159 Burg?
1135 1116 1292 1149 chlches
1330 1115 1502 1147 Rollwerlc
1537 1115 1643 1147 sollen
1682 1115 1745 1145 wir

948 1162 1121 1201 besetzen,
1171 1174 1267 1194 wenn
1310 1162 1364 1193 ihr
1397 1161 1453 1192 dic
1490 1161 1589 1203 Burg
1623 1160 1745 1192 bereits

947 1207 1123 1251 aufgcbt?
1172 1209 1250 1239 Wir
1275 1207 1383 1239 haben
1403 1207 1447 1247 ja
1475 1206 1559 1238 doch
1585 1206 1660 1238 eine
1682 1217 1743 1237 au—

947 1252 1027 1285 dere
1058 1254 1159 1298 Burg
1186 1253 1296 1293 nicht,
1337 1253 1425 1284 lVas
1448 1252 1557 1284 sollcn
1584 1252 1647 1284 wir
1669 1252 1743 1283 also

945 1298 1059 1331 than?

993 1345 1066 1376 322.
1099 1346 1172 1386 Quo
1191 1356 1244 1376 res
1257 1356 1390 1376 summa
1406 1343 1498 1376 loco?
1517 1344 1596 1376 Wie
1614 1342 1743 1375 scelus?

994 1391 1069 1422 324.
1097 1391 1320 1422 ineluctabile
1345 1393 1383 1423 cf.
1408 1391 1439 1429 S,
1464 1392 1539 1422 334.

994 1437 1069 1468 326.
1094 1437 1201 1468 Ferus
1218 1437 1393 1479 Iuppiter.-
1409 1442 1582 1473 „Summae
1597 1438 1741 1468 necessi-

947 1486 1022 1514 tatis
1047 1490 1104 1519 est,
1123 1494 1221 1521 quum
1238 1487 1334 1514 etiam
1360 1488 1510 1515 sacerdos
1534 1486 1567 1514 in
1592 1485 1743 1514 convicia

947 1531 1009 1560 ruit
1040 1533 1185 1566 deoruin;
1221 1533 1303 1566 quod
1336 1536 1447 1560 servat
1474 1533 1568 1569 VgL,
1606 1540 1646 1560 ne
1681 1539 1740 1559 un—

946 1586 1042 1612 quam
1068 1579 1170 1607 tradat
1201 1578 1366 1607 Aeneae:-
1392 1579 1422 1606 S.

994 1622 1068 1652 327.
1096 1626 1242 1652 Panthus
1280 1624 1390 1653 omnia
1420 1624 1485 1652 iam
1518 1622 1654 1658 periisse
1692 1623 1739 1650 la-

947 1675 1106 1700 mentatur
1124 1686 1160 1689 —
1191 1671 1287 1699 Clara
1314 1670 1373 1698 illa
1393 1674 1440 1698 est
1462 1669 1646 1698 lamentatio
1665 1665 1740 1705 fui-

946 1725 1022 1745 mus
1052 1714 1156 1745 Troes
1187 1721 1244 1745 etc.
1293 1717 1373 1744 Rem
1403 1724 1458 1750 per
1490 1718 1642 1751 ambages
1673 1714 1739 1742 tlic-

947 1766 1011 1791 tam
1026 1762 1221 1791 brevissima
1241 1762 1399 1791 concludit
1417 1762 1575 1790 narratio:
1597 1758 1738 1789 incensa

948 1805 1069 1837 Danai
1092 1805 1321 1837 dominantur
1344 1805 1379 1836 in
1406 1804 1500 1837 urbe.

991 1852 1065 1882 328.
1097 1851 1226 1883 Fundit
1249 1862 1402 1889 praesens
1426 1857 1551 1888 tempus
1575 1853 1615 1881 ad
1642 1856 1738 1880 terro-

946 1909 1011 1929 rem
1039 1901 1229 1929 movendum
1261 1902 1367 1937 valet,
1406 1903 1439 1928 ut
1467 1900 1572 1934 ipsum
1604 1900 1737 1927 verbum

939 1943 1106 1983 fundere.

992 1989 1067 2020 329.
1101 1988 1217 2021 Victor
1249 1996 1295 2020 est
1323 1991 1499 2028 „propositi
1531 1986 1674 2019 effiffctor²⁴
1705 1991 1736 2017 S.

945 2034 976 2071 3,
1001 2035 1077 2065 4:39.
1111 2035 1141 2072 S,
1167 2035 1218 2065 61.
1258 2036 1306 2073 11,
1332 2036 1408 2065 565.
1441 2040 1476 2066 G.
1501 2035 1531 2071 3,
1562 2033 1638 2070 114;
1668 2032 1736 2063 vic-

945 2080 1013 2111 trix
1039 2081 1070 2119 7,
1097 2079 1173 2111 544.
1221 2085 1271 2112 Ita
1295 2090 1461 2122 superare
1485 2080 1581 2111 iussa
1608 2085 1654 2110 est
1680 2090 1738 2110 ex-

944 2129 1036 2163 sequi
1061 2136 1112 2162 ap.
1138 2130 1196 2157 Ov.
1223 2132 1296 2157 Met.
1325 2127 1354 2165 9,
1384 2127 1433 2157 15.

991 2172 1066 2201 330.
1093 2170 1236 2202 adstant
1262 2175 1300 2203 cf.
1331 2172 1406 2202 442.

990 2217 1064 2247 331.
1090 2219 1191 2247 Tanto
1223 2228 1353 2248 numero
1382 2223 1569 2253 accurrunt,
1610 2222 1641 2246 ut
1676 2218 1735 2246 vix

942 2266 1051 2299 plures
1075 2272 1092 2292 e
1113 2265 1249 2293 Graecia
1271 2269 1363 2299 putes
1388 2256 1579 2293 advenisses

988 2309 1063 2338 332.
1091 2312 1247 2349 angusta
1272 2308 1407 2339 viarum
1437 2310 1475 2339 cf.
1505 2307 1531 2343 1,
1557 2306 1632 2337 422.

988 2353 1063 2384 3:34.
1096 2351 1229 2384 Parata
1253 2354 1345 2390 neci,
1370 2356 1390 2384 i.
1418 2364 1444 2383 e.
1471 2358 1584 2389 parata
1609 2361 1734 2388 necare,

944 2403 973 2430 si
1000 2402 1072 2437 quis
1095 2406 1257 2435 occurrat;
1292 2402 1329 2431 cf.
1356 2403 1415 2430 Ov.
1442 2402 1532 2428 Pont.
1559 2398 1589 2434 2,
1614 2397 1643 2437 2,
1672 2396 1733 2427 117

940 2445 1104 2487 placidus
1138 2445 1330 2486 facilisque
1374 2454 1502 2485 parens
1546 2443 1735 2485 veniaeque

939 2497 1101 2533 paratus.
1150 2494 1224 2522 Tac.
1252 2494 1315 2521 An.
1343 2491 1397 2527 12,
1425 2489 1465 2519 47
1498 2488 1636 2519 animus
1665 2499 1734 2519 sce-

942 2536 1072 2568 leribus
1100 2542 1260 2579 paratus.
1291 2554 1335 2559 —
1370 2534 1477 2566 Primi
1509 2541 1565 2566 aut
1597 2537 1634 2565 de
1663 2538 1733 2566 loco

941 2586 1100 2623 accipies,
1141 2586 1194 2620 qui
1227 2588 1300 2613 sunt
1329 2584 1362 2612 in
1388 2584 1492 2618 prima
1517 2588 1606 2618 parte
1626 2583 1731 2617 urbis;

941 2635 996 2660 aut
1027 2633 1063 2659 de
1096 2635 1251 2666 tempore,
1296 2634 1328 2658 ut
1360 2630 1424 2658 sint
1456 2629 1551 2664 primi
1577 2629 1732 2657 Troiano—

942 2685 1030 2713 rum;
1072 2677 1166 2712 idque
1205 2679 1354 2711 praestat.
1422 2676 1524 2709 Quum
1565 2675 1629 2703 iam
1668 2679 1732 2703 tota

942 2725 1019 2752 urbs
1044 2727 1139 2757 capta
1164 2723 1215 2759 sit,
1242 2722 1307 2750 iam
1329 2721 1381 2750 hic
1405 2722 1473 2750 illic
1495 2721 1652 2749 incendiis
1676 2722 1732 2748 tlo-

942 2777 1014 2798 mus
1047 2772 1211 2803 corruant,
1253 2768 1391 2795 nondum
1415 2774 1435 2796 a
1461 2767 1609 2796 Troianis
1639 2767 1730 2801 quid-

943 2822 1037 2849 quam
1064 2819 1111 2842 est
1137 2819 1260 2848 actum;
1299 2813 1392 2847 primi
1417 2817 1490 2841 sunt
1511 2813 1648 2849 vigiles,
1676 2813 1730 2847 qui

943 2862 1093 2897 clangore
1126 2864 1155 2888 et
1192 2861 1330 2888 clamore
1367 2859 1525 2893 exterriti,
1567 2866 1665 2894 quum
1697 2859 1730 2886 in

943 2907 1043 2935 armis
1067 2906 1146 2941 sint,
1181 2905 1275 2940 primi
1306 2909 1439 2939 possunt
1471 2912 1611 2941 pugnam
1636 2905 1728 2933 ciere.

944 2953 1006 2980 Sed
1030 2952 1052 2979 ii
1075 2959 1169 2987 aegre
1190 2951 1341 2979 resistunt
1364 2954 1394 2979 et
1415 2958 1509 2980 caeco
1526 2953 1638 2986 Marte,
1663 2950 1682 2977 i.
1702 2958 1728 2978 e.

944 2998 1133 3032 certamine,
1174 2997 1256 3031 quod
1288 2995 1485 3031 profuturum
1521 3005 1579 3025 nec
1616 2996 1730 3031 sciunt,

943 3052 1044 3078 neque
1075 3046 1197 3072 curant.
1246 3038 1339 3079 „Die
1367 3039 1505 3083 Biirgcr
1530 3041 1667 3071 stiirzen
1694 3038 1729 3070 in
