2023 3350
709 124 948 158 AENEIDOS
979 126 1067 158 LIB.
1095 126 1173 158 vll.

114 242 327 295 Donaque
368 239 481 282 ferre
515 239 626 292 viro,
659 253 897 294 pacemque
937 253 1171 293 exposcere
1209 240 1398 283 Teucris.

1688 127 1767 165 341

1688 241 1768 280 155

112 298 242 342 Haud
273 312 413 349 mora,
446 297 655 340 festinant
686 297 809 349 iussi,
847 297 1099 352 rapidisque
1137 298 1336 341 feruntur

112 356 327 399 Passibus.

386 356 484 410 Ipse
511 355 665 397 humili
704 355 905 410 designat
936 356 1107 398 moenia
1143 356 1272 409 fossa,

111 415 375 469 Moliturque
406 414 550 456 locum
597 414 848 468 primasque
882 414 928 455 in
966 414 1095 456 litore
1132 414 1255 456 sedes

113 473 366 516 Castrorum
404 472 448 513 in
483 486 647 514 morem
680 473 824 526 pinnis
865 476 997 526 atque
1036 486 1195 526 aggere
1230 472 1376 526 cingit.

112 531 292 584 Iamque
330 530 416 572 iter
454 530 616 572 emensi
652 533 796 572 turres
833 544 885 572 ac
920 534 1039 572 tecta
1078 530 1335 572 Latinorum

1686 532 1767 571 160

111 588 260 630 Ardua
290 587 525 630 cernebant
562 589 757 639 iuvenes,
795 602 1005 642 muroque
1045 587 1262 630 subibant.

110 647 222 689 Ante
256 645 408 688 urbem
447 646 591 700 pueri,
627 650 670 688 et
703 646 924 700 primaevo
965 646 1070 688 flore
1107 646 1318 697 iuventus,

76 752 81 756 .
113 705 381 746 Exercentur
417 705 561 758 equis,
600 704 903 758 domitantque
939 704 984 746 in
1021 704 1196 758 pulvere
1234 718 1399 755 currus,

111 763 199 804 Aut
243 776 365 804 acres
402 763 586 804 tendunt
622 777 766 814 arcus,
801 766 877 804 aut
909 762 1027 804 lenta
1065 762 1240 804 lacertis

113 820 290 874 Spicula
322 824 627 874 contorquent,
665 834 881 874 cursuque
918 820 1093 874 ictuque
1129 820 1360 862 lacessunt.

111 878 254 929 Quum
289 883 546 933 praevectus
581 892 690 933 equo
729 878 929 933 longaevi
964 878 1079 932 regis
1124 878 1179 920 ad
1211 892 1337 920 aures

108 936 297 978 Nuntius
331 936 528 990 ingentes
561 936 713 990 ignota
744 937 789 978 in
823 939 942 978 veste
976 940 1175 990 reportat

109 994 345 1037 Advenisse
383 995 520 1037 viros:
559 994 633 1036 ille
669 994 786 1037 intra
823 998 940 1037 tecta
973 993 1122 1036 vocari

113 1117 174 1143 bus
193 1122 303 1149 gerere
329 1113 368 1143 cf.
392 1112 423 1147 8,
447 1111 522 1143 116.
546 1111 619 1142 128.
666 1111 718 1148 11,
743 1111 816 1143 101.
839 1112 914 1143 332.

111 1162 203 1189 Hom.
223 1161 261 1189 Il.
286 1159 312 1194 Ι,
342 1157 401 1191 tt:
424 1161 470 1189 ita
488 1162 584 1195 Soph.
602 1161 668 1189 ΟΒ.
695 1158 712 1188 3
740 1155 916 1198 ἱκτηρίοις

110 1199 296 1234 κλάδοισιν
321 1198 577 1245 ἐξεστεμμένοι.
613 1222 650 1226 —
686 1207 777 1234 Talis
804 1214 915 1234 ramus

109 1252 276 1281 dicebatur
292 1252 427 1281 Graecis
452 1244 648 1290 εἰρεσιώνη.
673 1268 710 1271 -
733 1253 794 1280 Sed
814 1252 914 1280 vittae

111 1299 152 1327 ad
177 1305 296 1326 manus
319 1306 424 1332 usque
451 1299 680 1333 dependebant.
706 1306 842 1332 eamque
859 1300 914 1326 ob-

112 1346 307 1377 volvebant:
342 1344 415 1373 ltine
443 1345 545 1373 vittae
582 1341 781 1373 velamenta
806 1352 913 1372 manu

108 1388 346 1430 praetendens
375 1388 533 1430 supplice
564 1392 622 1419 ΟΥ.
655 1392 696 1418 Μ.
736 1389 791 1420 11.
828 1387 913 1425 279;

112 1429 227 1474 στέφη
250 1437 316 1464 OB.
348 1434 413 1464 913
445 1437 604 1465 dicuntur.
654 1437 730 1465 Inde
758 1437 806 1464 Pl.
832 1437 913 1464 Am—

111 1482 205 1516 phitr.
235 1478 270 1514 l,
302 1480 336 1518 1,
368 1480 425 1509 101
458 1479 584 1511 relatis
609 1479 772 1511 manibus
798 1484 913 1511 orant.

112 1527 159 1556 Cf.
178 1528 251 1556 htv.
274 1525 327 1565 30,
354 1526 406 1557 36.
456 1530 524 1557 Hoc
544 1530 612 1557 loco
630 1528 694 1563 ipsi
718 1536 820 1563 paene
840 1528 914 1557 tecti

110 1578 185 1602 511111
209 1574 319 1602 ramis.
350 1590 388 1593 —
421 1571 654 1604 Praelcuderc
686 1582 717 1603 v.
748 1575 913 1610 proprium

109 1623 159 1648 est
180 1622 242 1648 hac
267 1620 299 1648 in
327 1629 360 1649 re
382 1620 420 1649 cf.
448 1622 507 1650 ΟΥ.
533 1622 575 1649 Μ.
603 1625 630 1649 et
657 1622 744 1649 locos
767 1621 912 1657 Virgilii.

111 1667 205 1694 Dona
230 1666 303 1695 addi
329 1668 486 1695 solebant.

159 1709 233 1740 156.
260 1709 398 1752 rapidis
418 1709 584 1750 passibus
609 1712 648 1741 cf.
677 1709 710 1750 1,
737 1710 814 1741 64⁴.

156 1754 232 1786 157.
255 1756 369 1796 fossa,
386 1760 478 1788 sulco
495 1759 535 1788 cf.
560 1755 589 1795 1,
608 1755 684 1787 425.
723 1756 915 1799 designare

110 1803 151 1833 cf.
179 1803 217 1841 5,
243 1801 322 1832 755.

159 1846 234 1877 158.
262 1846 405 1879 molitur
430 1846 541 1878 locum
566 1853 598 1878 ut
627 1858 659 1879 v.
683 1846 756 1884 127,
777 1846 854 1876 290.
871 1864 914 1867 -

109 1892 248 1934 primus
262 1892 297 1923 ἱη
318 1892 420 1925 litore
447 1893 553 1923 sedes.
605 1896 693 1924 Haec
712 1896 814 1930 prima
838 1897 914 1923 urbs

112 1941 258 1978 Aeneae,
273 1944 445 1976 antequam
455 1941 631 1970 Lavinium
648 1942 799 1971 condidit.
816 1941 914 1969 'l'roia

113 1987 279 2016 dicebatur
298 1987 337 2015 cf.
362 1985 398 2020 9,
422 1984 499 2015 64⁴.
540 1985 597 2016 10.
622 1985 676 2015 26.
727 1987 774 2015 Cf.
799 1988 913 2015 Caton.

113 2033 146 2061 in
171 2033 257 2066 orig.
286 2040 338 2067 ap.
365 2035 457 2061 Serv.
485 2038 514 2061 et
536 2033 609 2061 Liv.
641 2031 674 2062 1.
707 2030 739 2065 1,
765 2038 792 2061 et
819 2033 914 2061 Dion.

118 2076 144 2114 1,
172 2077 225 2107 53.
275 2079 389 2108 ..Hanc
414 2078 566 2113 (urbem)
591 2079 742 2108 Castrum
767 2080 915 2107 Laurens

112 2125 176 2154 dici
198 2125 243 2153 ait
267 2125 394 2153 Varro“
421 2127 453 2153 S.
481 2126 521 2153 ad
549 2122 584 2158 9,
610 2123 641 2153 S.
863 2127 870 2136 '

161 2168 235 2199 159.
262 2173 455 2199 castrorum
473 2168 507 2198 ἱη
520 2179 660 2200 morem.
674 2171 814 2199 nondum
829 2170 915 2198 enim

112 2217 293 2251 exploratis
316 2217 496 2245 incolarum
522 2217 642 2245 animis
667 2218 706 2245 ad
733 2218 855 2245 bellum
880 2224 915 2244 se

114 2267 217 2298 parat.
274 2265 373 2291 Erant
404 2268 527 2292 structa
559 2264 599 2291 ad
633 2263 761 2291 Tiberis
795 2263 914 2291 ostium

113 2309 152 2338 ct'.
178 2309 275 2337 etiam
303 2306 338 2341 9,
363 2306 438 2337 238.
464 2307 541 2337 790.
568 2306 645 2337 315.
693 2307 749 2337 10.
776 2306 830 2336 26.

166 2353 238 2382 160.
271 2351 476 2383 Latinorum
495 2355 632 2383 Servius
650 2357 743 2383 habet
761 2359 789 2383 et
808 2355 913 2383 Senot.

115 2402 154 2430 ad
185 2402 259 2428 llor.
283 2402 314 2428 S.
343 2398 371 2429 1.
397 2398 428 2431 S,
455 2398 509 2437 43,
543 2406 571 2429 et
597 2403 678 2430 Mss.
704 2401 847 2436 plurimi,
883 2400 915 2428 in

114 2447 257 2475 Mediceo
288 2454 389 2480 supra
422 2447 578 2482 scriptum
608 2452 656 2475 est
694 2443 824 2476 Latini.
881 2447 916 2474 Id

114 2498 224 2522 autem
251 2492 316 2528 legi
344 2491 480 2521 affirmat
504 2490 559 2521 Jlr.
587 2493 621 2521 in
644 2495 725 2522 11155.
752 2493 917 2521 Pierianis

114 2539 266 2572 aliisque.
315 2538 377 2566 Sed
407 2538 438 2566 id
467 2547 530 2566 11011
555 2539 663 2567 minus
687 2547 783 2574 quam
816 2535 915 2567 Lati-

114 2593 214 2617 num.
249 2584 331 2617 quod
362 2584 395 2612 in
421 2584 499 2612 aliis
525 2585 589 2621 legi
615 2585 751 2618 dicitur,
787 2585 917 2613 illatum

113 2635 175 2665 est,
194 2634 225 2659 ut
245 2637 363 2658 versus
378 2632 584 2665 ltypermcter
595 2630 825 2667 corrigeretur:
849 2627 919 2659 La-

115 2674 183 2707 tini
214 2680 323 2705 autem
347 2676 447 2704 etiam
475 2680 641 2711 propterea
666 2679 834 2712 probatum
859 2680 918 2712 est,

114 2725 198 2759 quod
222 2722 413 2750 Latinorum
440 2726 525 2750 tecta
558 2724 662 2751 ardua
692 2731 756 2751 11011
786 2726 919 2757 possent

115 2769 190 2805 dici,
215 2777 320 2803 neque
343 2769 429 2796 enim
454 2769 522 2796 illis
549 2769 693 2803 antiquis
719 2769 916 2803 temporibus

116 2822 221 2851 parva
244 2814 278 2842 in
304 2817 382 2843 urbe
409 2814 490 2842 talia
514 2813 621 2843 fuisse
645 2815 807 2849 aedificia,
836 2822 918 2849 qua·

114 2862 162 2890 lia
185 2861 266 2890 vidit
299 2867 399 2889 aurea
424 2861 537 2888 Roma.
588 2862 648 2888 Sed
677 2862 715 2889 de
739 2863 817 2889 urbe
842 2864 917 2890 tota.

116 2916 180 2936 11011
203 2909 241 2935 de
263 2907 354 2942 regia
378 2914 559 2935 sermonem
580 2915 653 2935 esse
672 2908 761 2935 docet
780 2915 811 2935 v.
837 2904 892 2934 161
910 2915 917 2940 ;

117 2953 230 2982 deinde
249 2957 345 2989 auget
365 2953 439 2989 Vgl.
456 2953 611 2981 Laurenti
630 2953 758 2986 onntia;
783 2953 920 2987 denique

117 3007 180 3028 11011
214 2999 365 3028 viderunt
398 2999 466 3034 illi,
497 2999 552 3033 qui
588 2995 708 3028 Latini
732 3001 921 3033 probabant.

119 3046 229 3074 domos
247 3046 369 3074 arduas
388 3054 463 3075 esse
481 3053 578 3082 posse
595 3053 659 3074 11011
683 3048 807 3074 tantum
832 3045 922 3080 ipsa-

962 1122 1033 1143 rum
1065 1114 1255 1144 altitudine.
1293 1114 1349 1142 sed
1380 1112 1478 1141 etiam
1510 1111 1593 1146 quod
1625 1110 1658 1138 in
1687 1110 1765 1137 altis

961 1161 1044 1189 locis
1069 1164 1143 1189 sunt
1170 1163 1364 1189 exstructae.
1415 1159 1477 1186 Sed
1505 1158 1765 1192 qualemcunque

961 1211 1054 1241 poeta
1089 1206 1153 1235 sibi
1193 1206 1318 1235 tinxerit
1352 1207 1517 1234 domorum
1549 1202 1765 1234 altitudinem,

961 1256 1026 1281 tam
1063 1254 1166 1281 ardua
1198 1256 1272 1280 511111
1307 1256 1408 1283 tecta,
1451 1254 1485 1278 111
1517 1258 1559 1278 ex
1589 1249 1632 1276 iis
1659 1247 1766 1277 omnis

959 1306 1095 1333 campus
1121 1301 1331 1327 suburbanus
1355 1296 1501 1331 conspici
1523 1295 1626 1330 possit
1646 1294 1685 1323 cf.
1713 1291 1765 1329 12,

965 1341 1037 1372 132.

1008 1387 1084 1419 161.
1110 1398 1278 1430 muroque
1301 1386 1464 1419 subibant
1490 1388 1530 1417 cf.
1557 1385 1594 1425 8,
1625 1384 1700 1415 123.

1009 1434 1083 1465 162.
1110 1439 1200 1465 More
1236 1436 1370 1471 antiquo
1405 1436 1560 1464 iuventus
1601 1433 1704 1462 armis
1736 1436 1764 1460 et

959 1482 1054 1517 equis
1080 1488 1250 1512 exercetur
1275 1488 1350 1512 ante
1377 1486 1503 1517 portaS.
1541 1484 1574 1509 ιι1
1600 1480 1766 1508 Romano-

960 1537 1031 1558 rum
1055 1529 1087 1557 in
1116 1530 1240 1564 Campo
1266 1529 1394 1557 Martio.
1429 1543 1466 1547 --
1497 1527 1636 1556 Attende
1665 1525 1765 1554 etiam

960 1575 992 1603 in
1017 1576 1379 1609 sequentibusl,ati=10s
1400 1573 1529 1603 laudari
1548 1577 1677 1608 propter
1699 1571 1765 1600 for-

960 1621 1129 1650 titudinem
1155 1626 1184 1649 et
1210 1622 1346 1651 militiae
1372 1629 1484 1653 usum:
1518 1624 1550 1648 ut
1583 1619 1673 1654 ipsos
1699 1618 1765 1645 Ro-

960 1675 1076 1697 manos
1101 1668 1155 1702 qui
1179 1677 1222 1697 ex
1245 1668 1373 1696 Latinis
1399 1667 1459 1695 orti
1484 1669 1560 1694 sunt
1585 1665 1692 1693 laudet
1723 1663 1763 1692 cf.

962 1712 999 1744 9,
1028 1711 1089 1741 601
1121 1723 1167 1748 sq.
1218 1715 1280 1742 Sed
1305 1715 1482 1742 vincuntur
1506 1716 1614 1740 tamen
1639 1718 1660 1739 a
1684 1711 1764 1738 Tro-

961 1759 1059 1787 ianis.
1085 1760 1139 1794 qui
1159 1759 1339 1789 fortitudini
1358 1759 1514 1788 maiorem
1532 1758 1622 1786 vitae
1643 1758 1764 1786 cultum

960 1806 1190 1838 adiungebant.

1011 1849 1085 1879 163.
1112 1859 1245 1888 currus,
1270 1859 1370 1886 equos
1392 1852 1451 1878 sub
1474 1848 1625 1879 curribus
1644 1847 1683 1877 cf.
1712 1843 1764 1883 12,

961 1894 1037 1924 287.

1011 1940 1084 1971 164.
1112 1939 1206 1970 lenta
1222 1939 1378 1982 spicula:
1412 1941 1505 1969 Fiunt
1521 1941 1606 1969 enim
1620 1948 1661 1968 ex
1676 1940 1764 1967 lento

960 1989 1066 2022 lia-'¹¹⁰2
1102 1989 1147 2017 ita
1179 1985 1276 2017 lenta
1309 1984 1458 2017 hastilia
1492 1984 1551 2017 11.
1585 1984 1662 2014 650.
1713 1982 1764 2018 12,

962 2032 1036 2063 4³9.
1087 2037 1146 2063 (lv.
1174 2037 1216 2063 M.
1245 2032 1276 2063 9.
1304 2032 1356 2062 22.
1406 2030 1524 2061 lentae
1548 2029 1674 2061 hastae
1695 2032 1764 2060 Ecl.

961 2080 997 2113 5,
1027 2078 1079 2108 31.
1130 2078 1259 2108 lentum
1287 2078 1398 2120 pilum
1426 2079 1496 2107 Til).
1524 2076 1561 2113 4,
1592 2075 1626 2113 1,
1652 2075 1706 2105 90.

1012 2124 1084 2154 lli-5.
1112 2123 1287 2154 lace-:eunt
1321 2135 1365 2154 sc.
1395 2134 1430 2154 se
1456 2125 1613 2159 invicem,
1646 2131 1764 2158 provo-

962 2176 1034 2201 cant
1065 2180 1100 2199 se
1126 2172 1166 2199 ad
1198 2176 1368 2200 certamen.
1398 2186 1436 2190 —
1468 2178 1571 2199 cursu
1599 2177 1764 2205 equorum,

962 2225 1133 2248 curruum:
1188 2214 1256 2245 ictu
1299 2217 1510 2252 sagittarum,
1553 2215 1763 2250 spiculorum.

962 2271 1027 2303 quc
1050 2279 1095 2282 —-
1121 2270 1186 2302 que
1210 2262 1248 2291 cf.
1282 2261 1314 2290 1.
1344 2260 1420 2290 701.

1012 2306 1085 2337 167.
1113 2311 1193 2336 Sunt
1218 2310 1323 2337 adbuc
1349 2312 1424 2336 ante
1447 2309 1558 2336 urbem
1581 2305 1699 2342 legati,
1729 2310 1763 2334 ut

963 2364 994 2384 v.
1024 2352 1086 2382 162
1113 2356 1216 2383 docet.
1252 2363 1355 2389 neque
1387 2358 1462 2382 ante
1493 2352 1627 2381 veniam
1654 2352 1764 2380 datam

964 2401 1095 2429 introire
1121 2401 1248 2429 licebat.
1273 2416 1311 2420 —-
1335 2397 1370 2428 ιή
1396 2400 1490 2427 veste
1517 2398 1556 2427 cf.
1585 2397 1616 2426 5.
1638 2395 1692 2425 37.
1722 2412 1761 2417 —-

967 2444 1164 2485 Jeeportare
1206 2447 1407 2485 rapporter.
1444 2448 1546 2475 recte:
1589 2450 1667 2472 nam
1706 2443 1765 2472 ille

964 2497 1131 2528 propterea
1162 2494 1202 2521 ad
1234 2497 1358 2527 portam
1393 2498 1414 2519 a
1451 2499 1526 2526 rege
1555 2489 1681 2518 missus
1715 2493 1764 2518 est

964 2544 1091 2570 custos,
1135 2540 1189 2573 qui
1227 2538 1256 2566 si
1295 2539 1369 2573 quid
1411 2537 1553 2567 accidat.
1593 2536 1701 2564 redeat
1735 2539 1766 2564 et

964 2585 1135 2614 renuntiet.
1184 2587 1234 2613 Ita
1259 2581 1290 2620 9,
1320 2581 1393 2612 193.
1419 2598 1457 2602 —
1486 2582 1533 2612 Cf.
1560 2583 1600 2610 ad
1630 2579 1660 2610 3.
1685 2578 1763 2610 717.

1013 2628 1087 2659 168.
1115 2627 1210 2659 intra
1229 2631 1321 2659 tecla
1342 2625 1477 2657 vocari.-
1508 2627 1688 2662 „Dissentit
1705 2629 1765 2657 hoc

963 2678 1034 2707 loco
1059 2684 1079 2705 a
1101 2678 1251 2705 Romana-
1271 2674 1511 2705 consuetudine.
1560 2675 1643 2702 Nam
1663 2673 1765 2710 legati

965 2723 994 2752 si
1026 2722 1340 2758 ‹litando-incogniti
1380 2721 1491 2750 venire
1526 2720 1764 2757 nuntiarentur,

965 2769 1068 2804 primo
1094 2769 1170 2803 quid
1201 2770 1323 2797 vellent
1357 2770 1397 2795 ab
1427 2766 1689 2800 exploratoribus
1714 2774 1765 2795 re-

964 2816 1167 2850 quirebatur,
1215 2818 1285 2849 post
1329 2814 1368 2841 ad
1416 2820 1472 2841 eos
1520 2812 1766 2846 egrediebantur

964 2861 1177 2895 111;1;1·=s1ra.111s
1198 2860 1348 2888 minores.
1375 2862 1403 2887 et
1425 2862 1500 2887 tunc
1521 2859 1647 2887 demum
1667 2864 1765 2886 sena-

964 2911 1017 2935 tus
1042 2912 1133 2935 extra
1161 2909 1271 2934 urbem
1295 2906 1457 2939 postulata
1481 2906 1644 2933 noscebat.
1670 2907 1699 2931 et
1721 2904 1767 2932 ita

966 2953 994 2981 si
1024 2954 1131 2981 visum
1155 2952 1288 2980 fuisset.
1315 2951 1574 2979 admittebantur.
1623 2951 1685 2977 Sed
1707 2952 1767 2979 hoc

968 3000 1139 3034 prudenter
1157 2998 1238 3027 fecit.
1272 2997 1424 3025 Latinum
1444 3004 1582 3031 namque
1596 3003 1767 3024 memorem

968 3046 1038 3074 vult
1060 3054 1136 3074 esse
1160 3044 1307 3079 responsi
1332 3047 1361 3072 ct
1381 3042 1515 3072 avidum
1536 3042 1619 3071 satis
1643 3042 1685 3071 ad
1708 3050 1767 3072 ex-
