2023 3350
227 191 305 231 132

224 303 330 344 Vela
368 301 544 352 cadunt,
582 301 708 342 remis
744 301 1024 355 insurgimus3

787 190 826 222 P.
854 189 1049 223 VIRGILII
1073 190 1283 226 MARONIS

1067 303 1184 345 haud
1218 318 1340 347 mora
1352 339 1361 357 ,
1403 308 1562 348 nautae

225 359 379 400 Aduixi
418 362 621 412 torquent
656 372 828 411 spumas
863 362 905 400 et
938 361 1111 402 cae1ula
1149 366 1339 404 verrunt.

225 417 447 458 Servatum
487 430 538 457 ex
575 415 700 456 undis
740 416 1031 470 Strophadum
1064 432 1131 459 me
1159 419 1289 461 litora
1319 420 1505 473 primum

224 473 460 525 Accipiunt.

222 531 390 572 Insulae
420 530 540 571 Ionio
575 530 620 571 111
657 544 832 584 magno,

223 588 521 641 Harpyiaeque
562 588 705 629 colunt
730 564 878 640 Daliae,

521 472 786 526 Stmphades
822 474 952 515 Giaio
990 478 1107 516 stant
1142 478 1312 518 nomine
1349 477 1491 519 dictae

876 546 982 585 quas
1024 532 1119 574 dira
1158 533 1340 576 Celaeno

921 589 1098 631 Phineia
1134 595 1363 645 postquam

1771 479 1854 517 210

224 645 378 687 Clausa
417 645 584 697 domus,
626 660 879 700 mensasque
916 650 1033 689 metu
1068 648 1234 701 liquere
1272 650 1447 702 priores.

223 702 403 743 Tristius
437 702 555 744 haud
587 703 672 744 illis
703 708 943 746 monstrum
977 719 1055 746 nec
1090 707 1255 748 saevior
1294 707 1381 747 ulla

221 760 358 801 Pestis
396 763 437 801 et
476 760 542 801 ira
581 760 707 802 deum
743 762 900 816 Stygiis
933 776 1024 804 sese
1064 764 1219 805 extulit
1248 764 1386 805 undis.

907 820 1155 862 foedissima
1189 822 1348 862 ventris

223 817 412 870 Virginei
447 818 669 859 volucrum
704 819 864 871 voltus,

222 874 440 916 Proiuvies
476 890 694 931 uncaeque
730 891 881 919 manus
919 881 961 920 et
994 878 1159 932 pallida
1197 892 1362 932 semper

224 932 311 975 Ora
346 932 469 974 fame.

334 989 429 1031 Huc
463 989 537 1031 ubi
574 989 707 1032 delati
741 994 891 1044 portus
924 992 1194 1044 intravimus,

221 1048 355 1089 Laeta
392 1047 522 1089 boum
555 1049 714 1102 passim
749 1050 908 1103 campis
940 1053 1135 1091 armenta
1171 1050 1361 1091 videmus

1240 1006 1336 1034 ecce

1772 1049 1854 1088 220

222 1106 591 1159 Gaprigemnnque
622 1121 749 1160 pecus
792 1107 908 1148 nullo
952 1108 1126 1149 custode
1166 1120 1244 1161 per
1278 1107 1445 1149 herbas.

221 1163 434 1204 Inruimus
474 1162 587 1205 ferro
630 1168 672 1205 et
708 1164 827 1206 divos
863 1165 1092 1219 ipsumque
1129 1179 1329 1207 vocamus

266 1323 342 1354 2117.
375 1323 460 1355 Vela
485 1324 878 1363 cadunt,immittuntur,
903 1333 937 1357 ut
961 1336 1012 1364 ap.

227 1374 285 1400 ΟΥ.
312 1373 397 1400 Fast.
424 1370 454 1407 3,
481 1371 557 1400 585.
598 1373 643 1401 Cf.
670 1371 699 1405 2,
725 1371 799 1402 442.
826 1390 869 1393 —-—
901 1372 1015 1403 Remis

225 1414 441 1457 insurgimus
473 1418 511 1446 cf.
545 1418 581 1453 5,
610 1416 683 1446 189.
724 1435 761 1438 —
801 1421 902 1454 Prope
938 1421 1015 1448 litus

224 1471 286 1491 non
310 1464 474 1497 velorum,
499 1465 554 1492 8611
579 1472 734 1493 remorum
760 1473 842 1494 usus
865 1470 950 1503 erat,
978 1475 1016 1494 ne

224 1509 309 1537 tieret
333 1509 548 1546 naufragium.
578 1525 615 1528 ——
645 1506 751 1539 Ham!
777 1519 873 1540 mora
897 1512 935 1540 cf.
964 1508 1015 1549 111,

224 1550 299 1582 153.

266 1609 341 1639 208.
372 1607 536 1649 Spumas,
566 1615 597 1640 ut
627 1609 653 1647 l,
675 1610 727 1640 35.
776 1613 909 1641 Intentis
933 1614 1013 1642 viri-

224 1659 283 1685 bus
305 1656 469 1690 remigant.
499 1672 536 1676 —
573 1655 725 1686 Caerula
752 1662 904 1695 verrunt,
928 1667 1015 1688 mare

224 1704 417 1737 caeruleum,
443 1702 525 1730 idem
550 1710 599 1737 ap.
626 1704 694 1732 Cat.
719 1704 822 1738 Epith.
844 1702 873 1732 7.
930 1703 1015 1734 Cae-

223 1745 304 1776 rula
328 1749 364 1776 de
389 1749 478 1776 caelo
505 1748 586 1777 dixit
610 1749 702 1777 Lucr.
731 1748 767 1784 6,
791 1748 842 1777 95.
870 1747 945 1778 481.
975 1767 1011 1770 -

222 1796 363 1822 verrant
388 1793 428 1822 ct.
450 1790 525 1822 290.
574 1795 660 1823 Idem
686 1803 718 1823 v.
746 1792 776 1831 4,
803 1793 878 1823 583.

265 1859 340 1890 209.
371 1858 595 1900 Strophades.
642 1862 817 1900 Phineum,
855 1863 1012 1892 Thraciae

222 1907 297 1942 [aut
323 1907 504 1942 Arcadiae]
536 1916 657 1945 regem,
702 1916 798 1942 quum
830 1913 922 1937 vates
957 1914 1010 1938 aut

221 1961 298 1982 suos
329 1953 410 1981 filios
439 1958 621 1989 caecasset,
656 1958 712 1982 aut
735 1956 864 1983 deorum
889 1962 1011 1984 arcana

221 1999 402 2027 hominihus
428 2000 633 2033 prodidisset,
659 2001 845 2029 occaecavit
868 2002 1011 2035 Iuppiter

220 2045 313 2079 eique
350 2045 482 2073 immisit
516 2045 699 2080 Harpyias,
734 2047 943 2075 Thaumantis
981 2052 1011 2076 et

221 2091 366 2119 Electrae
392 2089 487 2125 [quae
507 2094 553 2118 est
572 2091 691 2119 Oceani
711 2094 765 2120 vel
784 2092 890 2127 Ponti]
914 2092 1008 2129 filias,

221 2143 304 2170 quae
328 2136 415 2164 cibos
440 2137 584 2165 coenanti
605 2137 760 2171 eriperent
785 2142 813 2166 et
836 2137 1008 2167 foedarent.

222 2182 362 2210 Tandem
386 2189 482 2216 quum
506 2182 713 2218 Argonautae
737 2184 777 2212 ad
803 2192 875 2212 eum
899 2185 1010 2212 venis-

220 2231 308 2263 sent,
340 2227 461 2256 Boreae
485 2227 541 2255 filii
565 2229 660 2256 Zetes
685 2232 715 2257 et
740 2229 852 2258 Calais
875 2238 916 2258 ex
939 2230 1010 2259 eius

220 2274 309 2301 domo
346 2274 532 2307 depulerunt
571 2281 690 2309 easque
727 2276 885 2309 persecuti
924 2280 1009 2313 sunt,

219 2326 320 2353 usque
351 2320 425 2347 dum
457 2321 496 2347 ab
521 2319 605 2348 Iride
630 2324 663 2348 ut
688 2321 877 2350 desisterent
900 2329 1009 2356 perse-

218 2365 273 2398 qui
306 2365 433 2399 moniti
469 2358 504 2392 οἱ
529 2356 560 2392 δ’
595 2360 754 2401 εἴξαντες
784 2358 849 2395 ύπ
846 2361 1010 2417 ’στρεφον

220 2402 277 2446 ἄψ
302 2402 359 2438 ἐπι
384 2405 462 2460 νῆα
487 2402 673 2438 senefiam.
722 2404 949 2460 Στροφάδας
973 2405 1011 2440 δὲ

218 2447 462 2504 μετακλείουσ’
493 2446 687 2492 ἄνθρωποι
715 2449 848 2505 νήσους
875 2450 956 2484 τοῖό
980 2449 1010 2495 γ’

219 2491 336 2538 ἕκητι,
376 2492 494 2537 πάρος
528 2494 682 2534 Πλωτὰς
712 2494 910 2535 καλέοντες.
963 2502 1010 2530 Cf.

218 2545 328 2579 Apoll.
364 2545 485 2581 Argon.
523 2542 798 2581 2,17S—300.
853 2548 931 2574 Sunt
970 2548 1011 2575 ad

219 2591 323 2619 Elidis
352 2591 446 2625 litus,
488 2598 572 2619 nunc
604 2588 762 2619 Strivali.
811 2592 858 2619 Pl.
886 2593 954 2620 NH.
981 2589 1011 2630 4,

222 2632 261 2662 19
298 2634 385 2664 Ante
414 2632 629 2675 Zacynthum
668 2633 806 2664 XXXV
834 2634 881 2665 M.
913 2646 1010 2675 pass.

221 2677 255 2707 in
276 2678 407 2709 Eurum
432 2682 572 2710 ventum
597 2677 812 2720 Strophades
839 2679 941 2718 duae,
968 2681 1010 2712 ab

221 2723 303 2753 aliis
331 2723 450 2756 Plotae
474 2724 598 2755 dictae.
646 2727 820 2763 Harpyiae,
844 2721 1008 2767 θυέλλαι,

221 2777 271 2804 ap.
292 2772 381 2799 Hom.
409 2776 578 2801 ventorum
602 2772 735 2801 numina
760 2777 851 2810 sunt,
891 2781 911 2802 3
937 2775 1008 2808 qui-

220 2817 280 2843 bus
302 2817 356 2850 qui
379 2821 589 2855 evanuerant,
616 2819 740 2853 abrepti
764 2826 837 2847 esse
861 2820 1008 2848 diceban-

221 2865 281 2889 tur.

267 2911 342 2943 210.
370 2914 550 2957 Accipiunt
576 2922 618 2948 Μ
660 2917 836 2959 excipiunt
868 2922 961 2960 FGP«,
948 2924 1007 2951 «vhe

221 2964 249 2988 et
287 2969 348 2989 rec.
392 2958 577 3000 Rb.L‹1.·,·
616 2966 672 2993 sed
710 2973 881 3006 excipere,
924 2969 1005 3001 quod

220 3010 302 3034 recte
326 3006 465 3040 explicat
484 3008 633 3048 recipere
658 3008 692 3039 ἰη
718 3009 875 3048 tutelam,
897 3017 1005 3047 aptum

222 3059 283 3078 non
313 3054 360 3079 est
389 3053 418 3078 h.
450 3053 470 3079 1.
493 3054 530 3081 (16
558 3057 803 3095 StrophadibuS,
841 3065 924 3092 quae
948 3067 1003 3088 no—

222 3103 296 3124 vum
322 3098 442 3125 malum
466 3097 611 3128 inferunt.

1108 1325 1181 1357 211.
1211 1329 1370 1362 06136110,
1406 1328 1519 1361 Aello,
1560 1329 1699 1364 Ocypete
1724 1327 1852 1356 nomina

1061 1379 1136 1404 sunt
1158 1376 1385 1410 Harpyiarum.
1412 1389 1448 1392 m
1481 1374 1525 1402 De
1548 1374 1638 1402 hiatu
1664 1373 1701 1403 cf.
1728 1374 1750 1408 S
1776 1371 1805 1401 6.

1107 1418 1181 1448 213.
1209 1419 1330 1448 clausa
1358 1435 1401 1439 —-
1429 1416 1576 1458 liquere.-
1606 1421 1686 1448 Nota
1710 1420 1854 1448 subiecta

1061 1471 1182 1494 mutata
1204 1474 1277 1494 esse
1306 1470 1335 1494 et
1366 1465 1497 1493 transiri
1531 1466 1568 1493 de
1592 1466 1700 1495 activo
1722 1465 1755 1492 in
1778 1472 1853 1499 pas-

1061 1513 1169 1540 sivum
1192 1516 1221 1540 et
1246 1512 1374 1540 reverti.
1416 1511 1462 1539 Cf.
1491 1510 1543 1539 60.
1574 1527 1611 1530 —
1640 1513 1731 1540 metu
1747 1511 1853 1547 Argo-

1061 1562 1242 1586 nautarum.

1107 1601 1182 1631 215.
1208 1600 1315 1642 pestis·
1338 1602 1376 1631 cf.
1395 1602 1424 1636 5,
1445 1599 1520 1630 683.
1545 1618 1582 1621 -
1614 1599 1671 1631 Ira
1695 1599 1794 1630 deum
1819 1605 1854 1630 ut.

1061 1649 1134 1677 Val.
1171 1651 1217 1677 ΕΙ.
1251 1645 1286 1686 1,
1315 1646 1379 1675 633
1418 1645 1472 1676 ira
1509 1645 1607 1676 deum
1642 1649 1673 1676 et
1711 1644 1854 1677 Calabri

1059 1692 1250 1734 populator
1287 1691 1400 1722 Sirius
1436 1691 1529 1732 agri.
1572 1709 1609 1712 —
1653 1695 1703 1722 Ex
1741 1693 1853 1722 inferis

1062 1741 1169 1768 omnia
1194 1741 1326 1769 veniunt
1350 1740 1447 1767 noxia
1471 1739 1662 1767 hominihus.

1109 1783 1184 1813 216.
1210 1785 1437 1814 Nmninativus
1463 1793 1525 1812 non
1548 1785 1654 1813 addito
1682 1787 1789 1821 verbo,
1817 1789 1852 1813 ut

1063 1829 1093 1867 2,
1115 1828 1188 1860 170.
1219 1847 1256 1850 ——
1283 1827 1443 1870 Virginei
1467 1827 1643 1859 volucrum
1662 1828 1775 1859 voltus
1797 1838 1851 1858 sa-

1059 1877 1099 1906 tis
1124 1878 1263 1906 breviter
1287 1876 1317 1904 id
1344 1877 1469 1905 dictum.
1821 1871 1824 1874 ’

1058 1952 1263 1984 219-246,
1312 1951 1453 1983 Troiani
1480 1956 1666 1984 coenantes
1694 1952 1736 1984 ab
1764 1954 1851 1986 Har-

1284 1998 1370 2040 pyiis
1403 1996 1623 2029 infestantur.

1103 2055 1177 2086 220.
1206 2055 1304 2086 boum
1345 2060 1521 2086 armenta:
1563 2059 1662 2087 Recte
1702 2061 1851 2094 apposuit

1056 2103 1249 2140 genitivum,
1289 2111 1363 2132 nam
1394 2107 1421 2131 et
1448 2111 1601 2138 equorum
1625 2105 1772 2134 dicuntur
1795 2113 1848 2135 ar-

1056 2154 1171 2185 menta,
1197 2153 1230 2178 ut
1254 2146 1329 2177 540.
1358 2148 1416 2183 (cf.
1444 2150 1526 2177 Plin.
1546 2151 1601 2183 Ep.
1621 2147 1650 2186 2,
1670 2147 1711 2178 17
1735 2149 1848 2179 multa

1057 2193 1103 2224 ibi
1130 2203 1292 2234 equorum
1318 2192 1487 2233 boumque
1512 2195 1690 2230 armenta)
1722 2200 1750 2224 et
1781 2205 1848 2226 cer-

1056 2249 1170 2270 vorum
1191 2245 1222 2269 ut
1250 2238 1278 2277 1,
1300 2238 1373 2268 185.

1102 2284 1178 2314 221.
1211 2283 1514 2325 Caprigennmque
1528 2292 1632 2324 pecus
1645 2286 1749 2321 „satis
1766 2296 1849 2316 nove

1056 2336 1086 2360 et
1114 2331 1277 2360 affectate“
1307 2333 1337 2359 S.
1386 2332 1435 2359 Ita
1459 2331 1523 2359 Cic.
1550 2331 1664 2367 Progn.
1688 2332 1726 2361 fr.
1755 2331 1784 2361 6.
1814 2341 1844 2368 p.

1056 2375 1132 2405 556.
1161 2378 1211 2405 Or.
1244 2374 1429 2415 caprigeni
1451 2373 1584 2414 pecoris
1608 2379 1732 2407 custos.
1779 2380 1847 2407 Iam

1056 2422 1224 2451 Pacuvius
1249 2425 1276 2449 et
1302 2422 1412 2450 Attius
1445 2422 1490 2449 ita
1515 2422 1613 2451 locuti
1637 2431 1710 2452 esse
1735 2424 1847 2453 dicun-

1057 2471 1115 2496 tur.
1166 2467 1271 2495 Nihilo
1303 2471 1407 2496 tamen
1439 2468 1545 2496 minus
1574 2468 1654 2497 illud
1683 2466 1846 2508 affectate

1056 2517 1139 2542 recte
1170 2513 1287 2541 dictum
1317 2518 1373 2541 est.
1420 2528 1457 2532 ——
1499 2521 1561 2552 per
1586 2510 1710 2542 herbas
1734 2517 1777 2544 Μ.
1803 2517 1846 2544 31.

1062 2574 1098 2578 —-
1126 2565 1188 2598 per
1212 2555 1350 2587 herbam
1379 2560 1413 2587 P.
1441 2560 1532 2587 Serv.
1567 2575 1605 2578 —
1637 2559 1684 2588 Cf.
1712 2559 1743 2597 5,
1771 2559 1844 2590 102.

1060 2620 1097 2623 —
1131 2601 1280 2633 Custode
1301 2612 1382 2639 opus
1400 2612 1462 2632 non
1484 2608 1542 2640 est,
1563 2606 1645 2639 quod
1662 2606 1725 2634 diis
1750 2613 1846 2636 sacra

1056 2653 1141 2684 sunt,
1164 2657 1264 2684 quare
1290 2658 1382 2679 nemo
1410 2657 1450 2678 ea
1476 2650 1613 2686 attingit.

1103 2693 1177 2723 222.
1214 2693 1344 2724 Vocare
1381 2694 1415 2724 ἱη
1450 2699 1583 2734 partem
1623 2696 1668 2725 rei
1703 2697 1846 2726 alicuius

1057 2741 1189 2776 saepius
1215 2740 1330 2770 dicitur
1354 2745 1388 2769 111
1413 2741 1477 2770 Cic.
1503 2741 1631 2770 Caecin.
1655 2739 1675 2769 4
1701 2739 1734 2770 in
1759 2750 1843 2781 par-

1054 2789 1120 2815 tem
1157 2786 1342 2815 hereditatis
1378 2784 1539 2815 mulieres
1577 2789 1718 2815 vocatae
1753 2789 1843 2817 sunt.

1054 2833 1129 2861 Tac.
1154 2833 1195 2860 A.
1224 2828 1312 2867 1,11
1339 2829 1372 2860 ἱη
1397 2833 1531 2871 partem
1557 2839 1717 2861 curarum
1743 2841 1844 2862 voca-

1055 2879 1120 2906 tus.
1168 2878 1336 2913 Proxime,
1377 2878 1459 2912 quod
1490 2877 1599 2906 attinet
1623 2881 1653 2905 et
1675 2879 1715 2906 ad
1742 2881 1844 2908 verba

1054 2927 1083 2952 et
1112 2925 1151 2952 ad
1182 2931 1264 2959 rem,
1303 2923 1424 2952 accedit
1455 2923 1528 2951 Liv.
1555 2922 1586 2959 5,
1609 2920 1647 2949 21
1688 2921 1844 2953 seientes

1053 2966 1194 3008 ignari,
1232 2966 1303 2997 iam
1339 2965 1374 2997 in
1408 2969 1544 3007 partem
1574 2965 1730 3007 praedae
1759 2977 1844 2998 suae

1052 3016 1191 3042 vocatos
1217 3011 1306 3042 deos.
1356 3015 1457 3051 „Nam
1482 3013 1621 3042 Romani
1646 3015 1744 3043 moris
1773 3014 1843 3052 fuit,

1050 3063 1082 3087 ut
1110 3061 1197 3088 bella
1222 3059 1343 3095 gesturi
1370 3060 1407 3086 de
1433 3062 1523 3093 parte
1555 3060 1692 3093 praedae
1720 3060 1842 3096 aliquid

1051 3105 1236 3134 iuuninibus
1259 3102 1515 3140 pollicereiitur.“
1537 3106 1568 3132 S.
