2023 3350
298 93 378 132 596

853 87 888 117 P.
917 86 1043 118 VIRGI
1052 87 1112 118 LII
1136 87 1346 120 MARONIS

299 204 488 250 Avertet3
527 213 629 249 non,
665 198 700 238 si
733 197 927 238 tellurem
963 196 1152 239 effundat
1184 199 1228 239 in
1264 199 1412 250 undas,

298 259 462 302 Diluvio
500 256 700 305 miscens,
737 254 988 307 caelumque
1023 255 1066 295 in
1102 255 1286 297 Tartara
1323 258 1478 306 solvat3

1840 255 1920 296 205

301 318 356 358 Ut
386 317 598 366 sceptrum
636 312 716 352 hoc
746 336 804 343 —-
833 311 986 352 dextra
1021 314 1239 364 sceptrum
1272 327 1370 356 nam
1408 314 1520 355 forte
1562 311 1740 367 gerebat
1768 337 1825 343 --

300 374 527 423 Nunquam
561 369 712 411 fronde
749 369 831 410 levi
861 368 1012 410 fundet
1045 368 1234 421 virgulta
1270 384 1407 423 neque
1442 370 1631 421 umbras,

301 430 436 479 Quum
473 427 602 468 semel
639 427 682 467 in
721 426 855 476 silvis,
895 426 980 467 imo
1020 425 1072 467 de
1106 426 1240 479 stirpe
1269 430 1461 479 recisum,

300 486 438 528 Matre
477 488 594 526 caret
629 484 857 537 posuitque
892 497 1036 524 comas
1074 486 1116 524 et
1147 482 1325 525 brachia
1357 484 1490 536 ferro3

300 543 412 585 Olim
452 541 598 592 arbos,
636 555 746 582 nunc
780 540 956 582 artificis
994 554 1145 581 manus
1185 553 1282 582 aere
1324 540 1476 583 decoro

1844 541 1925 580 210

300 599 494 651 Inclusit,
526 598 811 653 patribusque
851 598 969 639 dedit
1006 601 1174 651 gestare
1212 598 1387 639 Latinis.

300 657 473 699 Talibus
510 656 622 697 inter
661 670 704 697 se
738 655 967 697 firmabant
1005 655 1180 696 foedera
1222 654 1358 706 dictis,

302 716 542 768 Conspectu
576 714 620 754 in
661 713 799 754 medio
831 727 1072 767 procerum.

1132 712 1239 754 Tum
1273 712 1356 753 rite
1392 715 1583 754 sacratas

301 774 349 814 In
384 771 599 813 flammam
637 771 832 824 iugulant
866 771 1068 825 pecudes,
1104 773 1147 811 et
1186 770 1349 810 viscera
1381 770 1484 811 vivis

302 829 520 883 Eripiunt,
559 828 861 881 cumulantque
897 828 1083 869 oneratis
1122 827 1318 868 lancibus
1357 841 1466 868 aras.

1847 826 1927 864 215

414 887 470 927 At
503 899 601 927 vero
641 886 809 926 Rutulis
847 886 987 939 impar
1023 899 1072 926 ea
1102 898 1247 938 pugna
1284 884 1419 925 videri

301 942 555 985 Iamdudum
596 946 638 984 et
678 943 797 984 vario
836 943 1005 984 misceri
1045 946 1221 995 pectora
1262 945 1401 993 motu,

301 1001 406 1042 Tum
434 1001 588 1054 magis,
628 1003 677 1041 ut
713 1001 889 1054 propius
927 1003 1105 1042 cernunt

302 1166 350 1201 iri,
375 1169 406 1193 ut
432 1166 516 1193 hanc
534 1171 647 1199 pacem
670 1167 843 1198 rumperet.
872 1165 962 1192 Haec
979 1171 1094 1197 quam-

303 1218 397 1245 quam
429 1217 509 1238 vera
536 1215 629 1243 sunt,
665 1215 772 1238 tamen
810 1209 887 1237 nihil
914 1211 1024 1238 valent
1053 1210 1091 1237 ad

303 1264 423 1285 versus
447 1256 661 1291 reiiciendos,
689 1262 786 1289 quum
812 1255 918 1283 Latini
953 1256 1094 1283 indolem

303 1303 436 1330 reddant
473 1301 532 1336 (cs.
566 1300 594 1337 1,
627 1300 727 1335 210),
758 1308 819 1329 nec
851 1302 953 1329 verba
982 1308 1095 1335 repre·

303 1348 474 1376 hendenda
507 1351 599 1382 sunt,
638 1347 732 1374 modo
764 1346 900 1380 iungas:
948 1349 1015 1375 Nec
1042 1354 1092 1374 me

302 1395 477 1428 volentem,
514 1392 568 1426 qui
592 1393 669 1420 volo
694 1391 811 1419 foedus
836 1396 940 1419 ratum
970 1392 1092 1427 haberi,

303 1440 373 1467 ulla
396 1438 447 1466 vis
472 1442 595 1466 avertet
616 1445 663 1465 sc.
688 1439 727 1464 ab
746 1438 807 1464 hac
824 1444 897 1465 mea
912 1438 1091 1465 voluntate.

347 1482 422 1511 204.
452 1479 622 1511 Tellurem
647 1479 823 1520 effundere
849 1479 883 1509 in
909 1479 1022 1510 undas
1043 1486 1094 1510 est.

304 1530 453 1557 tellurem
485 1527 613 1556 fluidam
644 1527 792 1555 faciendo
822 1527 853 1555 in
887 1534 975 1555 mare
1002 1535 1092 1555 com-

304 1579 444 1607 mutare;
488 1581 545 1608 pro
582 1581 646 1608 quo
678 1574 840 1601 vocabulo
864 1580 895 1600 v.
921 1571 988 1600 2Οό
1022 1569 1091 1602 sol·

303 1627 382 1649 vere
409 1619 546 1653 ponitur.

349 1663 426 1692 206.
454 1662 690 1697 Nequefoedus
704 1662 861 1698 frangam,
878 1666 910 1690 ut
922 1666 1089 1697 sceptrum

304 1718 367 1738 non
408 1710 597 1737 revirescet.
646 1710 769 1743 „Tenet
803 1712 968 1741 sceptrum
1002 1708 1091 1735 Lati-

303 1763 384 1790 nus,
418 1763 482 1782 non
504 1760 536 1782 ut
572 1761 630 1781 rex
656 1754 714 1781 sed
737 1752 833 1786 quasi
860 1757 950 1787 pater
980 1758 1091 1787 patra-

303 1798 380 1829 ῑιιειιι
402 1802 433 1828 S.

347 1845 425 1874 208.
450 1845 548 1882 „Ideo
575 1851 694 1878 genere
719 1850 800 1871 usus
819 1845 868 1871 est
896 1843 1091 1879 masculino,

302 1892 378 1926 quia
403 1891 442 1919 de
468 1890 638 1919 arboribus
661 1889 817 1924 loquitur3
861 1895 934 1916 nam
969 1890 1006 1917 de
1032 1891 1092 1917 ho-

301 1936 442 1965 minibus
467 1943 587 1970 genere
611 1934 763 1963 feminino
789 1932 962 1962 dicimus.“
1012 1935 1091 1962 Inde

302 1982 517 2011 masculinum
557 1984 608 2009 est
639 1979 715 2008 770.
749 1977 823 2007 781.
872 1981 907 2007 G.
937 1978 974 2015 2,
1015 1978 1091 2014 379,

303 2028 491 2056 femininum
527 2025 554 2060 l,
581 2024 654 2053 626.
680 2022 714 2061 7,
747 2023 823 2054 293.
873 2027 946 2059 lpse
983 2029 1090 2054 tamen

304 2073 439 2102 Servius
465 2074 504 2100 ab
534 2071 607 2100 aliis
637 2077 729 2099 suam
754 2072 899 2105 regulam
929 2079 992 2099 non
1019 2079 1089 2099 ser-

303 2119 376 2147 vari
389 2120 495 2154 docet,
515 2121 555 2154 et,
571 2117 653 2151 quod
671 2117 808 2151 saepius
827 2116 956 2144 videtur
968 2116 1089 2145 factum

303 2172 392 2200 esse,
412 2164 611 2198 singularem
631 2162 756 2197 Virgilii
775 2170 868 2191 usum
884 2170 1088 2191 communem

305 2210 445 2238 omnium
466 2209 539 2237 fecit
569 2209 684 2243 legem.
721 2208 796 2236 Alia
821 2210 982 2236 vocabula
1009 2216 1089 2243 quo-

303 2263 372 2284 rum
397 2262 502 2290 genus
528 2253 661 2282 mutavit
687 2254 759 2287 vgt.
785 2253 825 2282 cf.
851 2253 881 2290 5,
902 2251 978 2282 462.

348 2300 424 2329 209.
450 2301 549 2328 Ferro
571 2300 724 2327 desectae
740 2304 813 2327 sunt
840 2306 954 2327 comae
980 2299 1089 2334 (fron-

303 2346 381 2381 des]
412 2350 442 2374 et
467 2345 600 2374 brachia
622 2344 759 2380 (rami];
786 2345 892 2379 itaque
914 2342 1013 2383 ponit
1034 2353 1089 2373 co-

303 2399 378 2420 mas
403 2389 500 2429 ferro
533 2390 553 2418 i.
586 2398 613 2418 e.
645 2390 762 2418 ferrum
793 2397 917 2418 caussa
947 2394 1017 2424 est,
1056 2394 1089 2419 ut

303 2440 412 2472 ponat.
436 2452 479 2456 —
505 2436 557 2464 Sic
589 2437 698 2464 mater
729 2435 845 2463 dicitur
872 2438 969 2463 arbor
995 2438 1029 2464 G.
1055 2436 1087 2473 2,

305 2482 363 2520 19,
400 2486 433 2510 ιιι
463 2488 578 2510 comae
605 2485 636 2509 et
667 2477 810 2509 brachia
835 2481 961 2510 arboris
994 2483 1029 2510 G.
1056 2481 1088 2517 2,

303 2526 377 2557 368.
404 2529 445 2557 al.

347 2572 424 2601 210.
449 2572 552 2601 Etiam
575 2571 606 2599 in
633 2570 682 2599 his
705 2570 811 2600 haesit
836 2567 887 2599 Pl.
904 2575 933 2598 et
953 2575 1088 2599 senten-

302 2619 377 2648 tiam
414 2618 543 2647 minime
586 2622 694 2651 aptam
729 2624 806 2645 esse
854 2617 1086 2653 pronuntiavit,

302 2672 361 2693 nec
390 2661 550 2704 patribus
581 2670 637 2697 pro
680 2659 821 2703 regibus
862 2666 970 2696 aptum
1006 2670 1083 2691 esse

301 2709 415 2738 voluit.
464 2709 504 2737 At
527 2710 627 2736 verba
646 2707 720 2736 facit
746 2715 816 2744 rex,
849 2708 941 2736 cuius
971 2712 1082 2742 patres

300 2763 397 2790 reges
423 2758 524 2783 erant.
559 2753 662 2782 Etiam
682 2754 765 2787 quod
794 2759 957 2788 sceptrum
983 2755 1081 2782 arbos

300 2801 418 2829 dictum
445 2803 513 2836 est,
551 2802 626 2833 post
648 2805 704 2836 ea,
741 2805 825 2833 quae
850 2806 881 2827 v.
906 2797 972 2826 209
997 2799 1082 2828 dicta

299 2850 384 2883 sunt,
416 2845 544 2874 minime
569 2844 808 2872 sollicitandum
832 2848 911 2872 erat.
932 2860 975 2863 ——
1003 2852 1082 2874 aere

299 2887 422 2919 decoro
443 2890 585 2926 explicat
609 2891 701 2917 Serv.
731 2885 915 2926 orichalco,
953 2890 991 2918 de
1017 2898 1080 2924 quo

298 2934 338 2963 cf.
361 2932 415 2964 87.
439 2951 482 2955 —
507 2935 643 2964 Attende
668 2934 826 2971 Latinum,
857 2943 875 2963 a
900 2943 963 2970 qua
988 2940 1079 2970 parte

298 2978 412 3009 foedus
438 2981 595 3017 violatur,
634 2982 734 3009 multa
768 2980 876 3009 facere
908 2982 1008 3010 verba
1039 2982 1078 3010 de

1142 1013 1225 1041 non
1268 999 1430 1041 viribus
1467 998 1625 1053 aequis.

1141 1164 1198 1192 fide
1224 1171 1305 1198 sua;
1333 1164 1489 1200 Aeneam,
1512 1162 1566 1197 qui
1581 1163 1705 1198 servat,
1728 1167 1795 1188 rem
1812 1159 1928 1194 paucis

1140 1212 1327 1238 absolvere.
1357 1210 1422 1245 Sic,
1449 1213 1482 1237 ut
1506 1208 1548 1245 fit,
1574 1207 1710 1236 Latinus
1731 1207 1838 1234 malae
1856 1205 1928 1234 fidei

1139 1256 1310 1291 conscius,
1338 1254 1495 1289 abripitur
1522 1252 1650 1282 iurandi
1675 1251 1870 1287 cupiditate3
1898 1254 1929 1279 et

1140 1309 1202 1336 quo
1229 1302 1336 1329 minus
1361 1301 1445 1337 ipse,
1472 1300 1527 1334 qui
1549 1304 1580 1327 et
1605 1301 1668 1327 hoc
1686 1303 1851 1326 certamen
1867 1297 1929 1325 im-

1140 1349 1252 1381 probat
1286 1351 1316 1374 et
1349 1349 1496 1375 Aeneam
1525 1345 1590 1373 iam
1624 1347 1722 1372 antea
1753 1342 1929 1379 fraudavit,

1139 1393 1269 1427 dignum
1294 1400 1331 1420 se
1357 1400 1436 1421 esse
1470 1391 1527 1420 fide
1552 1389 1716 1426 intelligit,
1758 1396 1795 1417 eo
1823 1388 1928 1423 magis

1139 1438 1249 1466 verbis
1273 1445 1344 1466 eam
1368 1438 1555 1465 firmantiam
1583 1439 1683 1471 putat.

1183 1483 1260 1511 213.
1287 1481 1352 1512 rite
1378 1484 1537 1511 sacratas
1561 1481 1602 1510 cf.
1624 1489 1656 1509 v.
1679 1477 1751 1508 173.

1182 1526 1258 1556 214.
1284 1525 1320 1556 ἰη
1352 1525 1537 1566 flammam
1567 1523 1737 1565 iugulant
1767 1521 1927 1564 pecudes.

1139 1574 1193 1602 Sic
1220 1573 1270 1610 11,
1299 1573 1372 1602 199.

1183 1618 1260 1647 215.
1288 1615 1465 1649 cumulant
1495 1624 1593 1646 aras:
1627 1617 1711 1645 idem
1735 1623 1766 1644 v.
1792 1614 1825 1653 8,
1849 1612 1928 1644 284.

1163 1694 1227 1725 216
1246 1712 1288 1715 *-
1308 1693 1383 1725 310.
1432 1694 1575 1724 Iuturna
1610 1692 1752 1724 Latinos
1781 1695 1901 1724 contra

1399 1737 1522 1769 foedus
1550 1741 1673 1769 movet.

1183 1795 1259 1824 216.
1293 1794 1412 1825 sideri
1444 1796 1622 1825 infinitivus
1655 1797 1686 1825 in
1726 1804 1761 1825 re
1801 1796 1927 1825 descri-

1140 1843 1244 1870 benda
1268 1841 1310 1870 cf.
1335 1841 1366 1876 2,
1396 1841 1470 1870 132.

1181 1885 1258 1916 217.
1283 1885 1502 1916 iamdudum.
1531 1890 1768 1922 Nonnunquam
1792 1893 1861 1916 vox
1885 1888 1926 1916 ad

1138 1934 1200 1961 duo
1226 1936 1328 1962 verba
1355 1932 1457 1970 (1113,
1488 1933 1567 1969 188]
1590 1938 1645 1962 aut
1670 1935 1733 1962 duo
1760 1933 1928 1962 enuntiata

1139 1979 1314 2014 pertinens,
1340 1979 1422 2007 inter
1447 1985 1616 2013 utrumque
1641 1979 1778 2008 medium
1804 1979 1928 2008 obtinet

1136 2026 1261 2058 locum,
1301 2029 1329 2052 et
1367 2026 1450 2054 inter
1489 2026 1657 2054 enuntiata
1689 2025 1785 2054 etiam
1822 2032 1925 2053 versu

1134 2070 1275 2098 ineunte.
1308 2071 1361 2099 Sic
1381 2068 1582 2099 iamdudum
1606 2069 1637 2107 5,
1667 2069 1721 2100 27.
1748 2077 1870 2100 rursus
1892 2068 1923 2106 6,

1137 2115 1211 2144 751.
1253 2123 1385 2155 semper
1415 2119 1450 2145 G.
1482 2116 1513 2153 l,
1546 2114 1622 2144 248.
1661 2116 1730 2145 Tib.
1757 2114 1788 2154 3,
1832 2115 1844 2144 1
1877 2118 1921 2145 al.

1135 2161 1187 2190 sic
1220 2169 1450 2196 nonnunquam
1487 2164 1580 2196 plura
1618 2164 1718 2190 verba
1753 2161 1924 2198 interponi,

1137 2209 1190 2235 vel
1217 2212 1315 2235 totum
1343 2208 1541 2236 enuntiatum
1571 2207 1741 2244 reperitur,
1777 2208 1862 2242 quod
1891 2212 1923 2236 et

1135 2254 1174 2281 ad
1200 2252 1308 2287 priora
1339 2257 1368 2281 et
1402 2253 1584 2288 posteriora
1616 2260 1721 2288 aeque
1754 2253 1921 2288 pertinens

1134 2298 1272 2326 medium
1296 2300 1403 2327 locum
1424 2299 1567 2333 obtinet;
1594 2303 1628 2327 ut
1647 2297 1680 2336 2,
1702 2296 1770 2327 433
1794 2296 1824 2327 si
1836 2297 1921 2336 fata

1130 2340 1293 2381 fuissent,
1320 2346 1363 2372 ut
1389 2341 1602 2381 caderem,
1624 2341 1789 2373 meruisse
1802 2352 1919 2374 manu.

1134 2389 1199 2418 Cic.
1226 2391 1315 2419 Lael.
1342 2390 1359 2418 7
1397 2387 1437 2418 Id
1476 2386 1506 2418 si
1544 2387 1659 2418 minus
1691 2386 1920 2431 intelligitur,

1133 2437 1267 2474 quanta
1292 2433 1342 2463 vis
1367 2432 1544 2464 amicitiae
1567 2432 1838 2475 concordiaeque
1861 2432 1920 2473 sit,

1131 2487 1170 2509 ex
1197 2477 1468 2509 dissensionibus
1497 2482 1603 2520 alque
1630 2477 1815 2510 discordiis
1837 2489 1919 2522 per-

1133 2523 1202 2565 cipi
1225 2528 1347 2565 polest.
1395 2525 1441 2555 ef.
1469 2528 1520 2555 Gr.
1549 2527 1581 2559 §—
1605 2524 1682 2562 513,
1706 2525 1737 2555 6.
1779 2530 1782 2533 ’

1177 2569 1253 2600 218.
1279 2572 1468 2601 Iamdudum
1518 2571 1628 2600 Rutuli
1669 2573 1813 2601 Turnum
1852 2580 1918 2601 non

1132 2623 1240 2650 parem
1264 2625 1341 2646 esse
1358 2618 1490 2646 Aeneae
1513 2621 1717 2655 putaverant,
1741 2618 1798 2646 sed
1819 2625 1915 2652 quum

1128 2669 1229 2697 prope
1254 2662 1338 2690 inter
1362 2670 1398 2691 se
1415 2671 1475 2691 eos
1492 2664 1623 2691 adstare
1642 2664 1796 2699 cernunt,
1816 2663 1916 2691 etiam

1128 2708 1233 2742 magis
1257 2708 1457 2744 intelligunt,
1497 2708 1688 2743 praesertim
1720 2715 1816 2742 quum
1839 2708 1913 2743 ipse

1130 2755 1258 2782 Turnus
1306 2753 1389 2782 idem
1434 2754 1583 2783 sentiens
1623 2753 1767 2782 demisso
1808 2754 1912 2790 vultu,

1127 2800 1229 2827 tracto
1255 2799 1403 2836 incessu,
1429 2801 1545 2829 tabens
1566 2803 1597 2828 et
1615 2801 1742 2834 pallens
1765 2798 1909 2833 prodeat.

1122 2852 1191 2872 non
1222 2841 1353 2874 viribus
1394 2842 1516 2884 aequis
1554 2852 1636 2882 „eos
1666 2850 1911 2883 congressuros

1124 2888 1304 2919 subaudis“
1329 2893 1362 2918 S.
1409 2891 1450 2919 At
1475 2890 1571 2919 nimis
1593 2891 1692 2918 multa
1715 2888 1802 2916 iubet
1829 2891 1906 2918 sub·

1122 2935 1236 2963 audiri.
1284 2935 1348 2964 Alii
1384 2938 1528 2964 cernunt
1565 2943 1623 2970 pro
1660 2937 1799 2970 certant,
1846 2942 1906 2970 pu—

1123 2986 1220 3015 gnant
1245 2980 1305 3016 [cf.
1320 2989 1352 3009 v.
1373 2979 1456 3015 709)
1473 2980 1647 3015 accipiunt,
1671 2982 1701 3007 et
1723 2979 1904 3010 subiectum
