2023 3350
127 273 293 316 Deiecit
325 272 486 314 voltum
516 273 559 312 et
592 269 778 312 demissa
813 283 916 312 voce
949 271 1097 312 locuta
1127 272 1211 311 est:

130 332 164 374 O
207 331 310 373 felix
345 344 433 372 una
471 332 572 371 ante
612 329 721 370 alias
758 328 972 370 Priameia
1006 329 1141 381 virgQ

127 389 342 431 Hostilem
375 387 432 429 ad.
467 386 680 428 tumulum
719 386 872 428 Troiae
907 385 984 428 sub
1020 385 1244 427 moenibus
1280 384 1380 426 alt-is

127 448 251 489 Iussa
287 446 416 497 mori,
460 459 570 499 quae
605 445 784 486 sortitus
824 459 910 486 non
944 444 1125 498 pertulit
1158 443 1280 495 ullos,

127 505 217 547 Nec
248 503 423 546 victoris
457 503 552 544 heri
590 503 736 556 tetigit
776 503 948 557 captiva
990 501 1146 543 cubile!

127 563 237 613 Nos,
279 561 425 616 patria
457 561 631 602 incensa
665 561 834 602 diversa
863 575 940 614 per

133 619 290 674 Stirpis
323 618 542 661 Achilleae
583 619 721 661 fastus
760 620 1041 671 iuvenemque
1078 616 1321 671 superbum,

130 678 312 721 Servitio
352 677 518 729 enixae,
560 677 756 729 tulimus3
806 677 879 731 qui
916 676 1087 727 deinde,
1128 678 1299 717 secutus

129 736 343 779 Ledaeam
384 735 648 777 Hermionen
680 735 1127 787 Lacedaemoniosque
1164 733 1435 786 hymenaeos,

129 794 200 836 Me
235 793 398 835 famulo
435 793 727 848 famulamque
760 793 926 835 Heleno
967 791 1207 834 transmisit
1241 790 1496 832 habendam.

732 150 966 189 AENEmos
993 156 1080 189 Lm.
1111 156 1176 188 111.
1691 154 1770 194 139

1691 269 1773 308 320

976 573 1169 614 aequora
1204 560 1366 610 rectae,
1694 557 1774 596 325

1696 847 1778 886 330

129 853 210 894 Ast
243 852 368 893 illum
402 856 577 905 ereptae
612 865 769 905 magno
808 851 1098 892 inflammatus
1138 862 1283 890 amore

136 910 339 964 Coniugis
371 912 413 951 et
444 910 653 951 scelerum
688 909 828 951 Furiis
868 909 1059 963 agitatus
1090 907 1264 949 Orestes

130 1030 262 1058 nomina
291 1025 450 1058 Hectoris
482 1032 511 1057 et
541 1025 666 1067 Pyrrhi
697 1029 807 1057 eodem
831 1035 932 1056 enun-

132 1077 208 1105 tiato
231 1083 305 1104 esse
330 1076 636 1110 comprehendenda.
674 1071 740 1104 Rs).
768 1079 837 1108 post
859 1072 931 1102 An-

131 1118 320 1150 dromache
344 1121 449 1156 posuit
468 1121 596 1157 signum
614 1120 833 1153 interrogandi
849 1119 932 1153 quod

131 1172 200 1203 post
227 1164 345 1196 revisit
371 1167 533 1195 omiserat.
582 1163 644 1194 Ld.
667 1166 779 1200 recipit
798 1163 935 1193 Andro-

132 1208 303 1243 machen?
324 1213 483 1247 Additque
499 1207 659 1241 Revisit?
680 1208 724 1239 ΙΙ.
744 1210 783 1240 Α.
807 1208 844 1239 Ρ.
862 1218 890 1239 c.
909 1219 934 1238 s,

132 1256 251 1288 wzirde
284 1256 339 1287 die
376 1256 494 1299 Frage
533 1256 630 1286 einen
669 1254 809 1286 stari-cn
850 1254 936 1283 Γον-

132 1303 228 1343 wnrf
248 1312 366 1345 gegen
390 1302 446 1332 die
472 1300 715 1332 Andromache
743 1299 935 1339 wahalim,

133 1349 205 1380 und
237 1347 350 1379 nichts
382 1358 446 1378 von
480 1347 555 1378 dem
591 1345 828 1389 Zartgcfiihlc
864 1356 938 1377 rer—

134 1393 271 1430 rathen,
299 1393 365 1424 (Ias
396 1393 436 1427 Γ.
462 1393 537 1424 dem
570 1395 704 1424 Aeneas
731 1391 818 1423 doch
843 1396 938 1423 sonst

134 1439 270 1472 aben-all
308 1451 353 1470 an,
392 1439 456 1470 dcn
495 1439 575 1481 'I'ag
610 1438 712 1481 legen
753 1438 849 1469 [iisse.
903 1441 938 1469 si

135 1485 402 1518 Andromachen
428 1487 512 1523 legis
535 1491 620 1516 recte
645 1487 829 1522 explicatur
852 1484 939 1515 satis

136 1532 274 1574 digna;
300 1538 400 1567 certe.
427 1541 510 1569 quae
541 1533 644 1562 fuerat
673 1533 820 1563 Hectoris
846 1541 938 1568 uxor.

135 1589 197 1609 non
225 1584 345 1615 poterat
368 1583 486 1609 nubere
507 1580 573 1608 nisi
598 1580 679 1615 pari,
697 1580 808 1614 qualis
826 1579 938 1608 haberi

134 1631 255 1662 poterat
274 1627 433 1662 Pyrrhus.
468 1624 514 1655 [st
537 1623 602 1654 das·
624 1624 706 1653 aber
734 1631 850 1654 ται-ιω·
876 1633 939 1665 gc-

131 1668 256 1710 fiihlt!
313 1669 364 1701 Pl.
398 1673 480 1702 coni.
518 1668 562 1700 H.
596 1668 863 1701 Andromachen
902 1668 938 1700 P.

136 1728 164 1750 c.
192 1727 337 1748 servam.
381 1734 419 1738 —
470 1715 652 1747 Connubia
689 1720 822 1747 honeste
859 1718 940 1746 dixit

138 1765 282 1797 Aeneas.
309 1773 412 1800 neque
434 1773 501 1794 rem
524 1765 631 1799 ipsam
658 1772 736 1799 prae
763 1765 881 1799 pudore
906 1764 939 1792 in

138 1811 197 1840 tali
221 1811 342 1840 femina
366 1811 508 1846 proferre
532 1815 675 1839 conatur.
726 1810 774 1839 Cf.
802 1809 829 1842 1,
852 1808 905 1838 72.

184 1855 261 1886 320.
294 1857 428 1886 Femina
479 1857 596 1891 pudica
651 1864 747 1885 suum
803 1858 940 1885 dedecus

140 1905 232 1932 modo
267 1911 323 1938 per
355 1906 509 1939 ambages
548 1908 577 1931 et
612 1906 691 1931 tecte
726 1903 856 1932 indicat.
900 1917 937 1921 —

144 1946 305 1977 Demissa
342 1958 404 1977 ναν
437 1949 583 1983 opposita
609 1950 757 1977 sublatae
781 1954 808 1977 et
837 1950 943 1977 elatae

139 1994 247 2028 signat
272 1995 501 2023 verecundiam
525 1999 553 2022 et
577 1995 729 2023 timorem.
780 1995 853 2024 Sic:
883 1993 943 2022 ‹lc-

132 2039 259 2078 sens-or
288 2037 491 2078 suppliciter
516 2037 730 2078 demisseque
758 2037 945 2078 responde-

140 2088 198 2115 rat
230 2086 296 2115 Cic.
331 2087 437 2115 Flacc.
477 2083 535 2114 10.
564 2082 617 2113 21.
651 2090 679 2113 et
712 2086 837 2114 similia
868 2093 943 2114 sae-

140 2133 224 2168 pius.
280 2129 328 2160 Pl.
359 2134 399 2161 ad
430 2135 459 2160 h.
487 2141 518 2160 v.
544 2131 688 2167 adiungit
720 2140 752 2160 v.
781 2129 845 2159 348
870 2140 942 2160 mu-

140 2183 249 2214 tatque
271 2179 304 2207 in
335 2176 532 2215 Singultim
559 2179 589 2206 ct
612 2174 778 2205 lacrimas
801 2182 858 2206 etc.

189 2223 264 2253 321.
296 2221 324 2252 0
363 2221 471 2260 felix:
506 2225 616 2261 ..Bene
655 2228 684 2252 et
722 2223 943 2259 virginitatem

144 2272 256 2300 laudat
279 2274 308 2299 et
338 2275 485 2303 mortem,
520 2275 553 2298 ut
576 2271 723 2298 ostendat
747 2278 782 2298 se
807 2269 943 2298 invitam

143 2317 316 2352 pertulisse
334 2317 452 2352 Pyrrhi
479 2314 675 2345 connubias‘
703 2317 734 2343 S.
762 2315 800 2345 cf.
819 2314 848 2345 2.
866 2313 943 2343 785.

146 2378 184 2383 —
212 2363 335 2391 Priami
360 2363 442 2399 filia,
484 2363 672 2398 Polyxena.
715 2362 808 2391 cuius
833 2369 943 2390 amore

145 2413 259 2444 captus
284 2409 434 2438 Achilles
458 2410 492 2437 in
520 2409 662 2437 insidias
694 2408 866 2437 inciderat.
903 2410 944 2436 ab

144 2456 216 2484 eius
247 2457 361 2483 umbra
392 2455 426 2483 in
454 2456 592 2490 praedae
618 2459 740 2490 partem
771 2455 871 2489 petita
904 2455 945 2482 ad

145 2502 330 2536 sepulcrum
362 2501 528 2530 immolata
559 2505 617 2529 est.
667 2500 714 2530 Cf.
748 2501 856 2536 Eurip.
880 2501 944 2529 He-

146 2549 262 2578 cubam
289 2551 318 2575 et
344 2548 402 2575 Ov.
427 2549 469 2575 M.
504 2545 553 2581 13.
577 2544 653 2575 442.

192 2591 267 2621 322.
296 2589 356 2621 sub
404 2589 580 2621 moenibus
623 2589 729 2621 altis:
783 2593 945 2622 Troianae

147 2640 233 2668 enim
258 2639 390 2675 reginae
414 2642 480 2667 tam
504 2638 662 2667 usitatum
683 2642 731 2667 est
755 2640 841 2667 altos
865 2640 944 2668 Tro-

148 2686 200 2714 iae
224 2694 332 2714 muros
359 2685 514 2721 cogitare,
554 2688 587 2713 ut
613 2688 764 2713 memoret
789 2685 886 2713 etiam
910 2685 944 2713 in

146 2740 198 2767 re,
240 2738 322 2766 quae
358 2735 426 2766 post
450 2731 589 2758 dirutam
615 2731 745 2758 Troiam
771 2729 858 2760 facta
887 2735 945 2760 est.

148 2793 192 2796 —
219 2778 371 2813 „Duplex
393 2777 549 2807 felicitas.
578 2777 662 2810 quod
687 2781 715 2805 et
741 2777 834 2813 virgo
860 2781 891 2805 et
914 2777 949 2805 in

146 2824 254 2859 patria
284 2823 435 2852 meruerit
464 2820 627 2851 interita*
662 2824 693 2851 S.
732 2837 770 2842 —-
811 2819 950 2852 hostilis

147 2866 304 2899 tumulus
329 2873 361 2898 ut
391 2866 466 2897 304.

195 2913 271 2944 323.
299 2912 463 2944 sortitus:
488 2914 603 2943 Graeci
627 2914 767 2943 victores
792 2915 875 2944 inter
899 2923 951 2944 re-

147 2962 271 2996 liquam
301 2962 457 2997 praedam
488 2961 719 2990 distribuerant
752 2961 849 2990 etiam
879 2969 950 2990 mu—

149 3006 246 3037 lieres
275 3013 369 3043 sorte,
400 3008 496 3042 quasi
525 3014 651 3042 pecora.
682 3022 719 3026 —-
753 3004 843 3045 felia·
863 3015 952 3047 quae

147 3050 295 3093 pertulit
314 3069 359 3075 -
381 3051 501 3095 tetigit
533 3053 571 3082 cf.
599 3050 630 3089 2,
655 3050 731 3081 346.

195 3096 272 3128 324.
297 3096 440 3129 victoris
469 3096 544 3128 heri
578 3099 618 3128 cf.
656 3096 691 3136 1,
720 3096 772 3127 21.
818 3114 856 3118 —
899 3099 954 3128 Sic

979 1027 1053 1055 Val.
1080 1027 1127 1054 Fl.
1156 1023 1191 1056 2,
1220 1022 1283 1053 345
1318 1020 1482 1052 dominae
1513 1025 1670 1052 sanctum
1703 1020 1782 1052 teti-

979 1070 1076 1113 gisse
1101 1069 1223 1099 cubile.

1028 1113 1291 1155 326....s‘1irpis·
1330 1112 1509 1144 Achilleae
1551 1123 1623 1144 cum
1663 1122 1781 1151 magno

981 1165 1089 1192 dolore
1112 1163 1240 1191 dictum.
1266 1162 1343 1197 quia
1366 1163 1406 1190 ab
1430 1161 1562 1190 Achille
1586 1162 1701 1190 Hector
1725 1169 1779 1190 oc-

980 1210 1070 1239 cisus
1094 1209 1164 1237 θεν*
1190 1211 1221 1237 S.

1029 1252 1105 1283 327.
1133 1252 1275 1283 enixae.-
1330 1254 1509 1282 Molossum
1556 1253 1642 1281 enim
1682 1253 1783 1281 tilium

982 1303 1213 1331 Andromacha
1237 1304 1401 1335 pepererat
1426 1300 1640 1333 Neoptolemo.
1673 1300 1784 1328 ..Bene

983 1347 1104 1383 plurali
1130 1348 1228 1375 utitur
1254 1354 1385 1375 numero
1410 1347 1450 1374 ad
1475 1346 1696 1374 excusandam
1723 1353 1783 1380 pu-

983 1396 1123 1423 dorem:-
1149 1395 1182 1422 S.

1031 1439 1107 1468 325.
1136 1435 1324 1467 Hermione
1348 1437 1435 1466 enim
1456 1436 1596 1465 Menelai
1623 1439 1689 1464 erat
1720 1435 1785 1464 filia

985 1490 1014 1516 et
1039 1487 1192 1521 Helenae.
1216 1485 1310 1514 cuius
1331 1488 1433 1512 mater
1461 1480 1566 1511 Leda.
1606 1480 1784 1511 Lacedae-

985 1541 1084 1562 mone
1107 1536 1213 1561 autem
1240 1533 1394 1567 regnabat
1414 1530 1594 1558 Menelaus.

1031 1577 1106 1607 329.
1140 1575 1194 1606 Me
1213 1574 1356 1615 famulo
1381 1574 1630 1614 famulamque
1655 1575 1675 1603 i.
1703 1584 1730 1603 e.
1756 1578 1786 1603 et

985 1625 1113 1660 quidem
1138 1624 1316 1658 famulam3
1343 1623 1382 1652 cf.
1400 1630 1465 1662 qne
1483 1621 1720 1657 explicativum
1745 1621 1786 1649 ad

987 1669 1018 1706 1,
1036 1669 1065 1700 2.
1098 1686 1136 1690 -
1165 1671 1217 1698 Sic
1236 1672 1316 1698 Mss.
1342 1669 1406 1697 fere
1430 1677 1540 1697 omnes
1568 1672 1596 1696 et
1615 1670 1658 1696 M.
1681 1668 1714 1695 F.
1744 1682 1782 1686 —-

986 1725 1038 1746 me
1064 1713 1244 1754 famulam
1270 1713 1481 1754 famuloque
1507 1716 1542 1742 P.
1573 1719 1602 1743 et
1634 1714 1785 1743 minores.

989 1778 1026 1783 —
1062 1763 1218 1791 Heinsius
1249 1759 1394 1790 coniecit
1426 1769 1478 1790 me
1498 1757 1641 1798 famulo
1662 1760 1787 1796 samn-

986 1807 1056 1838 lam
1087 1806 1239 1843 Heleno,
1278 1813 1309 1836 ut
1335 1808 1417 1836 illnd
1443 1815 1508 1847 que
1530 1808 1672 1841 tollere13
1715 1814 1787 1840 pro-

988 1858 1147 1890 batusque
1172 1859 1219 1883 est
1246 1862 1266 1883 a
1290 1854 1413 1883 multis.
1463 1854 1524 1881 Sed
1552 1853 1597 1881 ita
1623 1853 1652 1880 si
1678 1851 1788 1881 iuncta

988 1907 1062 1930 sunt
1097 1904 1211 1935 verba.v
1252 1909 1370 1929 versus
1400 1908 1463 1928 non
1492 1904 1615 1928 constat
1647 1898 1685 1927 cf.
1712 1900 1733 1931 ς
1756 1897 1786 1926 6.

991 1963 1029 1968 —
1060 1948 1100 1976 Ut
1139 1949 1289 1984 leguntur
1322 1948 1423 1975 verba
1454 1946 1487 1973 in
1512 1947 1593 1973 Mss.
1620 1950 1681 1980 opt.
1714 1947 1789 1972 sunt

989 1994 1172 2029 aptissima.
1223 1994 1353 2022 Scilicet
1376 1993 1529 2021 miseram
1556 1998 1650 2020 suam
1678 1990 1788 2019 condi-

989 2041 1107 2069 tionem
1132 2039 1282 2069 dcscribit
1307 2039 1461 2073 primum,
1493 2039 1575 2072 quod
1602 2045 1621 2065 a
1649 2033 1788 2065 domino

990 2084 1037 2113 ad
1060 2083 1237 2122 famulam
1262 2086 1376 2114 deinde
1402 2085 1484 2119 quod
1509 2084 1538 2112 ei
1562 2084 1626 2118 ipsi
1646 2080 1789 2120 famulo

984 2128 1129 2168 famula
1165 2132 1281 2159 tradita
1312 2135 1369 2159 est.
1419 2132 1531 2164 Itaque
1561 2130 1697 2159 victoris
1726 2128 1790 2157 ini-

989 2177 1110 2211 quitate
1146 2177 1235 2205 servi
1274 2184 1373 2205 serva
1407 2176 1495 2206 facta
1527 2180 1585 2204 est.
1642 2175 1703 2204 Rei
1739 2175 1789 2202 in-

989 2223 1144 2257 dignitate
1174 2226 1331 2252 commota
1355 2222 1430 2251 dicit
1461 2222 1559 2250 etiam
1594 2217 1790 2250 transmisit

990 2265 1187 2296 habendam
1214 2268 1234 2296 i.
1255 2276 1281 2296 e.
1306 2268 1424 2301 ..herili
1442 2269 1608 2296 voluntate
1634 2274 1697 2294 non
1719 2267 1790 2301 lege

991 2314 1151 2350 coniugii.
1190 2314 1275 2342 unde
1307 2318 1335 2341 et
1369 2309 1568 2341 habendam
1604 2310 1718 2340 dixits‘
1756 2313 1788 2340 S.

994 2357 1047 2389 Pl.
1074 2360 1156 2389 coni.
1187 2356 1243 2387 Me
1261 2356 1405 2397 famulo
1431 2355 1650 2396 subolemque
1671 2353 1738 2385 IL!

1038 2404 1114 2434 330.
1142 2407 1282 2445 ereptae
1313 2401 1494 2444 coniugis:
1530 2404 1630 2432 Recte
1660 2403 1791 2438 perfecti

991 2452 1198 2488 participium
1224 2451 1365 2486 positum
1391 2455 1458 2485 est;
1494 2450 1680 2478 iamdudum
1705 2449 1792 2478 enim

991 2499 1097 2527 Oresti
1124 2498 1296 2526 Hermione
1321 2501 1388 2525 erat
1414 2498 1591 2533 desponsa,
1617 2500 1791 2530 antequam

991 2546 1100 2580 nupsit
1134 2545 1338 2578 Neoptolemo
1372 2543 1409 2572 cf.
1436 2542 1474 2576 5,
1503 2540 1579 2569 113.
1619 2540 1791 2580 flamma-

992 2593 1048 2620 tus
1071 2588 1130 2619 ab.
1149 2590 1231 2625 quod
1254 2590 1288 2617 in
1310 2597 1374 2618 uno
1402 2596 1430 2627 γ.
1459 2592 1518 2626 est,
1534 2588 1591 2617 sed
1615 2591 1792 2617 correctum

990 2638 1022 2666 in
1050 2632 1314 2672 inflammatus!

1037 2680 1113 2711 331.
1144 2679 1319 2710 scelernm
1345 2677 1451 2715 fariis
1476 2677 1640 2720 agitatus
1664 2681 1684 2708 i.
1702 2688 1729 2708 e.
1753 2682 1792 2709 oh

994 2731 1137 2762 scelera:
1177 2730 1286 2757 scelus
1326 2731 1372 2755 est
1413 2727 1528 2755 caedes
1566 2727 1679 2756 matris
1712 2727 1793 2762 Cly-

994 2780 1228 2809 taemnestrae,
1254 2781 1350 2808 quam
1375 2776 1407 2801 ut
1437 2777 1559 2807 patrem
1583 2774 1793 2802 ulcisceretur

995 2823 1165 2851 occiderat.
1214 2822 1264 2848 Ita
1291 2816 1430 2859 agitari
1459 2826 1499 2847 ea
1530 2818 1563 2846 in
1591 2828 1626 2849 re
1648 2820 1792 2855 saepius,

996 2873 1029 2897 ut
1057 2876 1107 2903 ap.
1132 2867 1199 2896 Cic.
1225 2866 1363 2902 legimus
1386 2873 1432 2900 pr.
1459 2866 1531 2894 ΒΑ.
1559 2862 1613 2900 24,
1638 2864 1679 2893 66
1712 2865 1794 2902 „Vi-

999 2915 1122 2943 detisne
1147 2920 1226 2947 quos
1259 2911 1352 2940 nobis
1376 2915 1487 2945 poetae
1513 2911 1709 2940 tradiderunt
1735 2917 1793 2946 pa-

998 2961 1058 2989 tris
1080 2959 1255 2988 ulciscendi
1277 2964 1398 2987 caussa
1418 2958 1615 2992 supplicium
1637 2959 1674 2986 de
1692 2961 1794 2986 matre

999 3006 1196 3041 sumpsisse,
1236 3012 1333 3039 quum
1364 3005 1555 3039 praesertim
1579 3006 1709 3032 deorum
1733 3003 1794 3031 im-

999 3052 1184 3081 mortalium
1209 3051 1304 3079 iussu
1332 3054 1428 3084 atque
1451 3050 1594 3079 oraculis
1619 3050 1651 3078 id
1677 3049 1795 3078 fecisse

1000 3099 1162 3134 dicantur,
1204 3100 1310 3126 tamen
1346 3100 1381 3125 ut
1418 3104 1474 3125 eos
1511 3093 1651 3137 agitent
1689 3095 1795 3125 furiae
