2023 3350
401 646 403 648 ·
443 622 535 680 DE
578 620 1009 679 HEXAMETRO
1056 620 1358 676 VIRGILII.

204 871 411 911 Excursum
449 887 550 920 quem
581 875 779 909 addideram
811 875 853 908 de
884 874 1079 907 hexametro
1113 873 1251 915 Virgilii
1286 874 1392 907 simili
1424 875 1527 907 modo
1565 874 1708 907 reddere

93 943 163 965 non
195 943 233 966 cx
266 943 302 966 re
333 943 410 966 esse
441 933 630 965 videbatur.
679 933 767 964 Nam
795 933 872 975 ipse
905 931 946 964 de
971 930 1166 962 hexametro
1194 931 1227 963 in
1253 930 1342 964 libro
1371 932 1594 974 grammatico
1623 932 1707 974 quid

94 991 257 1023 sentirem
283 999 508 1032 exposueram
541 994 575 1021 et
606 988 700 1030 quod
730 989 765 1021 in
796 989 997 1022 universum
1028 998 1249 1028 monueram,
1281 988 1370 1021 valet
1403 989 1504 1021 etiam
1537 989 1578 1022 de
1608 999 1710 1022 vcrsu

94 1047 296 1090 Virgiliano.
335 1046 427 1086 Quid
449 1046 542 1088 quod
557 1045 741 1087 Virgilium
760 1046 905 1079 maxime
923 1046 1036 1079 habeo
1059 1045 1142 1078 artis
1167 1049 1352 1077 auctorem.
1393 1046 1520 1078 Tamen
1542 1046 1709 1088 quoniam

93 1104 129 1135 in
153 1104 266 1145 priore
292 1102 441 1135 editione
467 1103 508 1136 de
532 1102 670 1144 Virgilii
696 1112 797 1135 versu
824 1107 938 1135 actum
965 1108 1032 1142 est,
1068 1103 1127 1144 qui
1152 1101 1240 1134 hanc
1265 1102 1420 1144 acquiret
1442 1103 1554 1135 maius
1579 1102 1711 1145 aliquid

95 1166 128 1194 et
152 1161 326 1203 comptius
353 1158 580 1203 exspectabit,
609 1164 648 1191 ut
671 1159 774 1202 plane
799 1161 956 1193 omittere
981 1170 1051 1192 non
1075 1159 1219 1192 licuerit.

206 1218 257 1250 Ac
288 1217 437 1261 primum
471 1216 613 1258 quidem
646 1216 682 1248 in
710 1216 863 1249 medium
895 1217 1008 1249 incido
1040 1220 1230 1253 certamen,
1271 1216 1363 1258 quod
1392 1220 1503 1248 tacere
1536 1214 1617 1248 nolo
1647 1215 1712 1249 hoc

94 1274 186 1315 loco,
237 1284 345 1316 quum
385 1273 420 1305 in
463 1273 686 1315 grammatica
718 1279 955 1316 opportunum
990 1283 1061 1306 non
1094 1273 1249 1305 duxerim
1284 1273 1535 1305 controversias
1559 1273 1714 1305 virorum

92 1331 273 1364 doctorum
304 1330 507 1372 disceptare.
555 1329 610 1361 Ab
644 1334 720 1362 utra
752 1335 848 1372 parte
879 1336 1005 1363 starem
1032 1331 1068 1362 in
1101 1331 1217 1372 priore
1248 1330 1399 1362 editione
1426 1339 1459 1372 p.
1486 1330 1550 1362 625
1576 1339 1652 1372 sqq.
1679 1333 1713 1361 et

93 1387 130 1420 in
157 1387 380 1429 grammatica
405 1389 424 1427 ς’
451 1386 516 1419 522
542 1386 664 1424 docui,
699 1391 732 1418 et
762 1387 863 1419 etiam
896 1397 988 1420 nunc
1021 1387 1112 1419 idem
1140 1386 1270 1425 sentio,
1303 1391 1341 1418 ut
1373 1385 1519 1418 arbitrer
1546 1387 1711 1424 Ennium,

94 1445 155 1486 qui
182 1444 416 1477 hexametrum
443 1443 682 1485 Graecumque
713 1448 863 1476 metrum
893 1444 1049 1476 intulerit
1074 1444 1108 1475 in
1141 1443 1297 1485 linguam
1323 1443 1534 1481 Romanam,
1567 1443 1714 1476 maxime

94 1510 133 1534 ea
166 1500 343 1533 laborasse
376 1498 598 1537 difficultate,
652 1499 747 1541 quod
790 1500 909 1542 lingua
940 1502 1095 1532 Romana
1141 1508 1229 1542 quae
1267 1498 1308 1530 ad
1348 1498 1384 1530 id
1419 1499 1535 1540 ipsum
1575 1504 1714 1542 tempus

93 1567 194 1590 versu
214 1556 375 1589 Saturnio
398 1565 463 1588 usa
485 1555 606 1596 suerat,
646 1555 759 1598 longis
781 1556 982 1589 abundabat
1006 1555 1160 1600 syllabis,
1197 1555 1359 1588 brevibus
1385 1554 1530 1588 carebat.
1577 1556 1712 1588 Deinde

94 1614 212 1657 plures
237 1613 388 1656 syllabae
413 1616 524 1651 erant,
560 1622 689 1654 eaeque
712 1618 811 1656 aptae
837 1614 978 1653 rationi,
1013 1623 1080 1656 qua
1106 1612 1380 1655 componebatur
1404 1613 1608 1655 Saturnius,
1643 1624 1712 1646 non

93 1671 177 1703 satis
201 1670 339 1712 longae,
372 1673 412 1701 ut
440 1669 525 1701 duas
556 1679 671 1702 moras
703 1670 933 1712 complerent,
971 1674 1091 1703 essent
1121 1675 1235 1702 tamen
1259 1679 1328 1702 una
1360 1680 1456 1703 mora
1480 1671 1646 1711 maiores,
1680 1676 1714 1703 et

94 1731 165 1759 tam
191 1726 329 1768 breves,
357 1730 395 1758 ut
420 1735 462 1758 ne
486 1726 548 1758 uni
572 1726 714 1768 quidem
739 1737 857 1760 morae
879 1726 1094 1765 sufficerent,
1127 1731 1218 1759 certo
1243 1727 1455 1759 Graecorum
1480 1732 1590 1760 metro
1615 1733 1714 1770 aptae

94 1793 165 1816 non
189 1787 295 1815 erant.
343 1784 466 1824 Itaque
492 1792 600 1824 quum
631 1783 667 1815 in
699 1783 832 1827 dactylo
861 1783 979 1826 plures
1002 1783 1124 1816 breves
1151 1788 1282 1822 essent,
1316 1793 1373 1816 eae
1403 1788 1500 1816 erant
1532 1784 1714 1826 parandae,

94 1841 130 1872 in
170 1848 282 1882 eoque
318 1839 394 1881 ipsa
430 1839 568 1881 linguae
605 1845 725 1872 natura
762 1840 961 1879 iuvabatur‚
1002 1850 1090 1882 quae
1124 1845 1269 1873 accentu
1307 1841 1343 1872 in
1387 1841 1520 1883 priores
1562 1841 1714 1884 syllabas

96 1901 242 1930 retracto
267 1901 433 1930 extremas
461 1895 680 1939 corripiebat.
738 1897 788 1930 Cf.
815 1907 903 1940 quae
932 1897 1033 1930 allata
1068 1901 1153 1930 sunt
1174 1898 1231 1929 Gr.
1262 1898 1281 1938 ξ
1309 1898 1339 1930 9.
1379 1898 1398 1938 ξ
1428 1899 1463 1930 17
1495 1907 1571 1940 sqq.
1609 1899 1629 1940 ξ
1660 1899 1713 1931 23.

95 1954 116 1994 ξ
142 1954 196 1986 46.
232 1954 251 1994 ξ
277 1955 330 1985 54.
363 1955 382 1995 ἓ
406 1955 459 1987 56.

209 2009 265 2042 Ab
294 2010 393 2043 initio
428 2015 547 2054 poetae
575 2021 685 2043 unum
717 2010 806 2042 illud
831 2009 1049 2052 spectabant,
1087 2014 1127 2043 ut
1150 2020 1270 2043 versus
1296 2011 1572 2053 complerentur,
1609 2022 1717 2054 quare

95 2071 130 2099 et
157 2067 194 2099 in
229 2065 379 2109 pedibus
408 2077 529 2100 versus
565 2072 598 2100 et
631 2068 667 2100 in
701 2067 853 2100 caesuris
886 2071 919 2099 et
957 2067 1122 2100 clausulis
1154 2067 1263 2100 multa
1297 2067 1365 2100 sibi
1398 2068 1638 2107 indulserunt;
1679 2071 1714 2103 in

96 2123 306 2167 synaloephe
329 2134 391 2157 seu
416 2125 561 2157 elisione
587 2129 619 2158 et
634 2124 730 2156 hiatu
757 2123 876 2156 faciles
904 2128 1011 2156 erant.
1059 2124 1194 2156 Deinde
1218 2134 1340 2157 versus
1364 2127 1494 2158 sensim
1520 2136 1587 2159 usu
1610 2128 1715 2169 graci—

96 2181 201 2213 liores
223 2180 381 2213 fecerunt
403 2186 436 2214 et
460 2181 683 2214 iucundiores
712 2191 824 2223 usque
849 2181 891 2213 ad
908 2181 1110 2214 Lucretium
1134 2186 1166 2214 et
1187 2181 1369 2214 Catullum.
1418 2183 1556 2216 Primus
1581 2185 1716 2218 videtur

96 2237 307 2270 intellexisse
339 2237 423 2279 quid
453 2238 638 2271 interesset
669 2238 710 2270 ad
743 2247 869 2270 sonum
902 2238 992 2270 inter
1016 2239 1207 2270 Romanam
1232 2239 1386 2280 linguam
1420 2244 1452 2271 et
1480 2241 1645 2274 Graecam
1672 2243 1714 2282 is,

98 2295 159 2337 qui
183 2295 220 2326 in
252 2295 346 2326 omni
375 2298 447 2327 arte
474 2294 611 2327 dicendi
642 2294 845 2335 excellebat,
879 2294 1016 2332 Cicero;
1051 2294 1080 2327 is
1104 2295 1138 2326 in
1166 2295 1226 2336 iis,
1262 2305 1348 2337 quae
1372 2300 1504 2328 restant
1534 2298 1609 2330 eius
1634 2308 1715 2341 poe-

99 2356 190 2384 mata
213 2356 336 2393 quater
357 2351 497 2384 admisit
522 2351 693 2384 diaereses
716 2351 752 2384 iu
779 2351 890 2394 primo
916 2356 950 2383 et
971 2352 1008 2384 in
1033 2352 1184 2384 secundo
1212 2351 1298 2394 pede
1322 2352 1356 2384 in
1372 2353 1466 2385 Arat.
1482 2355 1534 2387 38.
1561 2356 1613 2386 57.
1638 2356 1714 2387 267.

98 2409 182 2447 481,
216 2409 368 2441 carmine
400 2408 542 2450 puerili;
574 2408 611 2441 in
641 2408 763 2441 eodem
793 2412 928 2442 exstant
951 2408 1127 2441 clausulae
1157 2408 1291 2450 aliquae
1320 2415 1438 2442 contra
1461 2409 1572 2453 legem
1596 2408 1717 2454 postea

100 2463 333 2505 observatam,
361 2465 448 2497 tales
475 2470 588 2498 autem
615 2466 650 2498 in
673 2465 908 2507 Prognosticis
934 2470 967 2499 et
997 2466 1033 2498 in
1059 2467 1110 2498 De
1137 2466 1319 2498 consulatu
1345 2476 1414 2499 non
1441 2472 1590 2507 exstant,
1623 2470 1717 2510 quod

100 2521 229 2554 factum
256 2526 308 2554 est
331 2521 484 2555 consilio.
508 2524 685 2565 Perspexit
709 2523 803 2555 enim
827 2527 985 2555 naturam
1012 2523 1162 2565 linguae,
1185 2527 1217 2555 et
1241 2523 1299 2565 qui
1323 2524 1359 2555 in
1384 2533 1486 2565 prosa
1511 2525 1663 2557 oratione
1675 2526 1716 2558 de

101 2582 223 2610 natura
248 2583 437 2611 metrorum
463 2583 532 2611 tam
560 2584 714 2612 accurate
737 2579 936 2621 disquisivit
958 2584 992 2612 et
1016 2580 1135 2621 quales
1158 2579 1249 2612 inter
1271 2589 1308 2612 se
1333 2579 1422 2613 bene
1448 2582 1611 2624 coniungi
1637 2592 1717 2625 pos-

101 2638 180 2667 sent
217 2635 412 2675 constituit,
451 2636 540 2668 isin
564 2646 665 2669 versu
698 2641 789 2669 certe
827 2646 898 2669 non
923 2636 1087 2679 neglexit,
1121 2637 1323 2679 primusque
1346 2637 1484 2669 videtur
1508 2638 1719 2672 intellexisse

102 2691 245 2723 Latinus
269 2690 462 2725 hexameter
485 2698 612 2735 quanta
635 2694 798 2735 gravitate
823 2698 913 2725 esset
943 2698 975 2726 et
1004 2697 1133 2735 quanta
1157 2692 1356 2734 dulcedine,
1389 2695 1419 2726 si
1444 2695 1545 2728 certis
1569 2695 1719 2737 legibus,

101 2748 216 2790 iisque
246 2757 334 2790 quae
364 2758 403 2781 ex
427 2749 539 2790 ipsius
569 2749 709 2792 linguae
740 2750 859 2782 indole
887 2759 958 2782 non
985 2759 1024 2782 ex
1052 2749 1181 2783 Graeca
1206 2750 1348 2783 haustae
1379 2756 1512 2792 essent,
1546 2752 1718 2784 constrin-

102 2809 251 2847 geretur.
299 2804 367 2837 Sed
395 2814 503 2847 pauca
533 2807 739 2848 composuit.
787 2806 925 2838 Primus
950 2806 1009 2848 qui
1036 2805 1100 2839 hac
1130 2807 1261 2839 ratione
1297 2790 1530 2840 hexametrum
1563 2809 1720 2841 tractavit

102 2862 139 2894 in
171 2860 333 2894 omnibus
365 2861 438 2894 suis
468 2861 680 2895 carminibus
709 2867 760 2895 est
791 2862 970 2904 Virgilius.
1026 2863 1060 2895 Is
1093 2863 1227 2906 primus
1261 2873 1335 2896 eam
1373 2864 1482 2906 legem
1517 2864 1717 2905 observavit,

105 2927 175 2961 qua
205 2918 318 2951 omnis
353 2917 474 2950 nititur
495 2919 608 2950 Latini
638 2918 825 2952 hexametri
858 2920 909 2952 vis
941 2923 974 2951 et
1001 2929 1073 2958 ars,
1108 2920 1209 2952 initio
1239 2930 1359 2954 versus
1388 2931 1482 2954 arses
1510 2926 1544 2954 et
1572 2921 1718 2955 vocabu-

103 2974 216 3008 lorum
239 2979 404 3008 accentus
429 2984 500 3006 non
526 2973 638 3007 solere
661 2977 880 3015 concordare,
905 2975 978 3009 fieri
1003 2976 1038 3009 id
1062 2976 1097 3008 in
1123 2982 1286 3016 extremo,
1314 2982 1403 3011 certe
1429 2988 1448 3010 a
1474 2979 1594 3021 quinto
1619 2979 1717 3022 pede,

104 3031 152 3065 ita
175 3036 215 3064 ut
237 3031 421 3066 verborum
446 3036 608 3065 accentus
630 3031 673 3065 ab
695 3032 793 3066 initio
818 3034 930 3066 versui
955 3035 1126 3076 renitens,
1160 3034 1297 3067 tandem
1324 3035 1490 3068 concinat.
1538 3035 1656 3079 Atque
1682 3038 1718 3069 in
