<?xml version="1.0" encoding="UTF-8"?>
<!DOCTYPE html PUBLIC "-//W3C//DTD XHTML 1.0 Transitional//EN"
    "http://www.w3.org/TR/xhtml1/DTD/xhtml1-transitional.dtd">
<html xmlns="http://www.w3.org/1999/xhtml" xml:lang="en" lang="en">
 <head>
  <title>
</title>
<meta http-equiv="Content-Type" content="text/html;charset=utf-8" />
  <meta name='ocr-system' content='tesseract 3.04.00' />
  <meta name='ocr-capabilities' content='ocr_page ocr_carea ocr_par ocr_line ocrx_word'/>
</head>
<body>
  <div class='ocr_page' id='page_1' title='image "aeneisvi00virguoft_0268.png"; bbox 0 0 2023 3350; ppageno 0'>
   <div class='ocr_carea' id='block_1_1' title="bbox 219 146 300 184">
    <p class='ocr_par' dir='ltr' id='par_1_1' title="bbox 219 146 300 184">
     <span class='ocr_line' id='line_1_1' title="bbox 219 146 300 184; baseline 0 0"><span class='ocrx_word' id='word_1_1' title='bbox 219 146 300 184; x_wconf 77' lang='lat'>242</span> 
     </span>
    </p>
   </div>
   <div class='ocr_carea' id='block_1_2' title="bbox 787 141 1048 174">
    <p class='ocr_par' dir='ltr' id='par_1_2' title="bbox 787 141 1048 174">
     <span class='ocr_line' id='line_1_2' title="bbox 787 141 1048 174; baseline 0 -1"><span class='ocrx_word' id='word_1_2' title='bbox 787 142 822 173; x_wconf 88' lang='grc' dir='ltr'>Ρ.</span> <span class='ocrx_word' id='word_1_3' title='bbox 852 141 1048 174; x_wconf 83' lang='lat' dir='ltr'>VIRGILII</span> 
     </span>
    </p>
   </div>
   <div class='ocr_carea' id='block_1_3' title="bbox 1084 141 1293 175">
    <p class='ocr_par' dir='ltr' id='par_1_3' title="bbox 1084 141 1293 175">
     <span class='ocr_line' id='line_1_3' title="bbox 1084 141 1293 175; baseline -0.005 -1"><span class='ocrx_word' id='word_1_4' title='bbox 1084 141 1293 175; x_wconf 76' lang='lat' dir='ltr'>MARONIS</span> 
     </span>
    </p>
   </div>
   <div class='ocr_carea' id='block_1_4' title="bbox 216 253 1652 478">
    <p class='ocr_par' dir='ltr' id='par_1_4' title="bbox 217 253 1535 307">
     <span class='ocr_line' id='line_1_4' title="bbox 217 253 1535 307; baseline -0.001 -10"><span class='ocrx_word' id='word_1_5' title='bbox 217 255 432 298; x_wconf 77' lang='lat' dir='ltr'>Sternitur</span> <span class='ocrx_word' id='word_1_6' title='bbox 469 253 764 305; x_wconf 73' lang='lat' dir='ltr'>exanimisque</span> <span class='ocrx_word' id='word_1_7' title='bbox 799 256 987 294; x_wconf 89' lang='lat' dir='ltr'>tremens</span> <span class='ocrx_word' id='word_1_8' title='bbox 1016 253 1264 307; x_wconf 86' lang='lat' dir='ltr'>procumbit</span> <span class='ocrx_word' id='word_1_9' title='bbox 1293 254 1411 296; x_wconf 88' lang='lat' dir='ltr'>humi</span> <span class='ocrx_word' id='word_1_10' title='bbox 1444 254 1535 296; x_wconf 89' lang='lat' dir='ltr'>bos.</span> 
     </span>
    </p>

    <p class='ocr_par' dir='ltr' id='par_1_5' title="bbox 216 309 1217 364">
     <span class='ocr_line' id='line_1_5' title="bbox 216 309 1217 364; baseline -0.001 -10"><span class='ocrx_word' id='word_1_11' title='bbox 216 313 295 354; x_wconf 86' lang='lat' dir='ltr'>Ille</span> <span class='ocrx_word' id='word_1_12' title='bbox 332 324 460 364; x_wconf 86' lang='lat' dir='ltr'>super</span> <span class='ocrx_word' id='word_1_13' title='bbox 494 310 603 350; x_wconf 83' lang='lat' dir='ltr'>tales</span> <span class='ocrx_word' id='word_1_14' title='bbox 644 309 824 351; x_wconf 87' lang='lat' dir='ltr'>effundit</span> <span class='ocrx_word' id='word_1_15' title='bbox 859 312 1035 364; x_wconf 91' lang='lat' dir='ltr'>pectore</span> <span class='ocrx_word' id='word_1_16' title='bbox 1072 324 1217 353; x_wconf 88' lang='lat' dir='ltr'>voces:</span> 
     </span>
    </p>

    <p class='ocr_par' dir='ltr' id='par_1_6' title="bbox 216 367 1652 478">
     <span class='ocr_line' id='line_1_6' title="bbox 216 367 1652 422; baseline 0.001 -13"><span class='ocrx_word' id='word_1_17' title='bbox 216 369 339 410; x_wconf 88' lang='lat' dir='ltr'>Hanc</span> <span class='ocrx_word' id='word_1_18' title='bbox 378 367 476 418; x_wconf 91' lang='lat' dir='ltr'>tibi,</span> <span class='ocrx_word' id='word_1_19' title='bbox 522 367 658 420; x_wconf 82' lang='lat' dir='ltr'>EryX,</span> <span class='ocrx_word' id='word_1_20' title='bbox 703 367 924 408; x_wconf 88' lang='lat' dir='ltr'>meliorem</span> <span class='ocrx_word' id='word_1_21' title='bbox 963 367 1150 409; x_wconf 86' lang='lat' dir='ltr'>animam</span> <span class='ocrx_word' id='word_1_22' title='bbox 1186 381 1264 422; x_wconf 86' lang='lat' dir='ltr'>pro</span> <span class='ocrx_word' id='word_1_23' title='bbox 1299 372 1440 410; x_wconf 89' lang='lat' dir='ltr'>morte</span> <span class='ocrx_word' id='word_1_24' title='bbox 1478 368 1652 410; x_wconf 84' lang='lat' dir='ltr'>Daretis</span> 
     </span>
     <span class='ocr_line' id='line_1_7' title="bbox 216 423 1399 478; baseline 0.001 -12"><span class='ocrx_word' id='word_1_25' title='bbox 216 425 440 475; x_wconf 77' lang='lat' dir='ltr'>Persolvo3</span> <span class='ocrx_word' id='word_1_26' title='bbox 483 423 553 464; x_wconf 92' lang='lat' dir='ltr'>hic</span> <span class='ocrx_word' id='word_1_27' title='bbox 584 423 722 465; x_wconf 89' lang='lat' dir='ltr'>victor</span> <span class='ocrx_word' id='word_1_28' title='bbox 757 427 928 465; x_wconf 86' lang='lat' dir='ltr'>caestus</span> <span class='ocrx_word' id='word_1_29' title='bbox 964 428 1187 478; x_wconf 78' lang='lat' dir='ltr'>artemque</span> <span class='ocrx_word' id='word_1_30' title='bbox 1225 438 1399 478; x_wconf 81' lang='lat' dir='ltr'>repono.</span> 
     </span>
    </p>
   </div>
   <div class='ocr_carea' id='block_1_5' title="bbox 330 481 1299 535">
    <p class='ocr_par' dir='ltr' id='par_1_7' title="bbox 330 481 1299 535">
     <span class='ocr_line' id='line_1_8' title="bbox 330 481 1299 535; baseline 0.001 -14"><span class='ocrx_word' id='word_1_31' title='bbox 330 481 531 522; x_wconf 82' lang='lat' dir='ltr'>Protinus</span> <span class='ocrx_word' id='word_1_32' title='bbox 565 481 731 522; x_wconf 84' lang='lat' dir='ltr'>Aeneas</span> <span class='ocrx_word' id='word_1_33' title='bbox 764 481 893 522; x_wconf 90' lang='lat' dir='ltr'>celeri</span> <span class='ocrx_word' id='word_1_34' title='bbox 930 485 1098 522; x_wconf 87' lang='lat' dir='ltr'>certare</span> <span class='ocrx_word' id='word_1_35' title='bbox 1138 482 1299 535; x_wconf 79' lang='lat' dir='ltr'>sagitta</span> 
     </span>
    </p>
   </div>
   <div class='ocr_carea' id='block_1_6' title="bbox 1780 484 1863 523">
    <p class='ocr_par' dir='ltr' id='par_1_8' title="bbox 1780 484 1863 523">
     <span class='ocr_line' id='line_1_9' title="bbox 1780 484 1863 523; baseline -0.012 0"><span class='ocrx_word' id='word_1_36' title='bbox 1780 484 1863 523; x_wconf 76' lang='lat'>485</span> 
     </span>
    </p>
   </div>
   <div class='ocr_carea' id='block_1_7' title="bbox 216 537 1319 649">
    <p class='ocr_par' dir='ltr' id='par_1_9' title="bbox 216 537 1319 649">
     <span class='ocr_line' id='line_1_10' title="bbox 216 537 1319 592; baseline -0.001 -12"><span class='ocrx_word' id='word_1_37' title='bbox 216 539 377 580; x_wconf 75' lang='lat' dir='ltr'>Invitat</span> <span class='ocrx_word' id='word_1_38' title='bbox 413 539 487 592; x_wconf 92' lang='lat' dir='ltr'>qui</span> <span class='ocrx_word' id='word_1_39' title='bbox 523 537 635 579; x_wconf 83' lang='lat' dir='ltr'>forte</span> <span class='ocrx_word' id='word_1_40' title='bbox 670 539 823 589; x_wconf 84' lang='lat' dir='ltr'>velint,</span> <span class='ocrx_word' id='word_1_41' title='bbox 871 542 914 580; x_wconf 89' lang='lat' dir='ltr'>et</span> <span class='ocrx_word' id='word_1_42' title='bbox 946 538 1141 592; x_wconf 85' lang='lat' dir='ltr'>praemia</span> <span class='ocrx_word' id='word_1_43' title='bbox 1178 539 1319 592; x_wconf 72' lang='lat' dir='ltr'>ponit,</span> 
     </span>
     <span class='ocr_line' id='line_1_11' title="bbox 217 595 1271 649; baseline 0 -13"><span class='ocrx_word' id='word_1_44' title='bbox 217 595 471 649; x_wconf 80' lang='lat' dir='ltr'>Ingentique</span> <span class='ocrx_word' id='word_1_45' title='bbox 506 609 636 636; x_wconf 86' lang='lat' dir='ltr'>manu</span> <span class='ocrx_word' id='word_1_46' title='bbox 671 597 833 637; x_wconf 87' lang='lat' dir='ltr'>malum</span> <span class='ocrx_word' id='word_1_47' title='bbox 872 595 924 637; x_wconf 89' lang='lat' dir='ltr'>de</span> <span class='ocrx_word' id='word_1_48' title='bbox 961 610 1067 637; x_wconf 80' lang='lat' dir='ltr'>nave</span> <span class='ocrx_word' id='word_1_49' title='bbox 1109 595 1271 637; x_wconf 80' lang='lat' dir='ltr'>Seresti</span> 
     </span>
    </p>
   </div>
   <div class='ocr_carea' id='block_1_8' title="bbox 216 652 1019 706">
    <p class='ocr_par' dir='ltr' id='par_1_10' title="bbox 216 652 1019 706">
     <span class='ocr_line' id='line_1_12' title="bbox 216 652 1019 706; baseline 0.001 -13"><span class='ocrx_word' id='word_1_50' title='bbox 216 653 378 706; x_wconf 77' lang='lat' dir='ltr'>Erigit,</span> <span class='ocrx_word' id='word_1_51' title='bbox 419 655 462 693; x_wconf 92' lang='lat' dir='ltr'>et</span> <span class='ocrx_word' id='word_1_52' title='bbox 497 652 714 694; x_wconf 83' lang='lat' dir='ltr'>volucrem</span> <span class='ocrx_word' id='word_1_53' title='bbox 752 653 935 695; x_wconf 87' lang='lat' dir='ltr'>traiecto</span> <span class='ocrx_word' id='word_1_54' title='bbox 974 654 1019 694; x_wconf 89' lang='lat' dir='ltr'>in</span> 
     </span>
    </p>
   </div>
   <div class='ocr_carea' id='block_1_9' title="bbox 1058 652 1451 703">
    <p class='ocr_par' dir='ltr' id='par_1_11' title="bbox 1058 652 1451 703">
     <span class='ocr_line' id='line_1_13' title="bbox 1058 652 1451 703; baseline -0.005 -9"><span class='ocrx_word' id='word_1_55' title='bbox 1058 652 1159 694; x_wconf 85' lang='lat' dir='ltr'>fune</span> <span class='ocrx_word' id='word_1_56' title='bbox 1197 652 1451 703; x_wconf 89' lang='lat' dir='ltr'>columbam,</span> 
     </span>
    </p>
   </div>
   <div class='ocr_carea' id='block_1_10' title="bbox 217 709 1407 764">
    <p class='ocr_par' dir='ltr' id='par_1_12' title="bbox 217 709 1407 764">
     <span class='ocr_line' id='line_1_14' title="bbox 217 709 1407 764; baseline 0.001 -14"><span class='ocrx_word' id='word_1_57' title='bbox 217 710 308 760; x_wconf 78' lang='lat' dir='ltr'>Quo</span> <span class='ocrx_word' id='word_1_58' title='bbox 348 709 531 751; x_wconf 82' lang='lat' dir='ltr'>tendant</span> <span class='ocrx_word' id='word_1_59' title='bbox 570 709 754 762; x_wconf 82' lang='lat' dir='ltr'>ferrum,</span> <span class='ocrx_word' id='word_1_60' title='bbox 801 711 915 752; x_wconf 85' lang='lat' dir='ltr'>malo</span> <span class='ocrx_word' id='word_1_61' title='bbox 955 710 1179 764; x_wconf 83' lang='lat' dir='ltr'>suspendit</span> <span class='ocrx_word' id='word_1_62' title='bbox 1216 709 1271 751; x_wconf 85' lang='lat' dir='ltr'>ab</span> <span class='ocrx_word' id='word_1_63' title='bbox 1307 710 1407 751; x_wconf 86' lang='lat' dir='ltr'>alto.</span> 
     </span>
    </p>
   </div>
   <div class='ocr_carea' id='block_1_11' title="bbox 220 767 1298 822">
    <p class='ocr_par' dir='ltr' id='par_1_13' title="bbox 220 767 1298 822">
     <span class='ocr_line' id='line_1_15' title="bbox 220 767 1298 822; baseline -0.003 -13"><span class='ocrx_word' id='word_1_64' title='bbox 220 767 464 809; x_wconf 83' lang='lat' dir='ltr'>Convenere</span> <span class='ocrx_word' id='word_1_65' title='bbox 503 767 600 819; x_wconf 85' lang='lat' dir='ltr'>viri,</span> <span class='ocrx_word' id='word_1_66' title='bbox 645 768 942 822; x_wconf 86' lang='lat' dir='ltr'>deiectamque</span> <span class='ocrx_word' id='word_1_67' title='bbox 976 781 1103 809; x_wconf 88' lang='lat' dir='ltr'>aerea</span> <span class='ocrx_word' id='word_1_68' title='bbox 1138 771 1298 809; x_wconf 87' lang='lat' dir='ltr'>sortem</span> 
     </span>
    </p>
   </div>
   <div class='ocr_carea' id='block_1_12' title="bbox 1779 768 1863 807">
    <p class='ocr_par' dir='ltr' id='par_1_14' title="bbox 1779 768 1863 807">
     <span class='ocr_line' id='line_1_16' title="bbox 1779 768 1863 807; baseline 0.012 -1"><span class='ocrx_word' id='word_1_69' title='bbox 1779 768 1863 807; x_wconf 80' lang='lat'>490</span> 
     </span>
    </p>
   </div>
   <div class='ocr_carea' id='block_1_13' title="bbox 217 824 1454 1049">
    <p class='ocr_par' dir='ltr' id='par_1_15' title="bbox 217 824 1454 1049">
     <span class='ocr_line' id='line_1_17' title="bbox 219 824 1312 879; baseline 0 -14"><span class='ocrx_word' id='word_1_70' title='bbox 219 825 396 878; x_wconf 86' lang='lat' dir='ltr'>Accepit</span> <span class='ocrx_word' id='word_1_71' title='bbox 432 824 578 878; x_wconf 73' lang='lat' dir='ltr'>galea3</span> <span class='ocrx_word' id='word_1_72' title='bbox 619 829 660 867; x_wconf 91' lang='lat' dir='ltr'>et</span> <span class='ocrx_word' id='word_1_73' title='bbox 699 825 863 879; x_wconf 87' lang='lat' dir='ltr'>primus</span> <span class='ocrx_word' id='word_1_74' title='bbox 897 825 1086 867; x_wconf 87' lang='lat' dir='ltr'>clamore</span> <span class='ocrx_word' id='word_1_75' title='bbox 1124 824 1312 866; x_wconf 89' lang='lat' dir='ltr'>secundo</span> 
     </span>
     <span class='ocr_line' id='line_1_18' title="bbox 217 880 1454 936; baseline -0.001 -14"><span class='ocrx_word' id='word_1_76' title='bbox 217 881 482 935; x_wconf 73' lang='lat' dir='ltr'>Hyrtacidae</span> <span class='ocrx_word' id='word_1_77' title='bbox 517 885 616 923; x_wconf 86' lang='lat' dir='ltr'>ante</span> <span class='ocrx_word' id='word_1_78' title='bbox 659 896 805 924; x_wconf 88' lang='lat' dir='ltr'>omnes</span> <span class='ocrx_word' id='word_1_79' title='bbox 846 883 934 924; x_wconf 83' lang='lat' dir='ltr'>exit</span> <span class='ocrx_word' id='word_1_80' title='bbox 966 883 1086 924; x_wconf 89' lang='lat' dir='ltr'>locus</span> <span class='ocrx_word' id='word_1_81' title='bbox 1118 880 1454 936; x_wconf 77' lang='lat' dir='ltr'>Hippocoontis3</span> 
     </span>
     <span class='ocr_line' id='line_1_19' title="bbox 217 939 1426 989; baseline -0.001 -10"><span class='ocrx_word' id='word_1_82' title='bbox 217 939 353 989; x_wconf 77' lang='lat' dir='ltr'>Quem</span> <span class='ocrx_word' id='word_1_83' title='bbox 387 939 514 980; x_wconf 87' lang='lat' dir='ltr'>modo</span> <span class='ocrx_word' id='word_1_84' title='bbox 547 940 690 981; x_wconf 83' lang='lat' dir='ltr'>navali</span> <span class='ocrx_word' id='word_1_85' title='bbox 730 940 976 981; x_wconf 87' lang='lat' dir='ltr'>Mnestheus</span> <span class='ocrx_word' id='word_1_86' title='bbox 1015 940 1249 981; x_wconf 84' lang='lat' dir='ltr'>certamine</span> <span class='ocrx_word' id='word_1_87' title='bbox 1285 939 1426 980; x_wconf 74' lang='lat' dir='ltr'>victor</span> 
     </span>
     <span class='ocr_line' id='line_1_20' title="bbox 218 996 1370 1049; baseline -0.002 -11"><span class='ocrx_word' id='word_1_88' title='bbox 218 996 528 1049; x_wconf 82' lang='lat' dir='ltr'>Consequitur,</span> <span class='ocrx_word' id='word_1_89' title='bbox 568 997 695 1038; x_wconf 88' lang='lat' dir='ltr'>viridi</span> <span class='ocrx_word' id='word_1_90' title='bbox 728 997 979 1039; x_wconf 87' lang='lat' dir='ltr'>Mnestheus</span> <span class='ocrx_word' id='word_1_91' title='bbox 1011 998 1201 1039; x_wconf 88' lang='lat' dir='ltr'>evinctus</span> <span class='ocrx_word' id='word_1_92' title='bbox 1239 996 1370 1047; x_wconf 69' lang='lat' dir='ltr'>oliva,</span> 
     </span>
    </p>
   </div>
   <div class='ocr_carea' id='block_1_14' title="bbox 218 1053 1370 1108">
    <p class='ocr_par' dir='ltr' id='par_1_16' title="bbox 218 1053 1370 1108">
     <span class='ocr_line' id='line_1_21' title="bbox 218 1053 1370 1108; baseline 0.001 -14"><span class='ocrx_word' id='word_1_93' title='bbox 218 1054 388 1095; x_wconf 87' lang='lat' dir='ltr'>Tertius</span> <span class='ocrx_word' id='word_1_94' title='bbox 425 1054 654 1108; x_wconf 82' lang='lat' dir='ltr'>Eurytion,</span> <span class='ocrx_word' id='word_1_95' title='bbox 696 1058 813 1107; x_wconf 90' lang='lat' dir='ltr'>tuus,</span> <span class='ocrx_word' id='word_1_96' title='bbox 855 1069 879 1097; x_wconf 96' lang='lat' dir='ltr'>o</span> <span class='ocrx_word' id='word_1_97' title='bbox 922 1055 1176 1106; x_wconf 78' lang='lat' dir='ltr'>clarissime,</span> <span class='ocrx_word' id='word_1_98' title='bbox 1222 1053 1370 1103; x_wconf 82' lang='lat' dir='ltr'>frater,</span> 
     </span>
    </p>
   </div>
   <div class='ocr_carea' id='block_1_15' title="bbox 1782 1053 1865 1092">
    <p class='ocr_par' dir='ltr' id='par_1_17' title="bbox 1782 1053 1865 1092">
     <span class='ocr_line' id='line_1_22' title="bbox 1782 1053 1865 1092; baseline -0.012 0"><span class='ocrx_word' id='word_1_99' title='bbox 1782 1053 1865 1092; x_wconf 79' lang='lat'>495</span> 
     </span>
    </p>
   </div>
   <div class='ocr_carea' id='block_1_16' title="bbox 218 1110 1511 1280">
    <p class='ocr_par' dir='ltr' id='par_1_18' title="bbox 218 1110 1511 1280">
     <span class='ocr_line' id='line_1_23' title="bbox 218 1110 1511 1166; baseline 0.001 -15"><span class='ocrx_word' id='word_1_100' title='bbox 218 1110 431 1162; x_wconf 84' lang='lat' dir='ltr'>Pandare,</span> <span class='ocrx_word' id='word_1_101' title='bbox 477 1112 550 1165; x_wconf 88' lang='lat' dir='ltr'>qui</span> <span class='ocrx_word' id='word_1_102' title='bbox 586 1112 828 1166; x_wconf 88' lang='lat' dir='ltr'>quondam,</span> <span class='ocrx_word' id='word_1_103' title='bbox 870 1113 1010 1154; x_wconf 87' lang='lat' dir='ltr'>iussus</span> <span class='ocrx_word' id='word_1_104' title='bbox 1049 1111 1311 1154; x_wconf 82' lang='lat' dir='ltr'>confundere</span> <span class='ocrx_word' id='word_1_105' title='bbox 1349 1110 1511 1162; x_wconf 74' lang='lat' dir='ltr'>foedus,</span> 
     </span>
     <span class='ocr_line' id='line_1_24' title="bbox 218 1168 1282 1223; baseline 0.002 -15"><span class='ocrx_word' id='word_1_106' title='bbox 218 1168 269 1208; x_wconf 91' lang='lat' dir='ltr'>In</span> <span class='ocrx_word' id='word_1_107' title='bbox 307 1168 470 1209; x_wconf 89' lang='lat' dir='ltr'>medios</span> <span class='ocrx_word' id='word_1_108' title='bbox 503 1169 637 1210; x_wconf 88' lang='lat' dir='ltr'>telum</span> <span class='ocrx_word' id='word_1_109' title='bbox 672 1170 841 1211; x_wconf 86' lang='lat' dir='ltr'>torsisti</span> <span class='ocrx_word' id='word_1_110' title='bbox 874 1170 1040 1223; x_wconf 87' lang='lat' dir='ltr'>primus</span> <span class='ocrx_word' id='word_1_111' title='bbox 1076 1169 1282 1221; x_wconf 69' lang='lat' dir='ltr'>Achivos,</span> 
     </span>
     <span class='ocr_line' id='line_1_25' title="bbox 218 1226 1270 1280; baseline 0.002 -14"><span class='ocrx_word' id='word_1_112' title='bbox 218 1226 447 1267; x_wconf 84' lang='lat' dir='ltr'>Extremus</span> <span class='ocrx_word' id='word_1_113' title='bbox 479 1226 689 1280; x_wconf 83' lang='lat' dir='ltr'>galeaque</span> <span class='ocrx_word' id='word_1_114' title='bbox 730 1227 817 1268; x_wconf 87' lang='lat' dir='ltr'>ima</span> <span class='ocrx_word' id='word_1_115' title='bbox 852 1227 1046 1269; x_wconf 89' lang='lat' dir='ltr'>subsedit</span> <span class='ocrx_word' id='word_1_116' title='bbox 1082 1228 1270 1278; x_wconf 89' lang='lat' dir='ltr'>Acestes,</span> 
     </span>
    </p>
   </div>
   <div class='ocr_carea' id='block_1_17' title="bbox 216 1363 1022 2037">
    <p class='ocr_par' dir='ltr' id='par_1_19' title="bbox 218 1363 1022 1450">
     <span class='ocr_line' id='line_1_26' title="bbox 263 1363 1022 1406; baseline 0 -11"><span class='ocrx_word' id='word_1_117' title='bbox 263 1363 340 1395; x_wconf 90' lang='grc'><strong>481.</strong></span> <span class='ocrx_word' id='word_1_118' title='bbox 367 1363 463 1395; x_wconf 81' lang='lat' dir='ltr'>humi</span> <span class='ocrx_word' id='word_1_119' title='bbox 487 1365 526 1394; x_wconf 81' lang='lat' dir='ltr'>cf.</span> <span class='ocrx_word' id='word_1_120' title='bbox 557 1363 584 1403; x_wconf 84' lang='grc'>1,</span> <span class='ocrx_word' id='word_1_121' title='bbox 616 1363 687 1394; x_wconf 86' lang='grc'><strong>193.</strong></span> <span class='ocrx_word' id='word_1_122' title='bbox 710 1381 753 1385; x_wconf 91' lang='grc'>-</span> <span class='ocrx_word' id='word_1_123' title='bbox 781 1363 1022 1406; x_wconf 72' lang='lat' dir='ltr'>exanimisque</span> 
     </span>
     <span class='ocr_line' id='line_1_27' title="bbox 218 1408 859 1450; baseline 0.002 -10"><span class='ocrx_word' id='word_1_124' title='bbox 218 1409 277 1440; x_wconf 89' lang='lat' dir='ltr'>bos</span> <span class='ocrx_word' id='word_1_125' title='bbox 303 1414 450 1441; x_wconf 85' lang='lat' dir='ltr'>tremens</span> <span class='ocrx_word' id='word_1_126' title='bbox 466 1408 662 1450; x_wconf 79' lang='lat' dir='ltr'>procumbit</span> <span class='ocrx_word' id='word_1_127' title='bbox 689 1411 728 1440; x_wconf 85' lang='lat' dir='ltr'>cf.</span> <span class='ocrx_word' id='word_1_128' title='bbox 751 1409 780 1449; x_wconf 83' lang='lat'>3,</span> <span class='ocrx_word' id='word_1_129' title='bbox 807 1409 859 1441; x_wconf 86' lang='lat'>70.</span> 
     </span>
    </p>

    <p class='ocr_par' dir='ltr' id='par_1_20' title="bbox 216 1453 1022 1630">
     <span class='ocr_line' id='line_1_28' title="bbox 267 1453 1020 1495; baseline 0.004 -11"><span class='ocrx_word' id='word_1_130' title='bbox 267 1455 342 1485; x_wconf 73' lang='lat'>482.</span> <span class='ocrx_word' id='word_1_131' title='bbox 371 1453 520 1495; x_wconf 82' lang='lat' dir='ltr'>effundit</span> <span class='ocrx_word' id='word_1_132' title='bbox 550 1465 664 1485; x_wconf 82' lang='lat' dir='ltr'>voces:</span> <span class='ocrx_word' id='word_1_133' title='bbox 707 1457 760 1486; x_wconf 85' lang='lat' dir='ltr'>Sic</span> <span class='ocrx_word' id='word_1_134' title='bbox 788 1455 865 1486; x_wconf 88' lang='lat'>723.</span> <span class='ocrx_word' id='word_1_135' title='bbox 905 1455 937 1495; x_wconf 80' lang='grc'>8,</span> <span class='ocrx_word' id='word_1_136' title='bbox 964 1455 1020 1487; x_wconf 74' lang='lat'>7⁰.</span> 
     </span>
     <span class='ocr_line' id='line_1_29' title="bbox 216 1499 1020 1540; baseline 0.002 -10"><span class='ocrx_word' id='word_1_137' title='bbox 216 1499 369 1539; x_wconf 81' lang='lat' dir='ltr'>fundere</span> <span class='ocrx_word' id='word_1_138' title='bbox 390 1499 547 1540; x_wconf 77' lang='lat' dir='ltr'>loquelas</span> <span class='ocrx_word' id='word_1_139' title='bbox 578 1501 608 1535; x_wconf 87' lang='lat'>5,</span> <span class='ocrx_word' id='word_1_140' title='bbox 635 1500 711 1530; x_wconf 72' lang='lat'>842.</span> <span class='ocrx_word' id='word_1_141' title='bbox 759 1500 854 1532; x_wconf 81' lang='lat' dir='ltr'>dicta</span> <span class='ocrx_word' id='word_1_142' title='bbox 887 1501 918 1540; x_wconf 95' lang='lat'>7,</span> <span class='ocrx_word' id='word_1_143' title='bbox 944 1502 1020 1532; x_wconf 76' lang='lat'>292.</span> 
     </span>
     <span class='ocr_line' id='line_1_30' title="bbox 219 1544 1022 1588; baseline 0.004 -13"><span class='ocrx_word' id='word_1_144' title='bbox 219 1546 251 1584; x_wconf 77' lang='lat'>8,</span> <span class='ocrx_word' id='word_1_145' title='bbox 275 1545 352 1576; x_wconf 82' lang='lat'>582.</span> <span class='ocrx_word' id='word_1_146' title='bbox 388 1554 506 1586; x_wconf 81' lang='lat' dir='ltr'>preces</span> <span class='ocrx_word' id='word_1_147' title='bbox 532 1544 561 1584; x_wconf 84' lang='grc'>6,</span> <span class='ocrx_word' id='word_1_148' title='bbox 586 1547 639 1576; x_wconf 90' lang='lat'>55.</span> <span class='ocrx_word' id='word_1_149' title='bbox 659 1545 769 1586; x_wconf 82' lang='lat' dir='ltr'>fletus</span> <span class='ocrx_word' id='word_1_150' title='bbox 790 1546 821 1585; x_wconf 79' lang='lat'>2,</span> <span class='ocrx_word' id='word_1_151' title='bbox 837 1546 913 1577; x_wconf 83' lang='lat'>271.</span> <span class='ocrx_word' id='word_1_152' title='bbox 942 1557 1022 1588; x_wconf 82' lang='lat' dir='ltr'>que-</span> 
     </span>
     <span class='ocr_line' id='line_1_31' title="bbox 220 1590 457 1630; baseline -0.008 -9"><span class='ocrx_word' id='word_1_153' title='bbox 220 1595 294 1622; x_wconf 82' lang='lat' dir='ltr'>stus</span> <span class='ocrx_word' id='word_1_154' title='bbox 322 1593 353 1630; x_wconf 82' lang='lat'>5,</span> <span class='ocrx_word' id='word_1_155' title='bbox 380 1590 457 1620; x_wconf 83' lang='grc'><strong>781).</strong></span> 
     </span>
    </p>

    <p class='ocr_par' dir='ltr' id='par_1_21' title="bbox 218 1633 1018 1894">
     <span class='ocr_line' id='line_1_32' title="bbox 265 1633 1016 1674; baseline 0.003 -8"><span class='ocrx_word' id='word_1_156' title='bbox 265 1636 341 1666; x_wconf 86' lang='grc'><strong>483.</strong></span> <span class='ocrx_word' id='word_1_157' title='bbox 367 1634 543 1666; x_wconf 76' lang='lat' dir='ltr'>meliorem</span> <span class='ocrx_word' id='word_1_158' title='bbox 592 1633 767 1667; x_wconf 81' lang='lat' dir='ltr'>animam.-</span> <span class='ocrx_word' id='word_1_159' title='bbox 823 1640 1016 1674; x_wconf 59' lang='lat' dir='ltr'>„aptiore-niz</span> 
     </span>
     <span class='ocr_line' id='line_1_33' title="bbox 220 1682 1017 1720; baseline 0.001 -8"><span class='ocrx_word' id='word_1_160' title='bbox 220 1692 295 1712; x_wconf 87' lang='lat' dir='ltr'>nam</span> <span class='ocrx_word' id='word_1_161' title='bbox 324 1683 500 1712; x_wconf 82' lang='lat' dir='ltr'>animalem</span> <span class='ocrx_word' id='word_1_162' title='bbox 525 1682 662 1709; x_wconf 82' lang='lat' dir='ltr'>hostiani</span> <span class='ocrx_word' id='word_1_163' title='bbox 688 1682 772 1711; x_wconf 60' lang='lat' dir='ltr'>datf·</span> <span class='ocrx_word' id='word_1_164' title='bbox 797 1686 827 1712; x_wconf 86' lang='lat' dir='ltr'>S.</span> <span class='ocrx_word' id='word_1_165' title='bbox 879 1686 1017 1720; x_wconf 80' lang='lat' dir='ltr'>Saepius</span> 
     </span>
     <span class='ocr_line' id='line_1_34' title="bbox 220 1727 1017 1759; baseline 0.003 -2"><span class='ocrx_word' id='word_1_166' title='bbox 220 1731 252 1758; x_wconf 89' lang='lat' dir='ltr'>in</span> <span class='ocrx_word' id='word_1_167' title='bbox 280 1730 369 1757; x_wconf 84' lang='lat' dir='ltr'>alius</span> <span class='ocrx_word' id='word_1_168' title='bbox 394 1730 501 1756; x_wconf 88' lang='lat' dir='ltr'>locum</span> <span class='ocrx_word' id='word_1_169' title='bbox 528 1727 703 1756; x_wconf 80' lang='lat' dir='ltr'>substituta</span> <span class='ocrx_word' id='word_1_170' title='bbox 731 1734 777 1757; x_wconf 85' lang='lat' dir='ltr'>est</span> <span class='ocrx_word' id='word_1_171' title='bbox 804 1730 872 1758; x_wconf 83' lang='lat' dir='ltr'>alia</span> <span class='ocrx_word' id='word_1_172' title='bbox 898 1732 1017 1759; x_wconf 83' lang='lat' dir='ltr'>hostia.</span> 
     </span>
     <span class='ocr_line' id='line_1_35' title="bbox 218 1772 1018 1811; baseline 0.001 -8"><span class='ocrx_word' id='word_1_173' title='bbox 218 1776 317 1809; x_wconf 88' lang='lat' dir='ltr'>quue</span> <span class='ocrx_word' id='word_1_174' title='bbox 341 1773 535 1807; x_wconf 77' lang='lat' dir='ltr'>saepissime</span> <span class='ocrx_word' id='word_1_175' title='bbox 560 1772 680 1801; x_wconf 86' lang='lat' dir='ltr'>factum</span> <span class='ocrx_word' id='word_1_176' title='bbox 705 1781 779 1803; x_wconf 84' lang='lat' dir='ltr'>esse</span> <span class='ocrx_word' id='word_1_177' title='bbox 803 1776 935 1811; x_wconf 84' lang='lat' dir='ltr'>dicitur,</span> <span class='ocrx_word' id='word_1_178' title='bbox 965 1777 1018 1805; x_wconf 83' lang='lat' dir='ltr'>ubi</span> 
     </span>
     <span class='ocr_line' id='line_1_36' title="bbox 220 1818 1018 1855; baseline 0.001 -6"><span class='ocrx_word' id='word_1_179' title='bbox 220 1829 275 1855; x_wconf 83' lang='lat' dir='ltr'>pro</span> <span class='ocrx_word' id='word_1_180' title='bbox 302 1820 430 1848; x_wconf 85' lang='lat' dir='ltr'>homine</span> <span class='ocrx_word' id='word_1_181' title='bbox 460 1818 596 1847; x_wconf 80' lang='lat' dir='ltr'>bestiam</span> <span class='ocrx_word' id='word_1_182' title='bbox 625 1819 792 1849; x_wconf 85' lang='lat' dir='ltr'>immolare</span> <span class='ocrx_word' id='word_1_183' title='bbox 826 1829 1018 1850; x_wconf 80' lang='lat' dir='ltr'>consuesce-</span> 
     </span>
     <span class='ocr_line' id='line_1_37' title="bbox 220 1861 665 1894; baseline -0.007 0"><span class='ocrx_word' id='word_1_184' title='bbox 220 1869 305 1894; x_wconf 79' lang='lat' dir='ltr'>bant.</span> <span class='ocrx_word' id='word_1_185' title='bbox 360 1862 409 1893; x_wconf 77' lang='lat' dir='ltr'>Pl.</span> <span class='ocrx_word' id='word_1_186' title='bbox 436 1865 490 1892; x_wconf 88' lang='lat' dir='ltr'>dat</span> <span class='ocrx_word' id='word_1_187' title='bbox 515 1861 665 1892; x_wconf 80' lang='lat' dir='ltr'>meliore.</span> 
     </span>
    </p>

    <p class='ocr_par' dir='ltr' id='par_1_22' title="bbox 219 1907 1020 2037">
     <span class='ocr_line' id='line_1_38' title="bbox 265 1907 1019 1949; baseline 0 -10"><span class='ocrx_word' id='word_1_188' title='bbox 265 1908 341 1939; x_wconf 83' lang='lat'>484.</span> <span class='ocrx_word' id='word_1_189' title='bbox 372 1907 513 1949; x_wconf 84' lang='lat' dir='ltr'>Repono</span> <span class='ocrx_word' id='word_1_190' title='bbox 540 1911 695 1947; x_wconf 77' lang='lat' dir='ltr'>caestus,</span> <span class='ocrx_word' id='word_1_191' title='bbox 721 1910 839 1944; x_wconf 80' lang='lat' dir='ltr'>quibus</span> <span class='ocrx_word' id='word_1_192' title='bbox 866 1910 931 1938; x_wconf 87' lang='lat' dir='ltr'>iam</span> <span class='ocrx_word' id='word_1_193' title='bbox 954 1919 1019 1939; x_wconf 90' lang='lat' dir='ltr'>non</span> 
     </span>
     <span class='ocr_line' id='line_1_39' title="bbox 219 1951 1020 1995; baseline 0 -10"><span class='ocrx_word' id='word_1_194' title='bbox 219 1960 308 1993; x_wconf 83' lang='lat' dir='ltr'>utar,</span> <span class='ocrx_word' id='word_1_195' title='bbox 346 1951 485 1994; x_wconf 79' lang='lat' dir='ltr'>artique</span> <span class='ocrx_word' id='word_1_196' title='bbox 510 1955 669 1983; x_wconf 87' lang='lat' dir='ltr'>renuntio.</span> <span class='ocrx_word' id='word_1_197' title='bbox 726 1963 854 1995; x_wconf 80' lang='lat' dir='ltr'>repono</span> <span class='ocrx_word' id='word_1_198' title='bbox 883 1958 1020 1985; x_wconf 77' lang='lat' dir='ltr'>caestus</span> 
     </span>
     <span class='ocr_line' id='line_1_40' title="bbox 219 1998 586 2037; baseline -0.008 -7"><span class='ocrx_word' id='word_1_199' title='bbox 219 2004 252 2032; x_wconf 86' lang='lat' dir='ltr'>et</span> <span class='ocrx_word' id='word_1_200' title='bbox 275 2003 386 2030; x_wconf 80' lang='lat' dir='ltr'>artem</span> <span class='ocrx_word' id='word_1_201' title='bbox 409 2000 448 2029; x_wconf 84' lang='lat' dir='ltr'>cf.</span> <span class='ocrx_word' id='word_1_202' title='bbox 478 1999 506 2037; x_wconf 91' lang='grc'>1,</span> <span class='ocrx_word' id='word_1_203' title='bbox 533 1998 586 2028; x_wconf 84' lang='lat'>78.</span> 
     </span>
    </p>
   </div>
   <div class='ocr_carea' id='block_1_18' title="bbox 220 2074 1017 2162">
    <p class='ocr_par' dir='ltr' id='par_1_23' title="bbox 220 2074 1017 2162">
     <span class='ocr_line' id='line_1_41' title="bbox 271 2074 961 2117; baseline 0.001 -10"><span class='ocrx_word' id='word_1_204' title='bbox 271 2075 491 2107; x_wconf 67' lang='lat'>455—544.</span> <span class='ocrx_word' id='word_1_205' title='bbox 541 2074 735 2117; x_wconf 82' lang='lat' dir='ltr'>Sagittandi</span> <span class='ocrx_word' id='word_1_206' title='bbox 774 2080 961 2108; x_wconf 77' lang='lat' dir='ltr'>certamen.</span> 
     </span>
     <span class='ocr_line' id='line_1_42' title="bbox 220 2120 1017 2162; baseline 0.003 -9"><span class='ocrx_word' id='word_1_207' title='bbox 220 2120 269 2153; x_wconf 84' lang='lat' dir='ltr'>Cf.</span> <span class='ocrx_word' id='word_1_208' title='bbox 302 2122 406 2152; x_wconf 88' lang='lat' dir='ltr'>Hom.</span> <span class='ocrx_word' id='word_1_209' title='bbox 435 2120 474 2152; x_wconf 92' lang='lat' dir='ltr'>Il.</span> <span class='ocrx_word' id='word_1_210' title='bbox 503 2120 557 2161; x_wconf 81' lang='lat'>23,</span> <span class='ocrx_word' id='word_1_211' title='bbox 585 2122 649 2152; x_wconf 65' lang='lat'>⁵250</span> <span class='ocrx_word' id='word_1_212' title='bbox 677 2130 729 2162; x_wconf 85' lang='lat' dir='ltr'>sq.</span> <span class='ocrx_word' id='word_1_213' title='bbox 775 2121 834 2153; x_wconf 88' lang='lat' dir='ltr'>Sil.</span> <span class='ocrx_word' id='word_1_214' title='bbox 865 2123 914 2160; x_wconf 78' lang='grc'>16,</span> <span class='ocrx_word' id='word_1_215' title='bbox 941 2123 1017 2155; x_wconf 81' lang='grc'><strong>556.</strong></span> 
     </span>
    </p>
   </div>
   <div class='ocr_carea' id='block_1_19' title="bbox 217 2177 1017 2895">
    <p class='ocr_par' dir='ltr' id='par_1_24' title="bbox 218 2177 1017 2356">
     <span class='ocr_line' id='line_1_43' title="bbox 264 2177 1017 2217; baseline 0.003 -9"><span class='ocrx_word' id='word_1_216' title='bbox 264 2178 341 2208; x_wconf 80' lang='grc'><strong>486.</strong></span> <span class='ocrx_word' id='word_1_217' title='bbox 372 2177 505 2209; x_wconf 78' lang='lat' dir='ltr'>Invitat</span> <span class='ocrx_word' id='word_1_218' title='bbox 542 2181 598 2214; x_wconf 83' lang='lat' dir='ltr'>qui</span> <span class='ocrx_word' id='word_1_219' title='bbox 634 2181 737 2209; x_wconf 80' lang='lat' dir='ltr'>velint</span> <span class='ocrx_word' id='word_1_220' title='bbox 773 2185 913 2217; x_wconf 76' lang='lat' dir='ltr'>certare;</span> <span class='ocrx_word' id='word_1_221' title='bbox 953 2190 1017 2210; x_wconf 90' lang='lat' dir='ltr'>non</span> 
     </span>
     <span class='ocr_line' id='line_1_44' title="bbox 218 2222 1015 2262; baseline 0.004 -9"><span class='ocrx_word' id='word_1_222' title='bbox 218 2234 299 2260; x_wconf 83' lang='lat' dir='ltr'>opus</span> <span class='ocrx_word' id='word_1_223' title='bbox 324 2230 369 2254; x_wconf 80' lang='lat' dir='ltr'>est</span> <span class='ocrx_word' id='word_1_224' title='bbox 397 2229 430 2254; x_wconf 80' lang='lat' dir='ltr'>ut</span> <span class='ocrx_word' id='word_1_225' title='bbox 452 2222 580 2254; x_wconf 83' lang='lat' dir='ltr'>invitat</span> <span class='ocrx_word' id='word_1_226' title='bbox 608 2226 725 2262; x_wconf 76' lang='lat' dir='ltr'>iungas</span> <span class='ocrx_word' id='word_1_227' title='bbox 749 2234 822 2255; x_wconf 88' lang='lat' dir='ltr'>cum</span> <span class='ocrx_word' id='word_1_228' title='bbox 846 2227 1015 2256; x_wconf 84' lang='lat' dir='ltr'>infinitivo.</span> 
     </span>
     <span class='ocr_line' id='line_1_45' title="bbox 220 2268 1016 2310; baseline 0.003 -11"><span class='ocrx_word' id='word_1_229' title='bbox 220 2287 258 2290; x_wconf 86' lang='lat'>—</span> <span class='ocrx_word' id='word_1_230' title='bbox 292 2268 395 2300; x_wconf 83' lang='lat' dir='ltr'>Ponit</span> <span class='ocrx_word' id='word_1_231' title='bbox 423 2271 558 2300; x_wconf 77' lang='lat' dir='ltr'>Mvac</span> <span class='ocrx_word' id='word_1_232' title='bbox 589 2269 671 2300; x_wconf 74' lang='lat' dir='ltr'>dicit</span> <span class='ocrx_word' id='word_1_233' title='bbox 698 2273 745 2310; x_wconf 75' lang='lat' dir='ltr'>Py</span> <span class='ocrx_word' id='word_1_234' title='bbox 771 2280 833 2301; x_wconf 86' lang='lat' dir='ltr'>rec.</span> <span class='ocrx_word' id='word_1_235' title='bbox 864 2270 927 2301; x_wconf 82' lang='lat' dir='ltr'>Rb.</span> <span class='ocrx_word' id='word_1_236' title='bbox 956 2270 1016 2301; x_wconf 81' lang='lat' dir='ltr'>Hs.</span> 
     </span>
     <span class='ocr_line' id='line_1_46' title="bbox 221 2314 834 2356; baseline 0.003 -12"><span class='ocrx_word' id='word_1_237' title='bbox 221 2332 259 2336; x_wconf 75' lang='lat'>-</span> <span class='ocrx_word' id='word_1_238' title='bbox 287 2314 347 2355; x_wconf 84' lang='lat' dir='ltr'>qui</span> <span class='ocrx_word' id='word_1_239' title='bbox 367 2315 464 2354; x_wconf 86' lang='lat' dir='ltr'>forte</span> <span class='ocrx_word' id='word_1_240' title='bbox 493 2331 530 2335; x_wconf 91' lang='lat'>—</span> <span class='ocrx_word' id='word_1_241' title='bbox 556 2314 656 2356; x_wconf 81' lang='lat' dir='ltr'>ponit</span> <span class='ocrx_word' id='word_1_242' title='bbox 678 2317 751 2346; x_wconf 87' lang='lat' dir='ltr'>eiic.</span> <span class='ocrx_word' id='word_1_243' title='bbox 781 2314 834 2346; x_wconf 86' lang='lat' dir='ltr'>Pl.</span> 
     </span>
    </p>

    <p class='ocr_par' dir='ltr' id='par_1_25' title="bbox 217 2358 1017 2895">
     <span class='ocr_line' id='line_1_47' title="bbox 263 2358 1017 2402; baseline 0.003 -13"><span class='ocrx_word' id='word_1_244' title='bbox 263 2359 340 2391; x_wconf 80' lang='lat'>487.</span> <span class='ocrx_word' id='word_1_245' title='bbox 371 2358 580 2402; x_wconf 80' lang='lat' dir='ltr'>ingentique</span> <span class='ocrx_word' id='word_1_246' title='bbox 629 2370 736 2390; x_wconf 83' lang='lat' dir='ltr'>manu</span> <span class='ocrx_word' id='word_1_247' title='bbox 786 2359 918 2391; x_wconf 84' lang='lat' dir='ltr'>malum</span> <span class='ocrx_word' id='word_1_248' title='bbox 976 2361 1017 2392; x_wconf 87' lang='lat' dir='ltr'>de</span> 
     </span>
     <span class='ocr_line' id='line_1_48' title="bbox 217 2405 1016 2443; baseline 0 -7"><span class='ocrx_word' id='word_1_249' title='bbox 217 2415 329 2436; x_wconf 83' lang='lat' dir='ltr'>nave:</span> <span class='ocrx_word' id='word_1_250' title='bbox 361 2414 503 2443; x_wconf 87' lang='lat' dir='ltr'>„magna</span> <span class='ocrx_word' id='word_1_251' title='bbox 526 2405 765 2436; x_wconf 76' lang='lat' dir='ltr'>inultittt(li11e.“</span> <span class='ocrx_word' id='word_1_252' title='bbox 790 2409 822 2436; x_wconf 87' lang='lat' dir='ltr'>S.</span> <span class='ocrx_word' id='word_1_253' title='bbox 872 2410 941 2436; x_wconf 79' lang='lat' dir='ltr'>Non</span> <span class='ocrx_word' id='word_1_254' title='bbox 965 2408 1016 2437; x_wconf 84' lang='lat' dir='ltr'>fa-</span> 
     </span>
     <span class='ocr_line' id='line_1_49' title="bbox 218 2452 1013 2491; baseline 0.001 -10"><span class='ocrx_word' id='word_1_255' title='bbox 218 2454 282 2482; x_wconf 89' lang='lat' dir='ltr'>cile</span> <span class='ocrx_word' id='word_1_256' title='bbox 310 2453 385 2487; x_wconf 82' lang='lat' dir='ltr'>quis</span> <span class='ocrx_word' id='word_1_257' title='bbox 414 2452 448 2480; x_wconf 90' lang='lat' dir='ltr'>in</span> <span class='ocrx_word' id='word_1_258' title='bbox 474 2455 558 2481; x_wconf 84' lang='lat' dir='ltr'>hanc</span> <span class='ocrx_word' id='word_1_259' title='bbox 580 2453 830 2487; x_wconf 83' lang='lat' dir='ltr'>explicationem</span> <span class='ocrx_word' id='word_1_260' title='bbox 856 2452 1013 2491; x_wconf 81' lang='lat' dir='ltr'>inciderit,</span> 
     </span>
     <span class='ocr_line' id='line_1_50' title="bbox 218 2498 1014 2534; baseline 0.003 -8"><span class='ocrx_word' id='word_1_261' title='bbox 218 2498 285 2527; x_wconf 89' lang='lat' dir='ltr'>nisi</span> <span class='ocrx_word' id='word_1_262' title='bbox 308 2499 363 2533; x_wconf 85' lang='lat' dir='ltr'>qui</span> <span class='ocrx_word' id='word_1_263' title='bbox 386 2498 527 2533; x_wconf 82' lang='lat' dir='ltr'>reperire</span> <span class='ocrx_word' id='word_1_264' title='bbox 551 2499 732 2533; x_wconf 76' lang='lat' dir='ltr'>nequiverit</span> <span class='ocrx_word' id='word_1_265' title='bbox 758 2498 869 2527; x_wconf 81' lang='lat' dir='ltr'>aliam.</span> <span class='ocrx_word' id='word_1_266' title='bbox 906 2501 1014 2534; x_wconf 77' lang='lat' dir='ltr'>Neque</span> 
     </span>
     <span class='ocr_line' id='line_1_51' title="bbox 219 2544 1013 2581; baseline 0.001 -9"><span class='ocrx_word' id='word_1_267' title='bbox 219 2546 299 2581; x_wconf 83' lang='lat' dir='ltr'>hoc,</span> <span class='ocrx_word' id='word_1_268' title='bbox 339 2544 422 2579; x_wconf 86' lang='lat' dir='ltr'>quod</span> <span class='ocrx_word' id='word_1_269' title='bbox 452 2544 550 2572; x_wconf 87' lang='lat' dir='ltr'>etiam</span> <span class='ocrx_word' id='word_1_270' title='bbox 582 2552 647 2572; x_wconf 91' lang='lat' dir='ltr'>non</span> <span class='ocrx_word' id='word_1_271' title='bbox 681 2544 793 2572; x_wconf 88' lang='lat' dir='ltr'>moniti</span> <span class='ocrx_word' id='word_1_272' title='bbox 826 2544 1013 2578; x_wconf 80' lang='lat' dir='ltr'>suspicare-</span> 
     </span>
     <span class='ocr_line' id='line_1_52' title="bbox 219 2589 1011 2626; baseline 0.003 -9"><span class='ocrx_word' id='word_1_273' title='bbox 219 2597 305 2626; x_wconf 90' lang='lat' dir='ltr'>mur,</span> <span class='ocrx_word' id='word_1_274' title='bbox 342 2591 460 2618; x_wconf 84' lang='lat' dir='ltr'>multos</span> <span class='ocrx_word' id='word_1_275' title='bbox 491 2589 637 2618; x_wconf 88' lang='lat' dir='ltr'>homines</span> <span class='ocrx_word' id='word_1_276' title='bbox 673 2589 706 2617; x_wconf 89' lang='lat' dir='ltr'>in</span> <span class='ocrx_word' id='word_1_277' title='bbox 742 2590 829 2618; x_wconf 90' lang='lat' dir='ltr'>malo</span> <span class='ocrx_word' id='word_1_278' title='bbox 862 2590 1011 2626; x_wconf 82' lang='lat' dir='ltr'>erigendo</span> 
     </span>
     <span class='ocr_line' id='line_1_53' title="bbox 219 2634 1012 2672; baseline 0.001 -9"><span class='ocrx_word' id='word_1_279' title='bbox 219 2638 391 2669; x_wconf 85' lang='lat' dir='ltr'>occupatos</span> <span class='ocrx_word' id='word_1_280' title='bbox 415 2634 537 2672; x_wconf 82' lang='lat' dir='ltr'>fuisse,</span> <span class='ocrx_word' id='word_1_281' title='bbox 561 2642 618 2664; x_wconf 86' lang='lat' dir='ltr'>cur</span> <span class='ocrx_word' id='word_1_282' title='bbox 638 2635 793 2663; x_wconf 74' lang='lat' dir='ltr'>addiderit</span> <span class='ocrx_word' id='word_1_283' title='bbox 820 2639 930 2672; x_wconf 81' lang='lat' dir='ltr'>poeta,</span> <span class='ocrx_word' id='word_1_284' title='bbox 957 2643 1012 2664; x_wconf 85' lang='lat' dir='ltr'>sa-</span> 
     </span>
     <span class='ocr_line' id='line_1_54' title="bbox 219 2680 1013 2716; baseline 0.004 -9"><span class='ocrx_word' id='word_1_285' title='bbox 219 2680 261 2707; x_wconf 82' lang='lat' dir='ltr'>tis</span> <span class='ocrx_word' id='word_1_286' title='bbox 288 2680 512 2716; x_wconf 77' lang='lat' dir='ltr'>intelligimus.</span> <span class='ocrx_word' id='word_1_287' title='bbox 542 2695 580 2699; x_wconf 89' lang='lat'><strong>—</strong></span> <span class='ocrx_word' id='word_1_288' title='bbox 615 2681 685 2708; x_wconf 87' lang='lat' dir='ltr'>Iam</span> <span class='ocrx_word' id='word_1_289' title='bbox 711 2688 788 2708; x_wconf 79' lang='lat' dir='ltr'>vero</span> <span class='ocrx_word' id='word_1_290' title='bbox 813 2688 926 2709; x_wconf 89' lang='lat' dir='ltr'>omnes</span> <span class='ocrx_word' id='word_1_291' title='bbox 948 2681 1013 2711; x_wconf 84' lang='lat' dir='ltr'>fere</span> 
     </span>
     <span class='ocr_line' id='line_1_55' title="bbox 219 2722 1011 2765; baseline 0.004 -13"><span class='ocrx_word' id='word_1_292' title='bbox 219 2724 408 2759; x_wconf 78' lang='lat' dir='ltr'>interpretes</span> <span class='ocrx_word' id='word_1_293' title='bbox 447 2725 481 2753; x_wconf 89' lang='lat' dir='ltr'>in</span> <span class='ocrx_word' id='word_1_294' title='bbox 523 2733 604 2754; x_wconf 77' lang='lat' dir='ltr'>voce</span> <span class='ocrx_word' id='word_1_295' title='bbox 643 2722 783 2765; x_wconf 78' lang='lat' dir='ltr'>ingenti</span> <span class='ocrx_word' id='word_1_296' title='bbox 828 2729 1011 2764; x_wconf 82' lang='lat' dir='ltr'>haeserunt,</span> 
     </span>
     <span class='ocr_line' id='line_1_56' title="bbox 218 2769 1012 2808; baseline 0.008 -12"><span class='ocrx_word' id='word_1_297' title='bbox 218 2770 340 2803; x_wconf 83' lang='lat' dir='ltr'>aliique</span> <span class='ocrx_word' id='word_1_298' title='bbox 364 2778 437 2800; x_wconf 75' lang='lat' dir='ltr'>cuni</span> <span class='ocrx_word' id='word_1_299' title='bbox 461 2778 552 2799; x_wconf 81' lang='lat' dir='ltr'>nave</span> <span class='ocrx_word' id='word_1_300' title='bbox 576 2771 719 2808; x_wconf 82' lang='lat' dir='ltr'>iungere,</span> <span class='ocrx_word' id='word_1_301' title='bbox 743 2771 801 2799; x_wconf 86' lang='lat' dir='ltr'>alii</span> <span class='ocrx_word' id='word_1_302' title='bbox 831 2776 860 2800; x_wconf 85' lang='lat' dir='ltr'>et</span> <span class='ocrx_word' id='word_1_303' title='bbox 883 2769 934 2801; x_wconf 77' lang='lat' dir='ltr'>Pe.</span> <span class='ocrx_word' id='word_1_304' title='bbox 960 2770 1012 2802; x_wconf 86' lang='lat' dir='ltr'>in-</span> 
     </span>
     <span class='ocr_line' id='line_1_57' title="bbox 219 2816 1012 2853; baseline 0.008 -12"><span class='ocrx_word' id='word_1_305' title='bbox 219 2816 358 2853; x_wconf 72' lang='lat' dir='ltr'>gentem</span> <span class='ocrx_word' id='word_1_306' title='bbox 402 2816 542 2844; x_wconf 85' lang='lat' dir='ltr'>scribere</span> <span class='ocrx_word' id='word_1_307' title='bbox 581 2820 612 2844; x_wconf 87' lang='lat' dir='ltr'>et</span> <span class='ocrx_word' id='word_1_308' title='bbox 649 2817 690 2845; x_wconf 84' lang='lat' dir='ltr'>ad</span> <span class='ocrx_word' id='word_1_309' title='bbox 730 2818 851 2845; x_wconf 81' lang='lat' dir='ltr'>malum</span> <span class='ocrx_word' id='word_1_310' title='bbox 895 2818 1012 2847; x_wconf 84' lang='lat' dir='ltr'>referre</span> 
     </span>
     <span class='ocr_line' id='line_1_58' title="bbox 220 2861 1008 2895; baseline 0.008 -9"><span class='ocrx_word' id='word_1_311' title='bbox 220 2861 411 2888; x_wconf 76' lang='lat' dir='ltr'>maluerunt.</span> <span class='ocrx_word' id='word_1_312' title='bbox 467 2863 576 2895; x_wconf 81' lang='lat' dir='ltr'>Neque</span> <span class='ocrx_word' id='word_1_313' title='bbox 609 2866 715 2890; x_wconf 88' lang='lat' dir='ltr'>tamen</span> <span class='ocrx_word' id='word_1_314' title='bbox 757 2862 809 2890; x_wconf 81' lang='lat' dir='ltr'>nis</span> <span class='ocrx_word' id='word_1_315' title='bbox 848 2864 1008 2893; x_wconf 83' lang='lat' dir='ltr'>machinis</span> 
     </span>
    </p>
   </div>
   <div class='ocr_carea' id='block_1_20' title="bbox 1055 1363 1868 2901">
    <p class='ocr_par' dir='ltr' id='par_1_26' title="bbox 1065 1363 1868 1993">
     <span class='ocr_line' id='line_1_59' title="bbox 1067 1363 1866 1403; baseline -0.005 -8"><span class='ocrx_word' id='word_1_316' title='bbox 1067 1371 1174 1395; x_wconf 86' lang='lat' dir='ltr'>tamus</span> <span class='ocrx_word' id='word_1_317' title='bbox 1198 1366 1330 1403; x_wconf 77' lang='lat' dir='ltr'>nostris,</span> <span class='ocrx_word' id='word_1_318' title='bbox 1354 1369 1463 1394; x_wconf 80' lang='lat' dir='ltr'>tamen</span> <span class='ocrx_word' id='word_1_319' title='bbox 1489 1364 1554 1393; x_wconf 89' lang='lat' dir='ltr'>iam</span> <span class='ocrx_word' id='word_1_320' title='bbox 1577 1370 1660 1398; x_wconf 79' lang='lat' dir='ltr'>quae</span> <span class='ocrx_word' id='word_1_321' title='bbox 1685 1363 1719 1392; x_wconf 89' lang='lat' dir='ltr'>in</span> <span class='ocrx_word' id='word_1_322' title='bbox 1743 1363 1866 1392; x_wconf 81' lang='lat' dir='ltr'>nostris</span> 
     </span>
     <span class='ocr_line' id='line_1_60' title="bbox 1068 1411 1866 1447; baseline -0.005 -6"><span class='ocrx_word' id='word_1_323' title='bbox 1068 1412 1178 1441; x_wconf 74' lang='lat' dir='ltr'>fluviis</span> <span class='ocrx_word' id='word_1_324' title='bbox 1210 1412 1324 1440; x_wconf 82' lang='lat' dir='ltr'>lintres</span> <span class='ocrx_word' id='word_1_325' title='bbox 1350 1411 1510 1447; x_wconf 84' lang='lat' dir='ltr'>feruntur,</span> <span class='ocrx_word' id='word_1_326' title='bbox 1545 1413 1653 1438; x_wconf 82' lang='lat' dir='ltr'>tantae</span> <span class='ocrx_word' id='word_1_327' title='bbox 1678 1411 1783 1438; x_wconf 83' lang='lat' dir='ltr'>malos</span> <span class='ocrx_word' id='word_1_328' title='bbox 1807 1412 1866 1438; x_wconf 80' lang='lat' dir='ltr'>lia-</span> 
     </span>
     <span class='ocr_line' id='line_1_61' title="bbox 1068 1455 1868 1494; baseline -0.004 -8"><span class='ocrx_word' id='word_1_329' title='bbox 1068 1461 1140 1486; x_wconf 87' lang='lat' dir='ltr'>bent</span> <span class='ocrx_word' id='word_1_330' title='bbox 1174 1457 1425 1494; x_wconf 70' lang='lat' dir='ltr'>magnitudinis,</span> <span class='ocrx_word' id='word_1_331' title='bbox 1461 1460 1495 1485; x_wconf 80' lang='lat' dir='ltr'>ut</span> <span class='ocrx_word' id='word_1_332' title='bbox 1519 1456 1550 1484; x_wconf 84' lang='lat' dir='ltr'>si</span> <span class='ocrx_word' id='word_1_333' title='bbox 1573 1455 1647 1490; x_wconf 74' lang='lat' dir='ltr'>quis</span> <span class='ocrx_word' id='word_1_334' title='bbox 1671 1463 1745 1484; x_wconf 87' lang='lat' dir='ltr'>eum</span> <span class='ocrx_word' id='word_1_335' title='bbox 1771 1462 1868 1490; x_wconf 85' lang='lat' dir='ltr'>posse</span> 
     </span>
     <span class='ocr_line' id='line_1_62' title="bbox 1069 1501 1867 1538; baseline -0.005 -6"><span class='ocrx_word' id='word_1_336' title='bbox 1069 1506 1107 1532; x_wconf 83' lang='lat' dir='ltr'>ab</span> <span class='ocrx_word' id='word_1_337' title='bbox 1133 1511 1197 1532; x_wconf 89' lang='lat' dir='ltr'>uno</span> <span class='ocrx_word' id='word_1_338' title='bbox 1223 1511 1321 1532; x_wconf 88' lang='lat' dir='ltr'>manu</span> <span class='ocrx_word' id='word_1_339' title='bbox 1346 1503 1427 1538; x_wconf 76' lang='lat' dir='ltr'>erigi</span> <span class='ocrx_word' id='word_1_340' title='bbox 1452 1502 1580 1537; x_wconf 87' lang='lat' dir='ltr'>diceret,</span> <span class='ocrx_word' id='word_1_341' title='bbox 1606 1502 1761 1530; x_wconf 85' lang='lat' dir='ltr'>insanum</span> <span class='ocrx_word' id='word_1_342' title='bbox 1783 1501 1867 1529; x_wconf 87' lang='lat' dir='ltr'>iudi-</span> 
     </span>
     <span class='ocr_line' id='line_1_63' title="bbox 1069 1546 1867 1582; baseline -0.004 -5"><span class='ocrx_word' id='word_1_343' title='bbox 1069 1557 1228 1578; x_wconf 83' lang='lat' dir='ltr'>caremus.</span> <span class='ocrx_word' id='word_1_344' title='bbox 1276 1549 1413 1577; x_wconf 79' lang='lat' dir='ltr'>Accedit</span> <span class='ocrx_word' id='word_1_345' title='bbox 1434 1548 1518 1582; x_wconf 87' lang='lat' dir='ltr'>quod</span> <span class='ocrx_word' id='word_1_346' title='bbox 1539 1548 1673 1576; x_wconf 85' lang='lat' dir='ltr'>Aeneas</span> <span class='ocrx_word' id='word_1_347' title='bbox 1699 1546 1759 1575; x_wconf 84' lang='lat' dir='ltr'>tali</span> <span class='ocrx_word' id='word_1_348' title='bbox 1785 1546 1867 1575; x_wconf 82' lang='lat' dir='ltr'>navi</span> 
     </span>
     <span class='ocr_line' id='line_1_64' title="bbox 1068 1593 1867 1629; baseline -0.004 -6"><span class='ocrx_word' id='word_1_349' title='bbox 1068 1599 1182 1623; x_wconf 67' lang='lat' dir='ltr'>vectus</span> <span class='ocrx_word' id='word_1_350' title='bbox 1213 1598 1276 1629; x_wconf 82' lang='lat' dir='ltr'>est,</span> <span class='ocrx_word' id='word_1_351' title='bbox 1310 1601 1393 1628; x_wconf 82' lang='lat' dir='ltr'>quae</span> <span class='ocrx_word' id='word_1_352' title='bbox 1421 1601 1482 1627; x_wconf 79' lang='lat' dir='ltr'>quo</span> <span class='ocrx_word' id='word_1_353' title='bbox 1519 1593 1622 1622; x_wconf 88' lang='lat' dir='ltr'>maior</span> <span class='ocrx_word' id='word_1_354' title='bbox 1652 1593 1787 1621; x_wconf 81' lang='lat' dir='ltr'>Aeneas</span> <span class='ocrx_word' id='word_1_355' title='bbox 1817 1596 1867 1620; x_wconf 83' lang='lat' dir='ltr'>est</span> 
     </span>
     <span class='ocr_line' id='line_1_65' title="bbox 1065 1638 1868 1674; baseline -0.002 -6"><span class='ocrx_word' id='word_1_356' title='bbox 1065 1640 1120 1674; x_wconf 79' lang='lat' dir='ltr'>qui</span> <span class='ocrx_word' id='word_1_357' title='bbox 1144 1640 1283 1671; x_wconf 78' lang='lat' dir='ltr'>vehitur.</span> <span class='ocrx_word' id='word_1_358' title='bbox 1310 1648 1346 1667; x_wconf 90' lang='lat' dir='ltr'>eo</span> <span class='ocrx_word' id='word_1_359' title='bbox 1373 1639 1476 1667; x_wconf 87' lang='lat' dir='ltr'>maior</span> <span class='ocrx_word' id='word_1_360' title='bbox 1498 1639 1557 1666; x_wconf 82' lang='lat' dir='ltr'>erit</span> <span class='ocrx_word' id='word_1_361' title='bbox 1579 1645 1643 1672; x_wconf 79' lang='lat' dir='ltr'>qua</span> <span class='ocrx_word' id='word_1_362' title='bbox 1667 1638 1807 1672; x_wconf 78' lang='lat' dir='ltr'>venitur,</span> <span class='ocrx_word' id='word_1_363' title='bbox 1832 1641 1868 1666; x_wconf 48' lang='lat' dir='ltr'>ut.</span> 
     </span>
     <span class='ocr_line' id='line_1_66' title="bbox 1066 1683 1864 1719; baseline -0.003 -6"><span class='ocrx_word' id='word_1_364' title='bbox 1066 1686 1165 1714; x_wconf 85' lang='lat' dir='ltr'>simul</span> <span class='ocrx_word' id='word_1_365' title='bbox 1198 1693 1269 1713; x_wconf 85' lang='lat' dir='ltr'>cum</span> <span class='ocrx_word' id='word_1_366' title='bbox 1293 1685 1406 1713; x_wconf 82' lang='lat' dir='ltr'>Aenea</span> <span class='ocrx_word' id='word_1_367' title='bbox 1431 1684 1530 1712; x_wconf 79' lang='lat' dir='ltr'>navis</span> <span class='ocrx_word' id='word_1_368' title='bbox 1555 1688 1712 1719; x_wconf 81' lang='lat' dir='ltr'>augeatur</span> <span class='ocrx_word' id='word_1_369' title='bbox 1738 1683 1864 1719; x_wconf 76' lang='lat' dir='ltr'>magni-</span> 
     </span>
     <span class='ocr_line' id='line_1_67' title="bbox 1067 1729 1865 1765; baseline -0.004 -6"><span class='ocrx_word' id='word_1_370' title='bbox 1067 1732 1149 1759; x_wconf 88' lang='lat' dir='ltr'>tudo.</span> <span class='ocrx_word' id='word_1_371' title='bbox 1186 1732 1308 1758; x_wconf 81' lang='lat' dir='ltr'>Heroes</span> <span class='ocrx_word' id='word_1_372' title='bbox 1331 1730 1468 1764; x_wconf 82' lang='lat' dir='ltr'>posteris</span> <span class='ocrx_word' id='word_1_373' title='bbox 1485 1730 1670 1757; x_wconf 83' lang='lat' dir='ltr'>hominibus</span> <span class='ocrx_word' id='word_1_374' title='bbox 1688 1733 1716 1757; x_wconf 92' lang='lat' dir='ltr'>et</span> <span class='ocrx_word' id='word_1_375' title='bbox 1737 1729 1865 1765; x_wconf 74' lang='lat' dir='ltr'>magni-</span> 
     </span>
     <span class='ocr_line' id='line_1_68' title="bbox 1066 1775 1865 1810; baseline -0.003 -6"><span class='ocrx_word' id='word_1_376' title='bbox 1066 1777 1176 1804; x_wconf 84' lang='lat' dir='ltr'>tudine</span> <span class='ocrx_word' id='word_1_377' title='bbox 1199 1780 1227 1804; x_wconf 88' lang='lat' dir='ltr'>et</span> <span class='ocrx_word' id='word_1_378' title='bbox 1256 1776 1383 1804; x_wconf 79' lang='lat' dir='ltr'>viribus</span> <span class='ocrx_word' id='word_1_379' title='bbox 1407 1775 1658 1810; x_wconf 77' lang='lat' dir='ltr'>antecelluisse,</span> <span class='ocrx_word' id='word_1_380' title='bbox 1684 1775 1865 1803; x_wconf 81' lang='lat' dir='ltr'>communis</span> 
     </span>
     <span class='ocr_line' id='line_1_69' title="bbox 1066 1818 1866 1857; baseline 0 -8"><span class='ocrx_word' id='word_1_381' title='bbox 1066 1821 1175 1856; x_wconf 68' lang='lat' dir='ltr'>opinio</span> <span class='ocrx_word' id='word_1_382' title='bbox 1210 1821 1270 1849; x_wconf 83' lang='lat' dir='ltr'>fuit</span> <span class='ocrx_word' id='word_1_383' title='bbox 1307 1821 1345 1849; x_wconf 86' lang='lat' dir='ltr'>cf.</span> <span class='ocrx_word' id='word_1_384' title='bbox 1386 1818 1438 1857; x_wconf 83' lang='lat'>12,</span> <span class='ocrx_word' id='word_1_385' title='bbox 1470 1818 1547 1848; x_wconf 81' lang='lat'>700.</span> <span class='ocrx_word' id='word_1_386' title='bbox 1597 1821 1699 1854; x_wconf 86' lang='lat' dir='ltr'>Quam</span> <span class='ocrx_word' id='word_1_387' title='bbox 1733 1824 1866 1849; x_wconf 85' lang='lat' dir='ltr'>secutus</span> 
     </span>
     <span class='ocr_line' id='line_1_70' title="bbox 1066 1866 1846 1901; baseline -0.003 -5"><span class='ocrx_word' id='word_1_388' title='bbox 1066 1867 1227 1901; x_wconf 67' lang='lat' dir='ltr'>Virgilius</span> <span class='ocrx_word' id='word_1_389' title='bbox 1251 1866 1387 1894; x_wconf 89' lang='lat' dir='ltr'>nimium</span> <span class='ocrx_word' id='word_1_390' title='bbox 1410 1873 1641 1900; x_wconf 83' lang='lat' dir='ltr'>nonnunquam</span> <span class='ocrx_word' id='word_1_391' title='bbox 1665 1873 1769 1894; x_wconf 83' lang='lat' dir='ltr'>ausus</span> <span class='ocrx_word' id='word_1_392' title='bbox 1788 1870 1846 1894; x_wconf 83' lang='lat' dir='ltr'>est.</span> 
     </span>
     <span class='ocr_line' id='line_1_71' title="bbox 1114 1909 1865 1949; baseline 0 -10"><span class='ocrx_word' id='word_1_393' title='bbox 1114 1910 1188 1940; x_wconf 63' lang='lat'>45:⁶9.</span> <span class='ocrx_word' id='word_1_394' title='bbox 1220 1909 1294 1949; x_wconf 78' lang='lat' dir='ltr'>Quo</span> <span class='ocrx_word' id='word_1_395' title='bbox 1321 1912 1377 1946; x_wconf 88' lang='lat' dir='ltr'>„in</span> <span class='ocrx_word' id='word_1_396' title='bbox 1403 1918 1509 1947; x_wconf 84' lang='lat' dir='ltr'>quam,</span> <span class='ocrx_word' id='word_1_397' title='bbox 1535 1919 1611 1940; x_wconf 87' lang='lat' dir='ltr'>nam</span> <span class='ocrx_word' id='word_1_398' title='bbox 1630 1911 1719 1945; x_wconf 77' lang='lat' dir='ltr'>ponit</span> <span class='ocrx_word' id='word_1_399' title='bbox 1747 1913 1865 1940; x_wconf 78' lang='lat' dir='ltr'>adver-</span> 
     </span>
     <span class='ocr_line' id='line_1_72' title="bbox 1070 1954 1795 1993; baseline -0.001 -7"><span class='ocrx_word' id='word_1_400' title='bbox 1070 1958 1124 1986; x_wconf 86' lang='lat' dir='ltr'>bia</span> <span class='ocrx_word' id='word_1_401' title='bbox 1145 1965 1200 1992; x_wconf 83' lang='lat' dir='ltr'>pro</span> <span class='ocrx_word' id='word_1_402' title='bbox 1227 1956 1503 1991; x_wconf 61' lang='lat' dir='ltr'>pr0no1ninibus:·“</span> <span class='ocrx_word' id='word_1_403' title='bbox 1528 1959 1559 1985; x_wconf 90' lang='lat' dir='ltr'>S.</span> <span class='ocrx_word' id='word_1_404' title='bbox 1609 1957 1656 1986; x_wconf 86' lang='lat' dir='ltr'>Cf.</span> <span class='ocrx_word' id='word_1_405' title='bbox 1684 1954 1715 1993; x_wconf 82' lang='grc'>8,</span> <span class='ocrx_word' id='word_1_406' title='bbox 1741 1954 1795 1985; x_wconf 90' lang='lat'>71.</span> 
     </span>
    </p>

    <p class='ocr_par' dir='ltr' id='par_1_27' title="bbox 1066 1999 1866 2131">
     <span class='ocr_line' id='line_1_73' title="bbox 1119 1999 1864 2039; baseline -0.001 -8"><span class='ocrx_word' id='word_1_407' title='bbox 1119 2002 1194 2031; x_wconf 76' lang='lat'>490.</span> <span class='ocrx_word' id='word_1_408' title='bbox 1223 2000 1370 2031; x_wconf 80' lang='lat' dir='ltr'>deiicere</span> <span class='ocrx_word' id='word_1_409' title='bbox 1402 2005 1528 2032; x_wconf 81' lang='lat' dir='ltr'>sortes:</span> <span class='ocrx_word' id='word_1_410' title='bbox 1563 2003 1658 2031; x_wconf 83' lang='lat' dir='ltr'>Caes.</span> <span class='ocrx_word' id='word_1_411' title='bbox 1685 2003 1748 2031; x_wconf 89' lang='lat' dir='ltr'>BC.</span> <span class='ocrx_word' id='word_1_412' title='bbox 1785 1999 1820 2039; x_wconf 92' lang='lat'>1,</span> <span class='ocrx_word' id='word_1_413' title='bbox 1845 2000 1864 2030; x_wconf 80' lang='lat'>6</span> 
     </span>
     <span class='ocr_line' id='line_1_74' title="bbox 1067 2045 1866 2083; baseline 0 -6"><span class='ocrx_word' id='word_1_414' title='bbox 1067 2057 1183 2077; x_wconf 83' lang='lat' dir='ltr'>eorum</span> <span class='ocrx_word' id='word_1_415' title='bbox 1212 2051 1319 2077; x_wconf 81' lang='lat' dir='ltr'>sortes</span> <span class='ocrx_word' id='word_1_416' title='bbox 1347 2045 1580 2083; x_wconf 78' lang='lat' dir='ltr'>deiiciuntnr,·</span> <span class='ocrx_word' id='word_1_417' title='bbox 1612 2048 1634 2077; x_wconf 89' lang='lat' dir='ltr'>i.</span> <span class='ocrx_word' id='word_1_418' title='bbox 1659 2057 1686 2077; x_wconf 90' lang='lat' dir='ltr'>e.</span> <span class='ocrx_word' id='word_1_419' title='bbox 1711 2048 1866 2078; x_wconf 83' lang='lat' dir='ltr'>iniiciun-</span> 
     </span>
     <span class='ocr_line' id='line_1_75' title="bbox 1066 2091 1606 2131; baseline -0.002 -9"><span class='ocrx_word' id='word_1_420' title='bbox 1066 2098 1117 2123; x_wconf 90' lang='lat' dir='ltr'>tur</span> <span class='ocrx_word' id='word_1_421' title='bbox 1140 2094 1174 2122; x_wconf 87' lang='lat' dir='ltr'>in</span> <span class='ocrx_word' id='word_1_422' title='bbox 1197 2101 1322 2122; x_wconf 85' lang='lat' dir='ltr'>urnam.</span> <span class='ocrx_word' id='word_1_423' title='bbox 1372 2094 1445 2122; x_wconf 84' lang='lat' dir='ltr'>Liv.</span> <span class='ocrx_word' id='word_1_424' title='bbox 1474 2091 1527 2131; x_wconf 82' lang='lat'>21,</span> <span class='ocrx_word' id='word_1_425' title='bbox 1553 2091 1606 2122; x_wconf 88' lang='lat'>42.</span> 
     </span>
    </p>

    <p class='ocr_par' dir='ltr' id='par_1_28' title="bbox 1063 2135 1866 2304">
     <span class='ocr_line' id='line_1_76' title="bbox 1114 2135 1866 2177; baseline 0 -9"><span class='ocrx_word' id='word_1_426' title='bbox 1114 2137 1189 2168; x_wconf 77' lang='lat'>492.</span> <span class='ocrx_word' id='word_1_427' title='bbox 1217 2137 1307 2169; x_wconf 69' lang='lat' dir='ltr'>erit.-</span> <span class='ocrx_word' id='word_1_428' title='bbox 1331 2140 1405 2167; x_wconf 72' lang='lat' dir='ltr'>Val.</span> <span class='ocrx_word' id='word_1_429' title='bbox 1431 2141 1520 2167; x_wconf 87' lang='lat' dir='ltr'>Max.</span> <span class='ocrx_word' id='word_1_430' title='bbox 1545 2137 1575 2174; x_wconf 81' lang='lat'>6,</span> <span class='ocrx_word' id='word_1_431' title='bbox 1599 2137 1630 2177; x_wconf 89' lang='lat'>3,</span> <span class='ocrx_word' id='word_1_432' title='bbox 1654 2136 1674 2167; x_wconf 87' lang='lat'>4</span> <span class='ocrx_word' id='word_1_433' title='bbox 1701 2135 1866 2169; x_wconf 83' lang='lat' dir='ltr'>coniectis</span> 
     </span>
     <span class='ocr_line' id='line_1_77' title="bbox 1063 2181 1864 2220; baseline 0.001 -7"><span class='ocrx_word' id='word_1_434' title='bbox 1063 2181 1098 2213; x_wconf 86' lang='lat' dir='ltr'>in</span> <span class='ocrx_word' id='word_1_435' title='bbox 1135 2186 1258 2214; x_wconf 81' lang='lat' dir='ltr'>sortem</span> <span class='ocrx_word' id='word_1_436' title='bbox 1297 2182 1454 2213; x_wconf 78' lang='lat' dir='ltr'>omnibus</span> <span class='ocrx_word' id='word_1_437' title='bbox 1492 2181 1667 2219; x_wconf 69' lang='lat' dir='ltr'>tribubus,</span> <span class='ocrx_word' id='word_1_438' title='bbox 1717 2181 1864 2220; x_wconf 84' lang='lat' dir='ltr'>Polliae,</span> 
     </span>
     <span class='ocr_line' id='line_1_78' title="bbox 1063 2226 1722 2269; baseline 0.003 -13"><span class='ocrx_word' id='word_1_439' title='bbox 1063 2238 1153 2269; x_wconf 75' lang='lat' dir='ltr'>quae</span> <span class='ocrx_word' id='word_1_440' title='bbox 1205 2227 1369 2269; x_wconf 67' lang='lat' dir='ltr'>proxima</span> <span class='ocrx_word' id='word_1_441' title='bbox 1424 2227 1568 2259; x_wconf 62' lang='lat' dir='ltr'>erierat.</span> <span class='ocrx_word' id='word_1_442' title='bbox 1646 2226 1722 2259; x_wconf 86' lang='lat' dir='ltr'>Das</span> 
     </span>
     <span class='ocr_line' id='line_1_79' title="bbox 1063 2272 1363 2304; baseline -0.007 0"><span class='ocrx_word' id='word_1_443' title='bbox 1063 2272 1190 2304; x_wconf 78' lang='lat' dir='ltr'>kommt</span> <span class='ocrx_word' id='word_1_444' title='bbox 1223 2273 1363 2303; x_wconf 64' lang='lat' dir='ltr'>herous.</span> 
     </span>
    </p>

    <p class='ocr_par' dir='ltr' id='par_1_29' title="bbox 1058 2318 1864 2536">
     <span class='ocr_line' id='line_1_80' title="bbox 1110 2318 1860 2356; baseline 0.004 -9"><span class='ocrx_word' id='word_1_445' title='bbox 1110 2318 1185 2348; x_wconf 84' lang='lat'>493.</span> <span class='ocrx_word' id='word_1_446' title='bbox 1212 2322 1417 2356; x_wconf 80' lang='lat' dir='ltr'>MnestlieuS,</span> <span class='ocrx_word' id='word_1_447' title='bbox 1459 2320 1565 2349; x_wconf 87' lang='lat' dir='ltr'>victor</span> <span class='ocrx_word' id='word_1_448' title='bbox 1602 2322 1718 2349; x_wconf 82' lang='lat' dir='ltr'>navali</span> <span class='ocrx_word' id='word_1_449' title='bbox 1757 2325 1860 2351; x_wconf 83' lang='lat' dir='ltr'>certa-</span> 
     </span>
     <span class='ocr_line' id='line_1_81' title="bbox 1062 2363 1861 2396; baseline 0.003 -2"><span class='ocrx_word' id='word_1_450' title='bbox 1062 2366 1148 2394; x_wconf 89' lang='lat' dir='ltr'>mine</span> <span class='ocrx_word' id='word_1_451' title='bbox 1181 2370 1314 2394; x_wconf 85' lang='lat' dir='ltr'>ornatus</span> <span class='ocrx_word' id='word_1_452' title='bbox 1341 2369 1389 2393; x_wconf 86' lang='lat' dir='ltr'>est</span> <span class='ocrx_word' id='word_1_453' title='bbox 1416 2365 1516 2394; x_wconf 84' lang='lat' dir='ltr'>oliva.</span> <span class='ocrx_word' id='word_1_454' title='bbox 1560 2381 1599 2385; x_wconf 90' lang='lat'>—</span> <span class='ocrx_word' id='word_1_455' title='bbox 1648 2363 1754 2395; x_wconf 84' lang='lat' dir='ltr'>Modo</span> <span class='ocrx_word' id='word_1_456' title='bbox 1785 2367 1806 2395; x_wconf 92' lang='lat' dir='ltr'>i.</span> <span class='ocrx_word' id='word_1_457' title='bbox 1833 2375 1861 2396; x_wconf 89' lang='lat' dir='ltr'>e.</span> 
     </span>
     <span class='ocr_line' id='line_1_82' title="bbox 1061 2408 1860 2450; baseline 0.004 -11"><span class='ocrx_word' id='word_1_458' title='bbox 1061 2410 1184 2445; x_wconf 65' lang='lat' dir='ltr'>nuper⁴⁴</span> <span class='ocrx_word' id='word_1_459' title='bbox 1210 2412 1241 2439; x_wconf 88' lang='lat' dir='ltr'>S.</span> <span class='ocrx_word' id='word_1_460' title='bbox 1292 2412 1366 2439; x_wconf 87' lang='lat' dir='ltr'>Hor.</span> <span class='ocrx_word' id='word_1_461' title='bbox 1393 2412 1494 2439; x_wconf 89' lang='lat' dir='ltr'>Serm.</span> <span class='ocrx_word' id='word_1_462' title='bbox 1524 2409 1552 2449; x_wconf 92' lang='grc'>1,</span> <span class='ocrx_word' id='word_1_463' title='bbox 1579 2408 1609 2449; x_wconf 87' lang='grc'>1,</span> <span class='ocrx_word' id='word_1_464' title='bbox 1631 2408 1673 2440; x_wconf 88' lang='grc'>16</span> <span class='ocrx_word' id='word_1_465' title='bbox 1702 2409 1785 2441; x_wconf 81' lang='lat' dir='ltr'>Eris</span> <span class='ocrx_word' id='word_1_466' title='bbox 1810 2414 1860 2450; x_wconf 83' lang='lat' dir='ltr'>tv,</span> 
     </span>
     <span class='ocr_line' id='line_1_83' title="bbox 1061 2453 1864 2495; baseline 0.005 -11"><span class='ocrx_word' id='word_1_467' title='bbox 1061 2453 1121 2495; x_wconf 76' lang='lat' dir='ltr'>qui</span> <span class='ocrx_word' id='word_1_468' title='bbox 1146 2453 1246 2485; x_wconf 85' lang='lat' dir='ltr'>modo</span> <span class='ocrx_word' id='word_1_469' title='bbox 1271 2454 1386 2492; x_wconf 87' lang='lat' dir='ltr'>miles,</span> <span class='ocrx_word' id='word_1_470' title='bbox 1413 2459 1603 2494; x_wconf 82' lang='lat' dir='ltr'>mercator,</span> <span class='ocrx_word' id='word_1_471' title='bbox 1621 2459 1660 2487; x_wconf 85' lang='lat' dir='ltr'>tu</span> <span class='ocrx_word' id='word_1_472' title='bbox 1683 2455 1864 2488; x_wconf 83' lang='lat' dir='ltr'>consultus</span> 
     </span>
     <span class='ocr_line' id='line_1_84' title="bbox 1058 2498 1364 2536; baseline 0.003 -7"><span class='ocrx_word' id='word_1_473' title='bbox 1058 2498 1176 2536; x_wconf 85' lang='lat' dir='ltr'>modo,</span> <span class='ocrx_word' id='word_1_474' title='bbox 1201 2498 1364 2530; x_wconf 81' lang='lat' dir='ltr'>rusticus.</span> 
     </span>
    </p>

    <p class='ocr_par' dir='ltr' id='par_1_30' title="bbox 1055 2544 1862 2901">
     <span class='ocr_line' id='line_1_85' title="bbox 1106 2544 1862 2585; baseline 0.004 -11"><span class='ocrx_word' id='word_1_475' title='bbox 1106 2544 1183 2575; x_wconf 81' lang='lat'>496.</span> <span class='ocrx_word' id='word_1_476' title='bbox 1210 2548 1398 2585; x_wconf 82' lang='lat' dir='ltr'>Pandarus,</span> <span class='ocrx_word' id='word_1_477' title='bbox 1424 2548 1592 2584; x_wconf 80' lang='lat' dir='ltr'>Lycaonis</span> <span class='ocrx_word' id='word_1_478' title='bbox 1618 2548 1721 2584; x_wconf 78' lang='lat' dir='ltr'>filiuS,</span> <span class='ocrx_word' id='word_1_479' title='bbox 1757 2549 1862 2585; x_wconf 83' lang='lat' dir='ltr'>sagit-</span> 
     </span>
     <span class='ocr_line' id='line_1_86' title="bbox 1060 2593 1860 2630; baseline 0.004 -11"><span class='ocrx_word' id='word_1_480' title='bbox 1060 2593 1148 2620; x_wconf 85' lang='lat' dir='ltr'>tandi</span> <span class='ocrx_word' id='word_1_481' title='bbox 1186 2596 1253 2621; x_wconf 84' lang='lat' dir='ltr'>arte</span> <span class='ocrx_word' id='word_1_482' title='bbox 1294 2594 1453 2630; x_wconf 84' lang='lat' dir='ltr'>insignis,</span> <span class='ocrx_word' id='word_1_483' title='bbox 1502 2593 1614 2623; x_wconf 87' lang='lat' dir='ltr'>foedus</span> <span class='ocrx_word' id='word_1_484' title='bbox 1656 2595 1739 2628; x_wconf 81' lang='lat' dir='ltr'>quod</span> <span class='ocrx_word' id='word_1_485' title='bbox 1777 2594 1860 2623; x_wconf 85' lang='lat' dir='ltr'>inter</span> 
     </span>
     <span class='ocr_line' id='line_1_87' title="bbox 1059 2639 1859 2676; baseline 0.004 -11"><span class='ocrx_word' id='word_1_486' title='bbox 1059 2639 1198 2666; x_wconf 88' lang='lat' dir='ltr'>Graecos</span> <span class='ocrx_word' id='word_1_487' title='bbox 1239 2642 1268 2666; x_wconf 91' lang='lat' dir='ltr'>et</span> <span class='ocrx_word' id='word_1_488' title='bbox 1313 2639 1472 2667; x_wconf 85' lang='lat' dir='ltr'>Troianos</span> <span class='ocrx_word' id='word_1_489' title='bbox 1514 2640 1789 2676; x_wconf 85' lang='lat' dir='ltr'>constituebatur,</span> <span class='ocrx_word' id='word_1_490' title='bbox 1838 2646 1859 2668; x_wconf 83' lang='lat' dir='ltr'>a</span> 
     </span>
     <span class='ocr_line' id='line_1_88' title="bbox 1058 2681 1858 2721; baseline 0.001 -10"><span class='ocrx_word' id='word_1_491' title='bbox 1058 2683 1210 2712; x_wconf 81' lang='lat' dir='ltr'>Minerva</span> <span class='ocrx_word' id='word_1_492' title='bbox 1242 2683 1411 2721; x_wconf 84' lang='lat' dir='ltr'>incitatus,</span> <span class='ocrx_word' id='word_1_493' title='bbox 1454 2681 1589 2720; x_wconf 85' lang='lat' dir='ltr'>iussus,</span> <span class='ocrx_word' id='word_1_494' title='bbox 1632 2686 1722 2714; x_wconf 88' lang='lat' dir='ltr'>Hom.</span> <span class='ocrx_word' id='word_1_495' title='bbox 1754 2685 1792 2713; x_wconf 93' lang='lat' dir='ltr'>Il.</span> <span class='ocrx_word' id='word_1_496' title='bbox 1827 2683 1858 2721; x_wconf 87' lang='lat'>4,</span> 
     </span>
     <span class='ocr_line' id='line_1_89' title="bbox 1061 2724 1857 2768; baseline 0.005 -13"><span class='ocrx_word' id='word_1_497' title='bbox 1061 2724 1142 2765; x_wconf 75' lang='lat'>1043</span> <span class='ocrx_word' id='word_1_498' title='bbox 1182 2737 1243 2764; x_wconf 87' lang='lat' dir='ltr'>quo</span> <span class='ocrx_word' id='word_1_499' title='bbox 1275 2732 1374 2758; x_wconf 78' lang='lat' dir='ltr'>verbo</span> <span class='ocrx_word' id='word_1_500' title='bbox 1407 2730 1539 2765; x_wconf 83' lang='lat' dir='ltr'>perfidia</span> <span class='ocrx_word' id='word_1_501' title='bbox 1574 2731 1644 2759; x_wconf 86' lang='lat' dir='ltr'>eius</span> <span class='ocrx_word' id='word_1_502' title='bbox 1671 2735 1857 2768; x_wconf 82' lang='lat' dir='ltr'>excusatur,</span> 
     </span>
     <span class='ocr_line' id='line_1_90' title="bbox 1058 2775 1855 2804; baseline 0.003 -2"><span class='ocrx_word' id='word_1_503' title='bbox 1058 2776 1120 2802; x_wconf 86' lang='lat' dir='ltr'>telo</span> <span class='ocrx_word' id='word_1_504' title='bbox 1145 2775 1179 2802; x_wconf 89' lang='lat' dir='ltr'>in</span> <span class='ocrx_word' id='word_1_505' title='bbox 1203 2776 1387 2803; x_wconf 80' lang='lat' dir='ltr'>Menelaum</span> <span class='ocrx_word' id='word_1_506' title='bbox 1412 2776 1512 2804; x_wconf 89' lang='lat' dir='ltr'>misso</span> <span class='ocrx_word' id='word_1_507' title='bbox 1545 2776 1681 2804; x_wconf 85' lang='lat' dir='ltr'>diremit.</span> <span class='ocrx_word' id='word_1_508' title='bbox 1714 2790 1760 2795; x_wconf 89' lang='lat'>—-</span> <span class='ocrx_word' id='word_1_509' title='bbox 1792 2777 1855 2804; x_wconf 90' lang='lat' dir='ltr'>Po-</span> 
     </span>
     <span class='ocr_line' id='line_1_91' title="bbox 1057 2820 1860 2858; baseline 0.004 -11"><span class='ocrx_word' id='word_1_510' title='bbox 1057 2823 1128 2848; x_wconf 89' lang='lat' dir='ltr'>stea</span> <span class='ocrx_word' id='word_1_511' title='bbox 1155 2820 1340 2849; x_wconf 86' lang='lat' dir='ltr'>Diomedem</span> <span class='ocrx_word' id='word_1_512' title='bbox 1366 2821 1571 2858; x_wconf 83' lang='lat' dir='ltr'>vulneravit,</span> <span class='ocrx_word' id='word_1_513' title='bbox 1609 2828 1630 2850; x_wconf 86' lang='lat' dir='ltr'>a</span> <span class='ocrx_word' id='word_1_514' title='bbox 1661 2829 1723 2855; x_wconf 83' lang='lat' dir='ltr'>quo</span> <span class='ocrx_word' id='word_1_515' title='bbox 1759 2821 1860 2850; x_wconf 88' lang='lat' dir='ltr'>inter-</span> 
     </span>
     <span class='ocr_line' id='line_1_92' title="bbox 1055 2863 1858 2901; baseline 0.002 -8"><span class='ocrx_word' id='word_1_516' title='bbox 1055 2865 1160 2894; x_wconf 85' lang='lat' dir='ltr'>fectns</span> <span class='ocrx_word' id='word_1_517' title='bbox 1191 2870 1249 2893; x_wconf 83' lang='lat' dir='ltr'>est.</span> <span class='ocrx_word' id='word_1_518' title='bbox 1299 2867 1336 2894; x_wconf 89' lang='lat' dir='ltr'>Il.</span> <span class='ocrx_word' id='word_1_519' title='bbox 1371 2866 1401 2901; x_wconf 88' lang='lat'>5,</span> <span class='ocrx_word' id='word_1_520' title='bbox 1427 2864 1502 2894; x_wconf 81' lang='lat'>296.</span> <span class='ocrx_word' id='word_1_521' title='bbox 1545 2880 1583 2885; x_wconf 83' lang='lat'><strong>—</strong></span> <span class='ocrx_word' id='word_1_522' title='bbox 1632 2863 1858 2901; x_wconf 81' lang='lat' dir='ltr'>Confundere</span> 
     </span>
    </p>
   </div>
   <div class='ocr_carea' id='block_1_21' title="bbox 1774 2227 1865 2260">
    <p class='ocr_par' dir='ltr' id='par_1_31' title="bbox 1774 2227 1865 2260">
     <span class='ocr_line' id='line_1_93' title="bbox 1774 2227 1865 2260; baseline 0 -1"><span class='ocrx_word' id='word_1_523' title='bbox 1774 2227 1865 2260; x_wconf 84' lang='lat' dir='ltr'>Loos</span> 
     </span>
    </p>
   </div>
   <div class='ocr_carea' id='block_1_22' title="bbox 219 2904 1857 2951">
    <p class='ocr_par' dir='ltr' id='par_1_32' title="bbox 219 2904 1857 2951">
     <span class='ocr_line' id='line_1_94' title="bbox 219 2904 1857 2951; baseline 0.005 -19"><span class='ocrx_word' id='word_1_524' title='bbox 219 2905 392 2938; x_wconf 81' lang='lat' dir='ltr'>quidquam</span> <span class='ocrx_word' id='word_1_525' title='bbox 426 2906 624 2942; x_wconf 73' lang='lat' dir='ltr'>proficimus3</span> <span class='ocrx_word' id='word_1_526' title='bbox 663 2907 771 2936; x_wconf 87' lang='lat' dir='ltr'>omnia</span> <span class='ocrx_word' id='word_1_527' title='bbox 807 2908 891 2937; x_wconf 89' lang='lat' dir='ltr'>enim</span> <span class='ocrx_word' id='word_1_528' title='bbox 928 2911 1008 2939; x_wconf 82' lang='lat' dir='ltr'>haec</span> <span class='ocrx_word' id='word_1_529' title='bbox 1047 2908 1180 2947; x_wconf 80' lang='lat' dir='ltr'>foedus</span> <span class='ocrx_word' id='word_1_530' title='bbox 1210 2915 1238 2938; x_wconf 87' lang='lat' dir='ltr'>et</span> <span class='ocrx_word' id='word_1_531' title='bbox 1269 2909 1320 2947; x_wconf 76' lang='lat'>12,</span> <span class='ocrx_word' id='word_1_532' title='bbox 1347 2909 1412 2939; x_wconf 83' lang='lat'>290</span> <span class='ocrx_word' id='word_1_533' title='bbox 1435 2911 1559 2940; x_wconf 87' lang='lat' dir='ltr'>dicitur.</span> <span class='ocrx_word' id='word_1_534' title='bbox 1605 2905 1766 2950; x_wconf 73' lang='grc' dir='ltr'><em>συγχέειν</em></span> <span class='ocrx_word' id='word_1_535' title='bbox 1790 2904 1857 2951; x_wconf 77' lang='grc' dir='ltr'>ὅρ-</span> 
     </span>
    </p>
   </div>
   <div class='ocr_carea' id='block_1_23' title="bbox 219 2951 1007 3080">
    <p class='ocr_par' dir='ltr' id='par_1_33' title="bbox 219 2951 1007 3080">
     <span class='ocr_line' id='line_1_95' title="bbox 219 2951 1007 2987; baseline 0.008 -10"><span class='ocrx_word' id='word_1_536' title='bbox 219 2951 327 2978; x_wconf 87' lang='lat' dir='ltr'>eodem</span> <span class='ocrx_word' id='word_1_537' title='bbox 352 2951 498 2987; x_wconf 87' lang='lat' dir='ltr'>redeunt,</span> <span class='ocrx_word' id='word_1_538' title='bbox 529 2953 656 2981; x_wconf 80' lang='lat' dir='ltr'>seilicet</span> <span class='ocrx_word' id='word_1_539' title='bbox 679 2953 721 2981; x_wconf 87' lang='lat' dir='ltr'>iis</span> <span class='ocrx_word' id='word_1_540' title='bbox 752 2952 857 2981; x_wconf 86' lang='lat' dir='ltr'>fuisse</span> <span class='ocrx_word' id='word_1_541' title='bbox 879 2954 1007 2983; x_wconf 71' lang='lat' dir='ltr'>virilius</span> 
     </span>
     <span class='ocr_line' id='line_1_96' title="bbox 219 2995 1005 3035; baseline 0.008 -13"><span class='ocrx_word' id='word_1_542' title='bbox 219 2995 381 3032; x_wconf 80' lang='lat' dir='ltr'>Aeneam,</span> <span class='ocrx_word' id='word_1_543' title='bbox 418 2999 452 3023; x_wconf 83' lang='lat' dir='ltr'>ut</span> <span class='ocrx_word' id='word_1_544' title='bbox 476 2998 597 3026; x_wconf 79' lang='lat' dir='ltr'>malum</span> <span class='ocrx_word' id='word_1_545' title='bbox 624 3006 708 3027; x_wconf 86' lang='lat' dir='ltr'>unus</span> <span class='ocrx_word' id='word_1_546' title='bbox 734 3002 843 3033; x_wconf 83' lang='lat' dir='ltr'>posset</span> <span class='ocrx_word' id='word_1_547' title='bbox 872 3000 1005 3035; x_wconf 77' lang='lat' dir='ltr'>erigere.</span> 
     </span>
     <span class='ocr_line' id='line_1_97' title="bbox 220 3041 1005 3080; baseline 0.01 -14"><span class='ocrx_word' id='word_1_548' title='bbox 220 3041 305 3072; x_wconf 76' lang='lat' dir='ltr'>Quod</span> <span class='ocrx_word' id='word_1_549' title='bbox 333 3041 362 3068; x_wconf 77' lang='lat' dir='ltr'>si</span> <span class='ocrx_word' id='word_1_550' title='bbox 385 3042 490 3068; x_wconf 82' lang='lat' dir='ltr'>malos</span> <span class='ocrx_word' id='word_1_551' title='bbox 512 3043 716 3077; x_wconf 77' lang='lat' dir='ltr'>antiquorum</span> <span class='ocrx_word' id='word_1_552' title='bbox 750 3045 916 3074; x_wconf 73' lang='lat' dir='ltr'>breviores</span> <span class='ocrx_word' id='word_1_553' title='bbox 945 3053 1005 3080; x_wconf 80' lang='lat' dir='ltr'>pu-</span> 
     </span>
    </p>
   </div>
   <div class='ocr_carea' id='block_1_24' title="bbox 1052 2953 1857 3081">
    <p class='ocr_par' dir='ltr' id='par_1_34' title="bbox 1052 2953 1857 3081">
     <span class='ocr_line' id='line_1_98' title="bbox 1052 2953 1337 2993; baseline 0.007 -11"><span class='ocrx_word' id='word_1_554' title='bbox 1052 2962 1112 2983; x_wconf 79' lang='grc' dir='ltr'>κια</span> <span class='ocrx_word' id='word_1_555' title='bbox 1137 2957 1174 2983; x_wconf 93' lang='lat' dir='ltr'>Il.</span> <span class='ocrx_word' id='word_1_556' title='bbox 1202 2953 1231 2993; x_wconf 91' lang='lat'>4,</span> <span class='ocrx_word' id='word_1_557' title='bbox 1262 2954 1337 2984; x_wconf 74' lang='lat'>269.</span> 
     </span>
     <span class='ocr_line' id='line_1_99' title="bbox 1099 2997 1857 3038; baseline 0.005 -11"><span class='ocrx_word' id='word_1_558' title='bbox 1099 2997 1174 3028; x_wconf 76' lang='lat'>498.</span> <span class='ocrx_word' id='word_1_559' title='bbox 1202 2998 1355 3030; x_wconf 84' lang='lat' dir='ltr'>subsedit</span> <span class='ocrx_word' id='word_1_560' title='bbox 1380 3002 1422 3029; x_wconf 87' lang='grc' dir='ltr'>Μ.</span> <span class='ocrx_word' id='word_1_561' title='bbox 1453 3015 1490 3019; x_wconf 91' lang='grc'>-</span> <span class='ocrx_word' id='word_1_562' title='bbox 1529 2997 1679 3030; x_wconf 81' lang='lat' dir='ltr'>subsidit</span> <span class='ocrx_word' id='word_1_563' title='bbox 1705 3004 1797 3038; x_wconf 80' lang='lat' dir='ltr'>vulg.</span> <span class='ocrx_word' id='word_1_564' title='bbox 1823 3003 1857 3031; x_wconf 87' lang='lat' dir='ltr'>in</span> 
     </span>
     <span class='ocr_line' id='line_1_100' title="bbox 1052 3043 1857 3081; baseline 0.005 -8"><span class='ocrx_word' id='word_1_565' title='bbox 1052 3047 1127 3073; x_wconf 84' lang='lat' dir='ltr'>Edd.</span> <span class='ocrx_word' id='word_1_566' title='bbox 1158 3062 1195 3065; x_wconf 97' lang='lat'><strong>—</strong></span> <span class='ocrx_word' id='word_1_567' title='bbox 1227 3043 1410 3081; x_wconf 80' lang='lat' dir='ltr'>Subsedit,</span> <span class='ocrx_word' id='word_1_568' title='bbox 1444 3053 1548 3080; x_wconf 81' lang='lat' dir='ltr'>neque</span> <span class='ocrx_word' id='word_1_569' title='bbox 1574 3047 1661 3075; x_wconf 75' lang='lat' dir='ltr'>enim</span> <span class='ocrx_word' id='word_1_570' title='bbox 1688 3048 1761 3077; x_wconf 84' lang='lat' dir='ltr'>eius</span> <span class='ocrx_word' id='word_1_571' title='bbox 1785 3056 1857 3077; x_wconf 82' lang='lat' dir='ltr'>sor-</span> 
     </span>
    </p>
   </div>
  </div>
 </body>
</html>
