2023 3350
702 136 939 172 AENEIDOS
970 139 1058 171 LIB.
1089 139 1152 171 111.

109 253 253 307 Teque
287 251 402 295 datis
434 250 582 305 linquo
618 251 771 304 ventis,
814 251 1011 304 palmosa
1051 251 1232 304 Selinus,

110 311 168 353 Et
202 310 314 353 vada
349 308 461 351 dura
494 309 590 363 lego
625 310 741 352 saxis
778 309 972 364 Lilybeia
1004 310 1153 352 caecis.

109 369 222 411 Hinc
256 367 448 422 Drepani
484 380 551 408 me
590 371 742 421 portus
783 370 826 409 et
862 367 1122 410 inlaetabilis
1159 380 1236 408 ora

109 426 291 481 Accipit.

350 424 450 476 Hic,
498 424 642 478 pelagi
674 428 742 467 tot
779 424 1108 480 tempestatibus
1141 428 1273 475 actus,

110 484 207 526 Heu
246 483 500 537 genitorem,
541 483 678 525 omnis
721 496 850 525 curae
887 497 1096 537 casusque
1131 483 1335 532 levamen,

111 542 276 584 Amitto
311 539 542 582 Anchisen:
585 540 655 582 hic
691 555 776 593 me,
814 544 939 595 pater
979 541 1158 595 optime,
1205 540 1365 581 fessum

1663 539 1744 578 710

113 599 308 650 Deseris,
347 598 448 649 heu,
492 598 626 640 tantis
665 598 956 653 nequidquam
993 602 1138 652 erepte
1176 596 1368 652 periclis!

114 658 204 699 Nee
241 659 360 698 vates
397 655 604 708 Helenus,
647 671 778 711 quum
807 656 945 699 multa
983 655 1200 698 horrenda
1238 656 1442 705 moneret,

112 715 204 757 Hos
242 714 348 756 mihi
380 713 597 768 praedixit
628 714 786 766 luctus,
830 728 916 756 non
947 714 1042 756 dira
1081 713 1275 757 Celaeno.

110 773 193 814 Hic
232 771 361 814 labor
398 774 632 824 extremus,
676 772 901 826 longarum
936 772 1043 814 haec
1074 775 1191 813 meta
1224 771 1400 812 viarum.

110 830 222 873 Hinc
258 844 326 872 me
361 829 601 884 digressum
639 831 792 872 vestris
824 830 928 872 deus
965 830 1134 884 adpulit
1176 828 1274 870 oris.

227 887 296 931 Sic
328 891 456 943 pater
494 888 659 930 Aeneas
695 888 871 930 intentis
906 887 1102 930 omnibus
1142 900 1250 928 unus

112 1050 147 1081 in
174 1054 235 1082 hoc
260 1051 420 1081 adiectivo
444 1052 562 1088 legitur
585 1051 682 1081 etiam
707 1049 737 1088 6,
766 1048 842 1080 307.
867 1066 905 1070 —

118 1095 311 1128 Gen‹·ra10r
332 1102 457 1133 praeter
478 1100 563 1127 hunc
585 1099 690 1127 locum
708 1098 834 1132 proprie
861 1097 909 1125 di-

113 1144 195 1174 citur
218 1145 257 1179 is,
281 1144 337 1179 qui
361 1143 537 1180 generavit.
587 1145 648 1172 Sed
665 1151 762 1178 quum
785 1143 909 1171 dicatur

113 1190 145 1226 5,
171 1187 208 1218 ⁶³1
244 1187 348 1218 'l'roia
373 1192 564 1229 generatus
594 1188 749 1217 Acestes.
788 1195 909 1218 caussa

112 1244 178 1265 non
205 1240 270 1271 est,
308 1238 342 1264 ut
365 1239 502 1263 montem
527 1242 696 1269 equorum,
730 1234 785 1268 qui
811 1235 843 1262 in
869 1241 904 1262 eo

111 1285 290 1311 nascuntur
314 1284 343 1309 et
374 1282 521 1315 aluntur,
561 1285 780 1316 generatorem
812 1287 908 1314 posse

113 1328 176 1357 dici
200 1334 360 1363 negemus.
391 1341 428 1345 —
466 1327 668 1361 „Notandum
693 1333 774 1354 sane
796 1326 906 1359 Virgi-

115 1374 198 1402 lium
218 1375 314 1408 haec,
340 1376 494 1407 quantum
516 1372 556 1400 ad
582 1379 643 1400 sua
666 1376 806 1406 tempora
833 1379 907 1406 spe-

113 1423 197 1454 ctat,
239 1419 359 1453 dicere3
404 1426 484 1449 non,
521 1423 675 1452 quantum
711 1419 752 1446 ad
789 1417 906 1451 operis.

114 1465 230 1494 Aenea
261 1464 349 1493 enim
382 1463 557 1500 navigante
581 1471 639 1493 nec
663 1463 766 1492 fuerat
794 1464 907 1491 Came·-

114 1511 187 1540 rina
226 1511 365 1541 siccata.
405 1518 462 1539 nec
494 1511 572 1538 Gela
608 1518 665 1538 nec
691 1510 908 1546 Agrigentum

113 1557 278 1590 conditae;
308 1557 390 1590 quod
414 1556 593 1590 frequenter
616 1555 710 1591 faci13
743 1556 797 1584 sed
823 1564 908 1584 nunc

114 1603 184 1632 ideo
210 1602 365 1631 vitiosum
388 1606 450 1638 est,
488 1602 563 1636 quia
588 1610 629 1630 ex
664 1609 800 1636 persona
830 1608 907 1629 nar-

112 1654 227 1680 rantur
250 1648 415 1677 Aeneae.·‘
449 1649 479 1675 S.
529 1648 616 1676 Haec
643 1652 726 1677 recte
752 1651 825 1676 sunt
852 1649 907 1675 ob-

114 1698 263 1731 servata3
289 1695 344 1722 sed
370 1693 544 1730 Virgilium
573 1695 669 1728 plane
699 1694 773 1728 quid
797 1698 907 1727 aptum

114 1745 198 1769 esset
231 1741 318 1775 loco,
363 1739 439 1774 quid
475 1744 581 1774 posset
619 1740 721 1775 credi,
761 1739 908 1767 nescisse

113 1786 278 1822 probabile
308 1794 371 1814 non
401 1790 463 1821 est,
503 1793 606 1820 neque
628 1794 700 1814 eum
725 1785 779 1820 qui
805 1787 906 1820 Syra-

114 1840 213 1861 cusas
235 1834 348 1860 urbem
369 1840 433 1860 non
458 1831 555 1866 dixit,
591 1832 646 1859 sed
680 1832 791 1860 insula
812 1833 907 1866 Orty-

114 1878 169 1914 gia
194 1882 224 1907 et
248 1877 332 1906 fonte
355 1878 520 1906 Arethusa
544 1877 701 1906 indicavit
724 1878 829 1906 locunt
847 1884 906 1911 po-

117 1928 188 1952 stea
221 1924 395 1958 celebrem,
436 1922 501 1951 iam
533 1930 657 1951 omnem
682 1924 807 1957 pulchri
833 1930 908 1950 sen-

116 1978 190 1998 sum
228 1969 362 1997 exuisse
402 1972 434 1997 ut
474 1972 581 2002 putes,
632 1969 690 1997 vix
727 1968 905 1997 adduceris.

116 2017 221 2050 Quare
252 2015 322 2043 dele
351 2022 383 2043 v.
416 2011 499 2051 7023
541 2015 611 2042 dele
640 2014 906 2053 magnanimum

117 2077 160 2081 —-
187 2067 362 2099 equorum.
395 2060 509 2093 Campi
529 2059 619 2087 Geloi
642 2060 792 2096 Acragas
816 2067 908 2088 mons

118 2112 148 2136 et
188 2106 363 2136 Camarina
407 2107 502 2140 palus
544 2109 634 2133 erant
676 2105 740 2133 iam
776 2106 909 2133 Aeneae

117 2157 274 2188 tempore,
312 2156 341 2180 et
377 2151 458 2179 illud
496 2153 661 2180 oraculum
694 2151 827 2185 pertinet
869 2151 909 2178 ad

116 2200 285 2234 paludem3
321 2205 419 2232 quare
449 2205 547 2232 quum
574 2197 676 2225 Silius
704 2204 836 2225 versum
862 2197 910 2224 le-

118 2245 207 2281 gisse
223 2244 383 2277 videatur,
403 2243 614 2278 relinquimus
630 2243 792 2271 intactum.
820 2243 912 2270 Adde

119 2291 217 2326 quod,
257 2298 317 2325 quo
346 2294 485 2324 tempore
510 2290 590 2317 illud
613 2290 777 2317 oraculum
803 2289 911 2316 datum

119 2340 220 2371 esset,
260 2336 482 2371 ignorabatur,
523 2340 556 2363 ut
582 2336 655 2370 Vgl.
685 2335 715 2362 id
749 2335 845 2363 etiam
871 2334 911 2362 ad

120 2382 254 2411 Aeneae
275 2385 415 2415 tempora
439 2381 573 2416 potuerit
598 2380 725 2409 referre.
782 2377 843 2407 m.
872 2380 911 2407 il—

119 2428 176 2457 lud
204 2435 248 2458 m.
276 2434 307 2464 q.
333 2434 358 2465 g*
392 2435 418 2454 e.
452 2426 615 2462 prolepsin
646 2426 833 2455 historicam
864 2424 913 2453 di-

121 2473 181 2511 cit,
219 2472 381 2506 firmatque
414 2481 454 2501 ex
492 2472 520 2507 l,
550 2471 599 2501 12.
649 2473 709 2500 Sed
746 2472 790 2500 ibi
829 2475 913 2500 recte

129 2515 221 2558 I‘gl.
254 2518 479 2553 Carthaginem
503 2519 576 2547 dicit
600 2520 710 2547 urbem
733 2518 912 2552 antiquam,

121 2564 229 2599 qualis
267 2568 335 2592 erat
371 2563 443 2592 eius
480 2568 639 2601 tempore,
676 2566 708 2592 h.
743 2565 763 2592 l.
803 2566 915 2593 narrat

123 2610 308 2639 Aeneas.
344 2605 397 2637 Pl.
417 2610 508 2637 delet.

168 2653 243 2683 705.
272 2652 365 2684 ‹iotis-
390 2652 500 2683 ventt's
527 2656 655 2683 MRPG.
704 2654 798 2683 Datis
823 2662 867 2682 sc.
894 2660 915 2681 a

122 2703 189 2737 deo,
211 2702 317 2735 itaque
341 2700 491 2730 secundis
516 2703 750 2735 praetervehor.
794 2700 910 2727 Nihi—

120 2748 262 2777 lominus
290 2747 373 2781 quod
402 2747 481 2775 alibi
507 2747 592 2774 clare
626 2745 699 2774 vela
732 2746 847 2774 dicitur
877 2745 915 2774 cf.

123 2792 154 2832 1,
180 2792 234 2831 35,
258 2793 353 2821 etiam
380 2795 410 2821 h.
433 2794 455 2820 l.
483 2789 567 2820 uelis
586 2792 668 2820 coni.
695 2789 779 2826 Rt›.‚·
803 2791 916 2826 opina-

123 2844 234 2875 turque
269 2839 377 2868 ventis
415 2842 518 2866 ortum
547 2845 620 2866 esse
653 2845 696 2867 ex
724 2839 917 2874 glossemate

122 2893 165 2916 ex
190 2884 220 2923 4,
245 2882 309 2913 546
336 2881 446 2913 ventis
468 2881 553 2912 dare
576 2880 654 2912 vela
678 2880 800 2912 iubebo
826 2883 918 2912 natol

122 2934 154 2960 et
185 2927 256 2960 Ld.
294 2931 414 2959 ventos
452 2926 533 2958 dari
570 2930 722 2958 Latinum
758 2923 835 2958 num
875 2929 918 2957 sit

124 2977 256 3006 dubitat.
330 2972 470 3004 Selinus
509 2975 650 3010 „civitas
687 2975 780 3004 iuxta
822 2974 918 3010 Lily·

122 3024 248 3061 haeum,
272 3023 442 3052 abundans
466 3021 618 3055 palmis-2·
636 3022 667 3049 S.
702 3021 837 3049 Colonia
850 3022 918 3049 Me-

125 3069 312 3105 garensium
338 3083 376 3088 —
405 3069 518 3096 Strabo
541 3074 600 3096 suo
625 3070 764 3102 tempore
784 3073 855 3096 eam
889 3069 919 3095 et

957 1052 1069 1080 Gelam
1101 1052 1250 1085 aliasque
1276 1049 1408 1079 Siciliae
1438 1049 1533 1075 urbes
1563 1054 1625 1074 non
1651 1046 1747 1074 incoli

956 1102 1075 1126 narrat.
1112 1112 1149 1117 —
1183 1097 1294 1125 Cicero
1313 1095 1404 1123 Yerr.
1430 1093 1461 1120 5.
1489 1090 1541 1127 33,
1567 1089 1609 1119 87
1633 1091 1665 1119 in
1689 1098 1748 1119 au-

955 1143 1050 1171 strali
1084 1143 1218 1171 Siciliae
1248 1142 1341 1169 litore
1372 1140 1501 1174 palmas
1525 1139 1645 1166 multas
1675 1145 1749 1165 esse

956 1189 1049 1219 dicit:
1084 1193 1114 1217 et
1133 1196 1218 1216 nunc
1241 1195 1338 1222 prope
1361 1187 1488 1213 urbem.
1515 1184 1568 1212 cui
1592 1185 1749 1211 Mazzara

955 1242 1069 1263 nomen
1113 1239 1178 1270 est,
1223 1233 1256 1261 iu
1298 1234 1421 1260 deserto
1462 1230 1582 1265 palmis
1627 1228 1749 1258 consito

956 1280 1145 1315 splendidae
1169 1280 1258 1308 urbis
1282 1277 1438 1312 reliquiae
1462 1275 1712 1310 conspiciuntur.

1000 1339 1075 1370 706.
1103 1338 1198 1369 vada
1222 1337 1328 1373 dura..
1367 1340 1461 1368 Caes.
1490 1338 1553 1366 BG.
1577 1335 1607 1368 7,
1638 1335 1676 1364 10
1708 1343 1750 1364 ne

954 1385 997 1416 ab
1029 1396 1063 1415 re
1085 1383 1325 1426 frumentaria
1353 1381 1452 1413 duris
1475 1380 1750 1412 subvectionibus

955 1431 1141 1462 laboraret.
1175 1448 1212 1452 -
1255 1429 1367 1460 sacca
1399 1439 1485 1459 saxa
1514 1434 1585 1458 sunt
1617 1429 1749 1457 latentia

954 1479 993 1509 cf.
1023 1478 1052 1513 6,
1079 1477 1155 1507 715.
1197 1494 1233 1498 -
1273 1474 1431 1516 Lilybaei
1466 1481 1574 1511 portus
1606 1476 1749 1503 vadosus

954 1530 1033 1556 erat.
1057 1531 1088 1554 ut
1116 1526 1206 1555 modo
1232 1524 1328 1554 certis
1358 1523 1425 1551 viis
1451 1527 1535 1550 esset
1561 1521 1720 1550 introitus.

1000 1585 1076 1615 707.
1110 1584 1330 1626 Drepanum,
1349 1594 1435 1614 nunc
1460 1584 1619 1619 Trapani,
1646 1582 1750 1612 ..t-ivi-

954 1639 1005 1663 tas
1037 1638 1086 1662 est
1115 1642 1177 1661 non
1210 1634 1303 1668 longe
1337 1639 1356 1660 a
1390 1636 1496 1660 monte
1525 1632 1628 1665 Eryce
1661 1634 1750 1657 trans

954 1677 1180 1716 Lilybaeum.“
1206 1680 1236 1706 S.
1272 1693 1309 1697 —-
1345 1673 1550 1706 illaetabilis
1571 1683 1631 1704 ora
1656 1683 1752 1710 „pro-

954 1732 1021 1761 pter
1045 1726 1147 1760 patris
1173 1724 1406 1753 amissionem'·
1444 1725 1474 1750 S.
1525 1723 1567 1750 At
1590 1722 1687 1750 etiam
1711 1721 1751 1748 li-

953 1776 1005 1801 tus
1027 1772 1107 1800 illud
1132 1775 1180 1800 est
1203 1778 1375 1799 arenosum
1402 1773 1430 1797 et
1454 1769 1572 1797 sterile.

999 1826 1076 1857 710.
1101 1828 1222 1868 pater:
1250 1829 1297 1856 De
1324 1827 1380 1855 tali
1399 1827 1591 1861 apostrophe
1605 1820 1749 1858 cna-²16.

999 1882 1076 1914 711.
1110 1881 1264 1919 Deseris,
1299 1892 1343 1913 sc.
1371 1888 1480 1912 morte.
1531 1882 1578 1911 Cf.
1602 1881 1676 1909 Val.
1703 1880 1750 1908 Fl.

955 1929 990 1965 1,
1017 1929 1081 1959 286
1125 1927 1191 1959 Hic
1238 1937 1334 1958 soror
1381 1928 1514 1964 (Helle)
1567 1923 1750 1956 Aeoliden.

954 1985 1076 2007 aevum
1102 1983 1271 2005 mansura
1297 1983 1359 2015 per
1384 1982 1492 2009 omne,
1521 1969 1660 2006 deserit,
1686 1968 1751 1999 heu

953 2030 1081 2052 saevae
1105 2019 1338 2061 nequidquam
1363 2023 1481 2059 crepta
1504 2025 1682 2048 novercae.
1712 2032 1748 2037 -—

956 2070 1056 2098 ..Cato
1082 2076 1154 2097 eum
1181 2069 1221 2096 ad
1241 2068 1371 2095 Italiam
1389 2067 1522 2096 venisse
1546 2067 1644 2100 docet,
1670 2064 1752 2092 unde

955 2115 1054 2143 etiam
1080 2115 1114 2141 in
1139 2118 1230 2142 sexto
1251 2114 1330 2141 illud
1353 2113 1559 2148 amphibolon
1580 2114 1646 2145 est3
1677 2106 1751 2147 Quo

958 2156 1073 2199 magis
1106 2156 1215 2187 Italia
1247 2166 1378 2186 mecum
1412 2156 1542 2186 laetere
1572 2152 1750 2194 reperta.“

957 2207 988 2233 S.
1054 2204 1220 2233 Anchisae
1259 2205 1402 2232 tumulus
1436 2201 1674 2231 diversissimis
1718 2200 1752 2228 in

962 2250 1042 2279 locis
1079 2251 1319 2278 ostendebatur.
1365 2250 1398 2277 in
1433 2249 1572 2282 Troade,
1607 2247 1752 2279 Pallene,

957 2296 1118 2331 Arcadia,
1144 2297 1256 2330 Eryce.
1306 2295 1432 2323 Ohitum
1457 2298 1563 2322 autem
1585 2292 1753 2321 Anchisae

957 2343 1032 2378 Vgl.
1060 2341 1163 2376 ponit.
1190 2341 1273 2375 quod
1299 2341 1331 2367 in
1354 2340 1562 2374 sequentibus
1587 2338 1658 2366 eius
1679 2338 1752 2364 nul-

957 2390 1009 2417 lae
1034 2391 1177 2422 poterant
1203 2394 1274 2415 esse
1294 2378 1410 2420 partes.
1435 2400 1480 2404 —
1505 2385 1573 2418 Qua
1599 2391 1670 2411 cum
1695 2384 1750 2411 ob—

959 2434 1142 2463 servatione
1167 2433 1310 2466 congruit
1327 2433 1440 2463 altera,
1459 2431 1541 2465 quod
1554 2430 1701 2458 Aeneam
1713 2435 1752 2457 ea

959 2480 1082 2515 omnia,
1107 2486 1189 2514 quae
1213 2480 1272 2506 sub
1295 2478 1440 2506 Anchise
1462 2479 1644 2511 peregerat,
1673 2481 1750 2503 nar-

960 2531 1082 2555 rantem
1122 2525 1196 2553 fecit
1225 2525 1318 2560 VgL,
1355 2527 1464 2553 contra
1498 2522 1613 2550 dehinc
1644 2520 1751 2555 ipsum

959 2576 1105 2609 agentem
1128 2571 1288 2600 videmus.

1005 2624 1081 2656 713.
1112 2624 1190 2657 Non
1231 2624 1311 2655 dira
1364 2621 1512 2654 Celaeno
1553 2630 1656 2661 „quae
1696 2623 1753 2652 vel

961 2676 1044 2704 irata
1070 2674 1174 2702 debuit
1202 2674 1341 2702 adversa
1367 2670 1559 2705 praedicere.
1607 2670 1645 2698 Et
1666 2670 1752 2697 hona

960 2722 1079 2757 pietate
1104 2724 1233 2749 mortem
1255 2718 1355 2753 patris
1375 2716 1558 2753 graviorem
1581 2716 1658 2744 dicit
1678 2722 1752 2744 esse

960 2774 1058 2803 quam
1078 2764 1226 2795 famen1.“
1253 2766 1283 2792 S.

1009 2820 1085 2851 715.
1115 2819 1204 2850 Hinc
1230 2827 1282 2849 me
1306 2819 1384 2848 redit
1408 2819 1449 2847 ad
1473 2818 1548 2852 illa,
1571 2825 1653 2853 quae
1676 2820 1753 2845 sunt

966 2867 994 2907 1,
1018 2868 1059 2897 34
1105 2865 1170 2897 six
1201 2875 1217 2894 e
1248 2866 1429 2904 conspectu
1458 2868 1531 2899 etc.;
1573 2868 1603 2892 et
1638 2863 1752 2892 omittit

962 2922 1096 2944 narrare
1115 2916 1344 2947 tempestatem,
1373 2913 1413 2939 ab
1433 2911 1555 2939 Ilioneo
1576 2913 1749 2938 narratam.

963 2963 1072 2996 Neque
1102 2962 1174 2994 post
1203 2958 1304 2993 patris
1335 2960 1466 2985 mortem
1496 2956 1548 2985 fas
1579 2959 1648 2985 erat
1676 2961 1751 2983 nar-

964 3014 1036 3037 rare
1060 3005 1190 3035 viliora.

1010 3060 1088 3093 716.
1115 3058 1205 3090 ustus
1228 3059 1267 3089 cf.
1297 3056 1370 3087 ¹81.
