2023 3350
238 127 320 165 374

813 118 849 149 P.
877 115 1075 149 VIRGILII
1104 115 1316 150 MARONIS

238 237 353 279 Silva
387 234 550 283 locum,
594 235 636 273 et
669 244 827 283 magno
869 229 1027 271 cedunt
1062 229 1251 282 virgulta
1283 229 1468 284 fragore.

352 292 440 332 Nec
478 288 785 330 Praenestinae
821 286 1030 328 fundator
1064 286 1204 328 defuit
1242 286 1375 339 urbis,

238 349 429 391 Volcano
473 346 666 400 genitum
704 359 862 399 pecora
899 344 1014 386 inter
1053 344 1245 396 agrestia
1281 359 1428 399 regem

238 408 548 458 Inventumque
584 402 694 444 focis
733 403 870 444 omnis
910 415 1036 456 quem
1075 401 1262 443 credidit
1301 407 1437 453 aetas,

534 461 661 502 Hunc
695 460 785 502 late
821 459 935 514 legio
971 459 1205 501 comitatur
1243 460 1449 513 agrestis3

240 463 462 506 Caeculus.

1817 404 1901 442 <380

238 521 406 574 Quique
444 519 581 561 altum
612 519 844 560 Praeneste
881 517 984 569 viri,
1027 517 1188 570 quique
1226 531 1330 559 arva
1365 517 1558 559 Gabinae

238 578 414 620 Iunonis
456 576 730 630 gelidumque
767 576 972 618 Anienem
1011 578 1054 617 et
1091 574 1263 616 roscida
1300 575 1402 617 rivis

239 635 428 677 Hernica
462 649 567 676 saxa
607 634 776 684 colunt,
817 647 927 687 quos
962 632 1081 674 dives
1120 633 1318 686 Anagnia
1354 632 1505 687 pascit,

422 772 634 806 ‹ns—690.
684 771 866 804 Caeculus.

286 820 363 850 057³.
391 819 607 859 „Praeneste
631 818 896 859 (palentina),
926 824 959 848 ut
984 821 1048 848 Ze-

240 870 395 903 nodotus,
427 876 447 897 a
474 869 650 896 Praeneste
676 867 813 903 Ulyssis
843 870 958 901 nepote
983 866 1048 893 La-

241 915 300 943 tini
331 915 413 951 filio,
444 918 477 943 ut
509 913 719 942 Praenestini
751 916 869 941 sonant
903 911 993 947 libri,
1029 917 1048 939 a

242 962 394 997 caecato,
421 967 516 995 quein
544 960 637 988 iuxta
660 959 755 994 ignes
778 958 926 987 fortuitos
954 958 1050 985 inve-

242 1010 373 1041 iwrunt,
399 1010 431 1034 ut
455 1006 542 1035 fama
569 1009 634 1042 est,
668 1001 869 1042 Digitorum
897 1000 1049 1032 sorores·C

242 1052 346 1080 solin.
374 1050 404 1085 2,
434 1050 451 1079 9
480 1052 582 1084 „Cato
609 1051 644 1079 in
667 1050 857 1085 Originibus
885 1050 942 1085 ait,
968 1050 1050 1077 Cae-

241 1099 350 1127 culum
378 1097 526 1134 virgines
564 1103 685 1130 aquam
726 1100 871 1131 petentes
906 1096 937 1123 in
980 1095 1050 1123 foco

240 1144 429 1179 invenisse,
465 1143 600 1176 ideoque
623 1142 768 1171 Vulcani
802 1141 901 1170 filium
933 1141 1050 1169 existi-

243 1196 370 1226 masse,
409 1193 439 1217 et
476 1189 558 1222 quod
598 1188 711 1216 oculos
746 1187 884 1222 exiguos
918 1188 1050 1214 haberet

243 1236 422 1264 Caeculum
469 1235 680 1268 appellatum.
756 1233 817 1261 Hic
866 1231 1051 1261 collectitiis

242 1281 429 1316 pastoribus
444 1281 621 1309 Praeneste
638 1278 799 1307 fundavit.
835 1279 930 1307 Hunc
946 1278 1051 1306 Varro

241 1329 282 1355 ab
314 1323 475 1364 Depin'iis
505 1325 692 1360 pastoribus
720 1325 892 1353 educatum
923 1323 1052 1358 ipsique

248 1369 399 1410 Depidio
442 1379 559 1400 nornen
596 1371 704 1399 fuisse
738 1374 768 1398 et
805 1373 1050 1406 cognomentum

244 1418 385 1447 Caeculo
420 1418 516 1446 tradit
548 1417 629 1445 libro
663 1416 718 1451 qui
753 1415 940 1445 inscribitur
974 1412 1051 1443 Μα-

245 1461 318 1491 rius
351 1465 414 1492 aut
446 1461 487 1490 de
513 1460 682 1497 fortuna“
720 1463 827 1491 schol.
854 1461 932 1489 Mai.
982 1461 1053 1497 „De

243 1509 436 1538 civitatibus
460 1510 559 1537 totius
585 1508 672 1537 orbis
697 1507 790 1536 multi
817 1507 945 1542 quidem
968 1506 1052 1535 scri-

245 1559 397 1591 pserunt,
447 1555 486 1583 ad
527 1555 658 1589 plenum
700 1557 808 1582 tamen
845 1554 1052 1581 Ptolemaeus

245 1602 383 1634 Graece.
416 1600 534 1629 Latine
564 1599 706 1628 Plinius.
757 1599 803 1627 De
833 1599 960 1627 Italicis
992 1605 1052 1626 au-

243 1651 306 1675 tem
341 1646 477 1675 urbibus
514 1646 667 1682 Hyginus
695 1645 887 1680 plenissime
920 1644 1052 1678 scripsit

244 1696 272 1720 et
299 1692 379 1720 Cato
410 1692 446 1720 in
478 1692 677 1727 Originibus.
727 1692 825 1725 Apud
860 1698 973 1719 omnes
1003 1693 1052 1718 ta-

243 1746 316 1767 men
342 1737 371 1765 si
398 1738 570 1773 diligenter
596 1738 769 1773 advertas,
801 1737 840 1765 de
865 1735 1053 1764 auctoribus

243 1784 446 1812 conditarum
486 1783 615 1812 urbium
660 1783 824 1811 dissensio
873 1781 1051 1814 invenitur,

245 1830 324 1858 adeo
363 1833 395 1857 ut
435 1837 475 1857 ne
511 1829 601 1857 urbis
637 1828 765 1863 quidem
805 1829 931 1856 Romae
963 1827 1052 1863 origo

244 1875 345 1909 possit
381 1875 553 1909 diligenter
587 1874 732 1910 agnosci.
784 1874 819 1902 Si
851 1873 949 1909 igitur
982 1876 1054 1901 tan-

245 1925 297 1949 tae
323 1921 470 1950 civitatis
494 1925 581 1949 certa
604 1921 687 1948 ratio
711 1927 775 1948 non
801 1923 953 1954 apparet,
990 1926 1054 1947 non

243 1967 378 2000 mirum,
416 1967 445 1995 si
470 1966 504 1994 in
529 1967 672 1994 aliarum
699 1965 851 2000 opinione
877 1965 1051 1993 dubitatur.

244 2013 337 2040 Unde
366 2020 425 2040 nec
462 2012 636 2040 historicos
676 2019 734 2040 nee
773 2014 1052 2042 commentatores,

246 2058 344 2086 varia
391 2058 552 2094 dicentes,
603 2057 788 2091 imperitiae
839 2057 1054 2086 condemnare

246 2100 423 2131 debenms.'
466 2105 548 2131 Nam
588 2103 768 2137 antiquitas
808 2103 933 2131 creavit
966 2110 1053 2130 erro—

245 2157 312 2178 rem
339 2153 369 2177 et
394 2149 540 2183 plerique
571 2148 725 2179 fundant.
760 2150 906 2183 plerique
935 2152 1055 2184 augent

244 2200 273 2223 et
306 2195 346 2223 ad
378 2202 414 2223 se
445 2195 645 2223 transferunt
677 2195 828 2231 nomina,
863 2201 960 2228 quam
986 2202 1053 2222 rem

244 2240 343 2269 etiam
374 2248 438 2268 non
469 2248 607 2275 parvum
642 2248 783 2269 errorem
808 2240 921 2269 afferre
947 2240 1053 2269 mani-

245 2287 362 2315 festum
403 2290 461 2314 est.
525 2287 703 2315 Praeneste
742 2288 834 2315 locus
877 2290 925 2314 est
966 2287 1054 2314 haud

244 2334 340 2368 longe
371 2334 411 2360 ab
446 2334 576 2360 urbe...
626 2333 675 2360 Ibi
707 2336 798 2361 erant
824 2332 994 2360 Pontifices
1024 2335 1054 2360 et

244 2374 296 2406 nisi
328 2374 508 2416 Indigetes
534 2378 619 2407 sicut
644 2379 743 2407 etiam
772 2379 905 2406 Romae.
954 2379 1055 2406 Erant

243 2423 341 2452 etiam
367 2424 428 2451 duo
453 2423 572 2451 fratres
603 2424 658 2458 qui
692 2420 766 2452 divi
790 2425 1051 2458 appellabantur.

245 2471 369 2498 Horum
395 2477 488 2497 soror
512 2470 586 2497 dum
621 2470 662 2497 ad
693 2469 798 2498 focum
825 2470 965 2505 sederet,
998 2469 1052 2496 de-

244 2515 363 2544 siliens
405 2515 553 2543 scintilla
587 2514 660 2543 eius
701 2519 827 2543 uterum
871 2514 1052 2549 percussit;

246 2562 330 2589 unde
373 2560 490 2590 dicitur
529 2560 729 2595 concepisse.
798 2561 919 2588 Postea
953 2560 1054 2588 enixa

246 2614 381 2640 puerum
402 2607 496 2635 iuxta
515 2607 670 2641 templum
685 2606 776 2635 Iovis
802 2605 930 2639 abiecit,
958 2613 1051 2639 quem

246 2653 393 2688 virgines
420 2656 576 2686 aquatum
601 2656 715 2680 euntes
747 2651 841 2680 iuxta
871 2651 977 2685 ignem
1003 2651 1053 2678 in-

245 2702 378 2726 ventum
417 2700 638 2735 sustulerunt,
681 2698 735 2732 qui
780 2705 800 2725 a
840 2697 926 2725 fonte
966 2697 1052 2725 haud

244 2744 340 2779 longe
380 2748 459 2771 erat.
531 2744 621 2772 Unde
661 2743 805 2772 Vulcani
854 2743 960 2771 dictus
1005 2745 1051 2770 est

244 2788 342 2817 filius.
393 2789 555 2818 Caeculus
581 2793 689 2818 autem
721 2789 811 2823 ideo,
844 2789 922 2822 quia
946 2788 1052 2817 oculis

244 2834 427 2862 minoribus
457 2835 534 2869 fuit,
572 2843 670 2869 quam
698 2842 765 2863 rem
794 2833 977 2868 frequenter
1006 2833 1053 2862 ef-

245 2879 305 2908 ficit
331 2879 453 2908 fumus.
503 2881 565 2909 Hic
598 2885 712 2915 postea
745 2881 882 2909 collecta
907 2879 1054 2908 multitu-

245 2925 330 2960 dine,
357 2929 527 2961 postquam
547 2927 602 2954 diu
626 2926 840 2955 latrocinatus
866 2930 926 2962 est,
954 2926 1054 2954 Prae-

247 2970 411 2999 nestinam
443 2971 612 3001 civitatem
646 2972 680 3000 in
711 2971 873 3000 montibus
902 2971 1053 3000 condidit.

248 3015 284 3041 Et
314 3023 413 3049 quum
440 3018 481 3045 ad
508 3018 603 3046 ludos
633 3017 765 3046 vicinos
799 3018 937 3052 populos
967 3017 1056 3046 invi-

1096 780 1212 811 tasset,
1247 775 1351 811 coepit
1374 781 1434 805 ,eos
1469 773 1609 811 hortari,
1643 778 1677 802 ut
1705 780 1816 802 secum
1843 775 1903 801 ha-

1095 822 1254 858 bitarent,
1290 825 1320 850 et
1353 829 1409 855 pro
1440 820 1546 855 gloria
1577 820 1700 848 iactare
1733 827 1769 848 se
1802 819 1906 848 tilium

1097 876 1171 896 esse
1196 867 1350 896 Vulcani.
1407 866 1496 900 Quod
1527 874 1624 901 quum
1657 865 1708 893 illi
1738 873 1802 893 non
1835 873 1905 894 cre-

1097 915 1224 950 derent,
1263 914 1415 942 invocato
1438 913 1608 947 Vulcano⁷
1640 915 1672 939 ut
1699 919 1772 939 eum
1802 911 1905 940 filium

1097 968 1193 988 suum
1232 961 1468 994 comprobaret.
1511 957 1618 986 omnis
1660 957 1752 985 illius
1794 962 1905 986 coetus

1097 1010 1147 1034 est
1175 1005 1303 1034 flamma
1327 1005 1558 1034 circumdatus.
1608 1003 1676 1037 Quo
1709 1002 1794 1031 facto
1818 1011 1907 1031 com-

1098 1051 1173 1080 moti
1212 1059 1324 1080 ornnes
1360 1051 1461 1080 simul
1494 1049 1727 1078 habitaverunt
1763 1052 1793 1076 et
1823 1049 1907 1077 Vul-

1098 1098 1172 1127 cani
1213 1098 1315 1126 filium
1352 1105 1426 1126 esse
1462 1096 1676 1125 crediderunt.
1737 1093 1823 1123 Hinc
1860 1098 1910 1123 est

1099 1140 1211 1172 omnis
1237 1151 1335 1182 quem
1371 1138 1522 1172 credidit
1559 1142 1677 1177 aetas,
1710 1140 1807 1175 quasi
1837 1144 1910 1175 post

1099 1186 1353 1217 dubitationem“
1377 1191 1409 1217 S.
1460 1190 1560 1223 Spero
1584 1190 1615 1215 te
1635 1194 1699 1215 non
1721 1190 1908 1224 gravatum,

1098 1235 1182 1269 quod
1216 1238 1282 1263 tam
1311 1236 1415 1263 multa
1446 1233 1503 1262 tibi
1538 1234 1576 1261 de
1608 1240 1672 1261 uno
1710 1233 1909 1268 perlegenda

1098 1280 1226 1309 fuerant
1245 1280 1392 1315 liomine3
1418 1287 1522 1314 neque
1540 1279 1657 1307 iterum
1675 1278 1732 1306 tibi
1747 1279 1907 1307 molestus

1098 1334 1168 1361 ern,
1196 1334 1301 1360 neque
1325 1327 1363 1355 de
1385 1326 1451 1355 alio
1475 1326 1587 1372 adnue
1605 1328 1736 1353 exstant
1761 1327 1803 1353 tot
1827 1331 1906 1353 nar-

1100 1372 1255 1401 rationes.

1146 1415 1222 1446 679.
1250 1418 1349 1452 Quem
1375 1425 1484 1453 regem
1516 1416 1624 1445 omnis
1650 1419 1743 1444 aetas
1775 1416 1907 1445 credidit

1098 1464 1248 1493 Vulcano
1281 1464 1426 1500 genitum
1466 1470 1542 1491 esse
1580 1462 1664 1490 inter
1699 1469 1818 1497 pecora
1860 1462 1912 1490 in-

1099 1514 1297 1544 ventumque
1322 1509 1356 1537 in
1382 1509 1474 1538 focis.
1502 1523 1540 1528 —
1571 1504 1622 1536 Pl.
1650 1508 1732 1536 coni.
1760 1504 1868 1548 regis.

1148 1552 1224 1583 681.
1253 1552 1324 1584 late
1350 1552 1446 1596 legio
1464 1556 1506 1583 M.
1534 1562 1596 1583 rec.
1620 1550 1682 1582 Rb.
1719 1550 1814 1594 legio
1839 1550 1913 1583 late

1099 1602 1259 1639 Pavyhc.

1147 1644 1223 1675 682.
1251 1643 1393 1682 „Altum
1413 1645 1490 1680 quia
1506 1645 1539 1673 in
1557 1644 1720 1674 montibus
1733 1642 1909 1674 locatum.⁴‘

1101 1694 1132 1720 S.
1169 1708 1207 1711 —
1242 1693 1420 1720 Praeneste
1441 1694 1479 1720 ob
1503 1691 1603 1720 situm
1630 1691 1729 1731 bellis
1751 1691 1910 1720 civilibus

1101 1739 1321 1766 Romanorum
1346 1738 1479 1772 petitum
1510 1742 1576 1773 est;
1607 1737 1746 1765 obtinuit
1771 1735 1910 1775 Marius,

1101 1791 1260 1818 occupare
1292 1788 1429 1812 conatus
1458 1787 1507 1812 est
1536 1783 1690 1812 Catilina.
1740 1783 1788 1811 De
1819 1783 1912 1812 urbis

1101 1830 1165 1858 situ
1192 1830 1330 1864 eiusque
1356 1828 1533 1858 infortunio
1557 1828 1597 1858 cf.
1622 1830 1727 1857 Strab.
1749 1828 1780 1866 5,
1808 1827 1839 1866 3,
1868 1825 1910 1857 ll

1101 1883 1131 1910 p.
1153 1873 1230 1904 238.
1249 1890 1287 1894 —
1307 1882 1394 1903 arna
1416 1871 1576 1903 Gabinae
1598 1871 1762 1902 lunonis:
1795 1875 1912 1911 „Gabii

1101 1922 1155 1950 diu
1181 1921 1214 1949 in
1239 1921 1329 1957 agris
1354 1921 1471 1949 morati
1497 1921 1626 1949 tandem
1650 1920 1771 1949 Gabios
1798 1921 1911 1950 condi-

1101 1968 1232 2001 derunt;
1261 1968 1344 1996 unde
1363 1967 1463 2001 perite
1484 1974 1573 1994 arva
1593 1966 1674 1994 dixit
1693 1974 1757 1994 non
1771 1964 1911 1995 moenia

1103 2013 1189 2047 (qua
1218 2021 1252 2041 re
1279 2015 1393 2041 urbem
1421 2012 1540 2041 Gabios
1565 2013 1705 2040 nondum
1731 2012 1838 2041 fuisse
1861 2012 1911 2041 in-

1101 2060 1197 2088 dicat.
1255 2059 1301 2087 Cf.
1339 2057 1377 2096 6,
1411 2055 1477 2086 773
1508 2062 1539 2086 et
1570 2056 1607 2094 3,
1642 2055 1707 2085 702
1736 2062 1768 2087 et
1798 2056 1910 2094 7⁰40.

1103 2107 1189 2133 Sane
1208 2105 1276 2133 illic
1292 2106 1372 2133 Iuno
1393 2103 1642 2140 religiosissime
1661 2103 1787 2133 colitur.
1830 2105 1909 2141 „Est

1102 2155 1211 2180 autem
1235 2152 1327 2180 locus
1351 2151 1437 2179 haud
1464 2151 1559 2185 longe
1584 2151 1624 2178 ab
1650 2147 1758 2178 Urbe“
1781 2151 1814 2178 S.

1149 2194 1225 2224 683.
1253 2193 1483 2236 gelidumque
1507 2191 1693 2231 Anienem,
1724 2195 1780 2230 qui
1803 2195 1913 2224 Tiberi

1101 2242 1221 2277 influit;
1262 2250 1349 2271 nilne
1387 2239 1571 2269 'Fet-eron&
1639 2237 1802 2269 Gelidum
1837 2242 1910 2270 eius

1101 2297 1176 2316 esse
1210 2295 1329 2322 aquam
1354 2291 1383 2316 et
1411 2286 1470 2314 alii
1494 2290 1606 2321 poetae
1633 2286 1834 2324 significant,
1875 2291 1911 2316 ut

1101 2335 1159 2361 Sit.
1184 2331 1234 2366 10,
1262 2331 1326 2360 363
1354 2328 1487 2369 gelidis
1508 2330 1596 2360 Anio
1624 2329 1740 2369 undis,
1769 2329 1820 2368 12,
1841 2331 1909 2361 538

1101 2376 1245 2418 gelidus
1267 2374 1467 2417 sulphureis
1492 2374 1609 2406 undis.
1658 2380 1738 2407 Stat.
1765 2379 1850 2408 Silv.
1880 2376 1911 2416 4,

1102 2422 1140 2460 4,
1169 2421 1208 2451 17
1237 2421 1372 2452 Aniena
1392 2420 1554 2463 frigora.

1148 2467 1224 2497 654.
1255 2466 1409 2497 Hernica
1436 2477 1524 2497 saxa
1552 2470 1769 2505 „Sabinorum
1795 2469 1911 2505 lingua

1101 2523 1187 2544 saxa
1218 2518 1340 2543 hernae
1373 2513 1570 2544 vocantur.“
1608 2517 1641 2544 S.
1691 2515 1822 2544 Hernici
1852 2516 1909 2550 qui

1100 2562 1227 2590 foedere
1253 2563 1307 2596 Sp.
1336 2561 1447 2589 Cassii
1480 2560 1531 2595 (a.
1561 2569 1592 2589 u.
1622 2558 1708 2597 487]
1744 2569 1818 2590 cum
1842 2561 1909 2589 Ro-

1100 2608 1209 2636 manis
1249 2611 1279 2635 et
1313 2607 1443 2635 Latinis
1483 2607 1602 2643 iuncti,
1648 2611 1760 2642 postea
1801 2610 1908 2635 autem

1100 2655 1185 2682 bello
1204 2653 1294 2687 petiti
1314 2653 1439 2681 sortiter
1457 2656 1487 2681 et
1508 2652 1562 2681 diu
1581 2653 1778 2682 restiterunt.
1822 2652 1908 2681 Urbs

1099 2699 1252 2734 capitalis
1277 2702 1345 2727 erat
1365 2698 1531 2733 Anagnia,
1558 2691 1717 2738 Anngmff
1745 2712 1784 2717 —-
1810 2693 1910 2727 dives

1104 2744 1142 2773 A.
1172 2745 1306 2781 fertilis,
1340 2752 1416 2773 nam
1441 2744 1499 2772 sit.
1527 2741 1564 2780 8,
1592 2741 1656 2771 393
1687 2739 1909 2782 Hernicaque

1100 2787 1268 2830 impresso
1300 2787 1478 2818 raduntur
1514 2796 1650 2818 vomere
1686 2796 1793 2825 saxa,
1830 2785 1911 2827 quis

1100 2833 1199 2875 pueri
1230 2833 1380 2875 pinguis
1411 2832 1562 2864 sulcaris
1593 2830 1767 2872 Anagnia
1801 2831 1910 2874 gleba

1101 2885 1132 2910 et
1178 2878 1236 2917 12.
1281 2879 1346 2908 532
1389 2877 1508 2920 surg-it
1550 2886 1720 2918 suspensa
1763 2876 1912 2909 tumenti

1102 2924 1205 2956 dorso
1225 2923 1424 2966 frugiferis
1450 2921 1596 2954 cerealis
1625 2921 1797 2962 Anagnia
1831 2922 1912 2965 gle—

1103 2969 1165 3001 bis.
1191 2986 1237 2992 —
1264 2969 1378 3010 pascit
1407 2973 1542 3006 vulgata
1567 2973 1597 2999 et
1623 2976 1674 3004 ap.
1699 2970 1851 3000 servium
1880 2975 1911 3000 et

1104 3018 1304 3048 Macrobium
1327 3019 1393 3045 Sat.
1420 3016 1457 3052 ὃ,
1486 3013 1545 3050 18;
1583 3023 1686 3051 neque
1710 3016 1854 3054 offendit,
1881 3017 1912 3046 si
