2023 3350
217 130 298 170 (340
909 129 1155 164 excuusus.

215 244 430 275 abner-limus
471 245 736 273 antemnarum.
802 241 901 281 VIII,
947 243 1008 275 158
1047 242 1385 278 Laomedontiadem
1424 246 1612 278 Priamum
1649 243 1840 277 Salamina

212 303 389 340 petentem
415 298 456 329 al.

328 357 365 386 ln
399 354 452 385 liis
483 354 638 386 numeris
667 353 866 387 subsistunt
903 354 1003 402 verba
1040 356 1132 398 apud
1163 358 1357 399 Virgilium.
1416 358 1521 401 Apud
1554 359 1753 391 Lucretium
1787 358 1840 392 vel

215 411 325 444 tribus
347 410 460 442 verbis
485 421 606 443 versus
629 416 782 443 constat:
831 413 898 451 111,
922 412 989 444 920
1014 411 1504 457 Insatiabz'lz'ter‘deflebimus
1530 419 1801 457 aeternumque.

328 471 391 499 An.
440 472 486 499 De
511 479 643 500 numero
666 473 868 508 dactylorum
894 477 923 500 et
947 474 1159 508 spondeorum
1180 476 1263 508 apud
1286 475 1434 511 singulos
1460 480 1570 510 poetas
1593 475 1841 504 accuratissime

213 517 276 550 egit
302 517 457 551 Hultgreu
483 518 569 546 Jlirb.
598 517 617 546 f.
643 518 727 546 Pliil.
753 522 811 547 etc.
842 515 914 552 108,
945 517 994 555 10,
1019 526 1047 553 p.
1077 517 1266 547 ’Πὸ-772
1307 521 1389 557 „Die
1413 522 1555 550 'reclinik
1582 522 1636 550 der
1659 521 1843 550 romiscnen

215 563 343 591 Dichter
366 562 409 590 im
434 563 585 596 episclien
608 564 672 592 und
695 564 877 599 elegisclien
894 564 1111 593 Versmaass*
1134 569 1164 593 et
1190 565 1223 593 iu
1250 573 1353 601 progr.
1379 568 1493 602 Gymu.
1512 567 1677 602 Lipsieusi
1701 568 1843 604 „Obser-

213 608 362 636 vationes
383 608 535 637 metricae
560 609 592 637 in
617 614 729 644 poetas
753 609 914 645 elegiacos
937 612 988 639 Gr.
1015 615 1042 638 et
1064 610 1233 639 Latinos“.
1282 613 1342 640 Sed
1367 614 1440 641 uolo
1461 613 1533 641 eius
1554 621 1704 642 numeros
1727 612 1843 648 furari,

214 654 245 681 id
278 662 377 682 uuum
406 662 448 682 ex
480 663 517 682 eo
551 655 666 684 addam
691 655 867 691 Virgilium
893 655 958 684 fere
988 657 1122 685 eundem
1153 665 1321 686 numerum
1353 658 1472 694 dactyli
1499 661 1618 687 habere
1642 663 1674 687 et
1697 658 1842 693 spondei,

213 699 310 727 eliam
336 700 368 727 iu
393 699 494 734 primo
521 701 608 735 pede.
659 700 768 735 (Quod
792 703 870 729 bene
896 702 1101 739 observavit,
1126 703 1200 738 Vgl.
1227 703 1329 739 euim,
1363 707 1395 731 ut
1420 711 1521 738 supra.
1547 705 1666 733 dictum
1690 708 1756 740 est,
1785 712 1840 738 pro

213 745 350 774 consilio
370 749 399 773 et
423 746 463 774 ad
482 754 548 774 rem
563 748 759 775 narrandam
784 752 919 776 metrum
937 748 1187 784 accommodat.)
1236 749 1331 783 Apud
1353 749 1514 785 Ovidium,
1540 749 1681 778 maxime
1705 750 1740 778 in
1766 750 1844 784 pede

215 791 334 827 primo,
365 795 427 819 tres
452 796 561 826 partes
586 797 717 821 exstare
744 794 964 828 dactylorum;
999 794 1081 822 unde
1104 801 1222 830 magua
1245 795 1305 823 illa
1328 795 1491 824 vivacitas
1516 799 1566 832 et,
1599 800 1633 824 ut
1654 795 1700 824 ita
1724 795 1842 832 dicam,

215 837 366 865 hilaritas
390 837 536 867 nascitur
559 838 630 867 eius
653 840 922 868 hexametrorum.

716 930 737 963 S
763 928 791 958 2.
841 932 888 959 De
911 931 1056 960 caesuris
1079 935 1110 960 et
1134 931 1347 960 diaeresibus.

329 994 516 1026 Caesuram
540 992 612 1026 lieri
638 993 803 1035 dicimus,
838 994 899 1026 uhi
931 994 1117 1028 verborum
1148 995 1229 1028 finis
1262 996 1418 1029 medium
1445 996 1568 1039 pedem
1593 995 1778 1036 discindit,
1813 1000 1847 1028 et

214 1060 375 1083 caesurae
400 1060 476 1084 esse
501 1055 652 1094 possunt
678 1051 713 1084 in
738 1051 862 1093 quovis
887 1052 985 1095 pede.
1673 1055 1679 1060 “

330 1108 386 1141 Sic
465 1108 504 1147 V,
531 1108 595 1141 230
621 1107 697 1151 Nam
728 1112 875 1141 teneant
900 1110 902 1151 ᾗ
933 1111 1115 1151 uitamque
1139 1110 1265 1142 volunt
1292 1119 1295 1153 ξ
1322 1121 1391 1152 pro
1420 1110 1528 1141 laude
1547 1112 1695 1153 pacisci.

463 1165 506 1205 X,
533 1166 597 1198 532
623 1165 847 1208 Eoepugnare
870 1166 960 1198 Itali
986 1175 988 1208 'i
1014 1177 1227 1209 summaque
1249 1171 1405 1200 evertere
1430 1178 1537 1209 opum
1565 1166 1568 1210 ί
1596 1169 1642 1200 vi.

448 1223 506 1262 IV,
536 1223 598 1255 136
624 1223 690 1255 Per
716 1224 892 1255 connubia
917 1227 1059 1264 nostr-a,
1083 1235 1150 1266 per
1172 1226 1331 1267 inceptos
1392 1225 1617 1268 hymenaeos.

330 1281 451 1322 Neque
478 1279 595 1312 minus
621 1289 793 1320 caesurae,
820 1291 907 1323 quae
934 1281 1100 1314 dicuntur
1123 1277 1216 1313 κατὰ
1243 1283 1415 1324 τροχαῖον
1440 1282 1475 1313 in
1502 1281 1659 1323 quinque
1681 1279 1845 1324 pedibus.

463 1337 506 1376 X,
536 1338 595 1369 101
624 1337 724 1378 Infit.
755 1374 758 1380 .
788 1338 836 1370 Eo
863 1338 999 1370 (licente
1030 1377 1031 1380 Ἰ
1061 1338 1164 1370 deum
1192 1338 1316 1370 domu.»-
1339 1338 1418 1370 all‘a
1478 1339 1624 1371 silescit.

409 1394 505 1433 V111,
532 1394 596 1426 549
623 1393 759 1426 Fertur
784 1406 881 1437 aqua
905 1397 1092 1437 segnisque
1118 1409 1120 1437 2
1148 1394 1302 1427 secundo
1328 1395 1458 1438 dell-ecit
1479 1397 1586 1428 amni.

444 1451 508 1489 III,
535 1451 600 1482 644
624 1451 776 1492 [nsandi
803 1451 973 1495 Cyclopes
1002 1451 1006 1494 l
1034 1455 1071 1483 et
1092 1452 1179 1483 altis
1205 1454 1385 1485 montibus
1411 1455 1552 1486 errant.

333 1507 463 1541 Omnes
487 1508 611 1540 insunt
633 1507 668 1540 in
693 1517 794 1541 versu
822 1507 1012 1540 memoriali
1037 1508 1118 1540 Sole
1147 1509 1295 1541 cadente
1320 1512 1490 1542 iuvencus
1514 1511 1648 1541 aratra
1673 1509 1853 1551 relinquit

219 1569 257 1598 in
282 1577 379 1599 ανυυ.

331 1622 526 1656 Debiliores
552 1621 612 1654 has
638 1632 715 1654 esse
739 1631 914 1663 caesuras⁷
945 1632 1054 1664 quum
1081 1621 1265 1655 verborum
1290 1627 1321 1655 et
1347 1622 1476 1665 pedum
1505 1622 1616 1655 exitus
1642 1632 1712 1655 non
1739 1622 1849 1655 diver-

218 1690 280 1714 sus
305 1680 366 1719 sit,
399 1679 498 1712 facile
521 1679 742 1722 intelligitur.
790 1678 951 1719 Accedit,
992 1679 1086 1720 quod
1111 1679 1243 1721 pedum
1267 1680 1358 1713 ictus
1385 1689 1463 1712 cum
1488 1679 1673 1712 verborum
1702 1684 1848 1713 accentu

217 1736 378 1769 concinit.
411 1754 456 1758 —
485 1737 561 1768 Non
593 1744 670 1768 esse
697 1744 858 1767 caesuras
890 1735 925 1767 in
955 1745 1024 1767 uuo
1051 1745 1153 1768 versu
1179 1745 1320 1776 omnes,
1364 1737 1479 1778 quivis
1507 1736 1608 1769 docet
1631 1746 1769 1776 versus,
1816 1740 1850 1769 et

217 1794 284 1826 iam
313 1803 350 1824 ex
374 1792 435 1824 hac
461 1801 680 1824 caesurarum
704 1791 908 1832 variatione,
947 1793 1002 1824 cui
1034 1792 1135 1824 etiam
1168 1792 1300 1825 accedit
1325 1793 1444 1825 cade-m
1469 1794 1613 1826 varietas
1641 1792 1849 1826 diaeresium

218 1856 254 1883 et
277 1850 428 1883 thesium
450 1852 704 1882 contractarum
725 1858 764 1881 ac
786 1848 992 1891 solutarum‚
1020 1855 1233 1893 quantopere
1258 1859 1380 1882 versus
1402 1849 1515 1892 possit
1539 1850 1671 1890 variari,
1696 1854 1848 1893 apparet.

218 1908 285 1940 Sed
313 1917 351 1939 ex
378 1906 432 1939 his
459 1910 543 1938 sunt
568 1905 722 1948 aliquae,
749 1916 836 1948 quae
864 1907 1036 1949 graviores
1058 1917 1135 1940 esse
1159 1906 1382 1945 videbantur;
1411 1911 1516 1949 atque
1541 1916 1598 1939 eae
1621 1907 1849 1949 potissimum

219 1973 379 1998 caesurae
402 1963 469 1995 dici
493 1962 617 1995 solent.
665 1963 754 1995 Sunt
784 1963 846 1996 hae
879 1964 1054 1997 masculae
1082 1964 1162 1997 illae
1193 1965 1284 1997 tertii
1318 1970 1350 1998 et
1377 1965 1491 2007 quarti
1516 1964 1634 2007 pedis,
1672 1965 1744 1998 sive
1767 1975 1851 1998 πεν-

218 2016 426 2064 θημιμερὴς
451 2023 483 2052 et
508 2016 780 2063 ἓφθημιμερὴςς
820 2025 854 2053 et
883 2031 921 2054 ex
951 2020 1057 2054 altero
1093 2031 1217 2064 genere
1249 2022 1340 2054 tertii
1370 2021 1469 2064 pedis
1500 2021 1572 2054 sive
1601 2017 1695 2054 κατὰ
1728 2020 1850 2064 τρίτον

220 2079 404 2120 τροχαῖον.

311 2135 377 2167 Hic
405 2133 516 2175 legem
554 2133 588 2165 in
620 2134 798 2176 prooemio
833 2135 1049 2178 propositam
1087 2135 1138 2168 vel
1175 2136 1320 2169 maxime
1353 2136 1466 2169 valere
1501 2134 1601 2168 facile
1631 2134 1849 2177 intelligitur.

219 2193 305 2225 Nam
331 2201 439 2233 quum
460 2190 626 2233 longioris
651 2190 810 2224 vocabuli
840 2192 973 2235 syllaba
995 2193 1134 2233 ultima,
1174 2195 1230 2226 cui
1253 2193 1346 2236 apud
1370 2195 1548 2226 Romanos
1570 2196 1732 2225 accentus
1759 2201 1849 2224 nun-

220 2259 325 2291 quam
349 2253 412 2288 est,
439 2249 475 2280 in
502 2248 571 2280 arsi
597 2248 779 2281 extollatur
803 2259 957 2290 caesura,
981 2251 1051 2283 iam
1070 2251 1130 2284 illa
1153 2257 1358 2284 accentuum
1381 2261 1469 2293 quae
1489 2251 1526 2282 in
1551 2258 1654 2282 versu
1678 2252 1712 2281 et
1734 2247 1850 2281 verbis

220 2312 272 2338 est
300 2306 532 2348 discrepantia
556 2306 703 2338 maxima
731 2311 800 2344 est:
825 2312 907 2349 post
933 2318 1037 2350 quam
1067 2317 1105 2341 ea
1129 2308 1275 2341 solvitur
1301 2313 1334 2341 et
1357 2308 1546 2350 mitigatur.

314 2364 342 2395 1.
391 2363 625 2395 Usitatissima
648 2367 701 2395 est
727 2367 759 2396 et
785 2363 938 2406 legitima
964 2364 1129 2404 habetur,
1168 2375 1258 2408 quae
1285 2370 1338 2398 est
1361 2365 1458 2408 pedis
1482 2364 1592 2402 tertii,
1626 2373 1696 2406 qua
1715 2372 1850 2402 versus,

219 2425 259 2452 ut
291 2421 337 2452 ita
369 2419 544 2459 dicamus,
584 2419 790 2453 dissecatur.
854 2421 921 2454 Sed
961 2427 1000 2454 ut
1037 2432 1175 2455 caesura
1210 2422 1387 2466 primaria,
1425 2431 1513 2464 quae
1550 2429 1672 2453 versus
1712 2419 1848 2459 dividit,

220 2477 457 2519 distinguatur
479 2475 522 2509 ab
549 2486 604 2518 ea,
641 2487 730 2519 quae
755 2482 808 2510 est
832 2478 948 2518 pedis:
982 2480 1123 2513 accedat
1147 2489 1291 2513 necesse
1322 2483 1391 2521 est,
1428 2488 1510 2512 voce
1535 2488 1603 2520 qua
1633 2486 1775 2510 caesura
1798 2475 1848 2516 fit,

219 2534 336 2567 claudi
360 2535 463 2566 etiarn
487 2533 657 2566 enuntiati
684 2538 832 2577 partem,
867 2536 938 2569 sive
964 2547 1003 2569 ea
1027 2537 1136 2579 signis
1163 2538 1265 2570 certis
1291 2537 1485 2577 indicetur,
1519 2537 1592 2569 sive
1616 2534 1653 2566 id
1678 2544 1748 2566 non
1777 2532 1847 2566 fiat.

312 2592 402 2623 Hinc
430 2590 483 2630 fit,
517 2595 556 2622 ut
583 2600 654 2623 non
686 2591 720 2623 in
759 2593 853 2625 omni
882 2604 1000 2633 versu,
1040 2595 1076 2627 in
1110 2595 1209 2627 cuius
1239 2595 1341 2627 tertio
1374 2594 1461 2637 pede
1490 2602 1631 2626 caesura
1661 2596 1732 2631 est,
1763 2591 1849 2624 haec

220 2657 341 2681 versus
375 2657 516 2680 caesura
551 2653 641 2681 recte
674 2649 873 2691 accipiatur.
931 2652 987 2684 Sic
1021 2651 1116 2685 verbi
1145 2661 1267 2684 caussa
1304 2652 1347 2691 V,
1386 2652 1448 2683 211
1483 2651 1636 2693 Agmine
1663 2659 1847 2682 remorum

221 2705 327 2737 celeri
351 2707 531 2747 ventisque
556 2708 701 2739 vocati&
751 2707 816 2739 230
845 2706 898 2739 Ni
921 2711 1083 2750 teneant,
1120 2711 1302 2751 vitamque
1332 2709 1462 2741 volunt
1476 2719 1546 2751 pro
1574 2706 1681 2739 laude
1708 2707 1850 2749 pacisci

221 2772 292 2794 non
327 2767 377 2795 est
403 2772 523 2795 versus
552 2772 692 2796 caesura
723 2764 758 2796 in
788 2764 890 2797 tertio
922 2766 982 2798 sed
1012 2766 1049 2799 in
1082 2771 1202 2809 quarto
1237 2765 1343 2808 pede;
1382 2775 1470 2808 quae
1502 2769 1580 2798 utro
1615 2765 1652 2797 in
1686 2763 1774 2807 pede
1801 2762 1847 2795 sit

223 2819 480 2859 constituenda,
507 2829 609 2863 saepe
635 2820 782 2853 dubium
808 2826 868 2853 est.

337 2877 487 2909 Caesura
517 2877 622 2919 igitur
651 2874 939 2921 πενθημιμερής,
984 2889 1063 2912 nam
1098 2880 1139 2912 de
1167 2889 1205 2912 ea
1235 2880 1385 2922 primum
1420 2879 1595 2918 dicemus,
1638 2885 1776 2910 versum
1807 2875 1843 2907 in

224 2936 335 2972 partes
367 2932 452 2966 duas
483 2943 594 2977 paene
625 2934 785 2977 aequales
812 2935 947 2976 dividit,
980 2946 1067 2979 quae
1092 2942 1205 2970 tamen
1230 2946 1367 2979 semper
1390 2936 1564 2969 differunt.
1613 2935 1733 2975 Neque
1761 2937 1845 2964 sunt

225 2995 342 3020 evrsus
367 2999 473 3031 pares,
501 2991 629 3033 quibus
657 3001 694 3024 ea
719 3001 863 3025 caesura
888 2998 951 3033 est,
977 2994 1038 3027 sed
1066 2994 1201 3027 diversa
1226 2999 1278 3027 est
1303 2994 1402 3034 ratio,
1431 3003 1500 3036 qua
1523 2989 1677 3032 exsurgit
1704 2997 1842 3027 versus;

227 3041 375 3083 diversa,
406 3056 471 3087 qua
499 3047 638 3081 decidit.
