2023 3350
289 144 371 181 274

858 137 900 169 P.
924 136 1120 170 VIRGILII
1154 135 1367 171 MARONIS

287 252 608 303 Fraxineaequc
646 248 794 289 trabes
832 247 978 289 cuneis
1013 251 1057 290 et
1089 247 1221 290 fissile
1257 248 1391 291 robur

289 308 523 357 Scinditur,
567 305 804 347 advolvunt
839 305 1036 358 ingentes
1068 306 1286 348 montibus
1319 320 1463 349 ornos.

289 367 377 407 Nec
414 378 498 405 non
528 364 696 403 Aeneas
738 375 872 416 opera
910 362 1024 403 inter
1061 362 1169 403 talia
1199 363 1365 416 primus

291 423 506 463 Hortatur
543 419 702 471 socios,
741 419 1006 474 paribusque
1047 419 1289 472 accingitur
1328 421 1471 462 armis.

290 481 432 531 Atque
467 477 573 518 haec
602 477 695 530 ipse
736 490 813 518 suo
846 477 963 518 tristi
1004 490 1099 517 cum

292 536 559 588 Adspectans
594 534 745 575 silvam
779 534 1050 585 immensam,
1093 537 1136 574 et
1174 534 1235 575 sic
1273 533 1386 576 forte
1427 539 1651 588 precatur:

293 593 337 634 Si
375 605 487 632 nunc
521 605 566 632 se
592 590 718 633 nobis
749 591 822 633 ille
859 605 1017 632 aureus
1052 590 1208 632 arbore
1246 604 1392 632 ramus

293 649 504 690 Ostendat
543 662 717 690 nemore
755 649 800 689 in
837 649 981 690 tanto!
1028 648 1201 700 quando
1239 649 1384 690 omnia
1420 663 1519 691 vere

293 707 388 747 Heu
423 705 601 746 nimium
638 706 690 747 de
721 709 765 747 te
804 710 941 757 vates,
989 705 1174 756 Misene,
1216 705 1363 746 locuta
1397 710 1472 747 est.

295 764 374 804 vix
413 777 464 804 ea
499 762 615 804 fatus
653 767 766 814 erat,
809 763 1004 816 geminae
1044 777 1176 816 quum
1216 762 1329 804 forte
1368 763 1592 805 columbae

292 821 396 874 Ipsa
437 819 514 861 sub
551 834 628 861 ora
666 820 747 861 viri
784 821 902 862 caelo
938 833 1092 861 venere
1128 820 1336 871 volantes,

294 879 352 919 Et
382 877 509 918 viridi
541 877 690 919 sedere
730 878 837 919 solo.

294 935 516 976 Maternas
549 934 778 988 adgnoscit
808 949 927 986 aves,
966 935 1193 989 laetusque
1228 937 1453 988 precatur:

296 993 399 1033 Este
430 991 577 1043 duces,
624 1006 666 1043 o,
706 993 742 1033 si
781 1006 867 1046 qua
901 992 973 1033 via
1012 995 1096 1044 est,
1141 1005 1400 1045 cursumque
1434 1005 1512 1045 per
1547 1004 1678 1034 auras

297 1050 480 1102 Dirigite
510 1049 555 1090 in
591 1049 734 1101 lucos,
771 1050 847 1091 ubi
883 1050 1086 1103 pinguem
1126 1049 1244 1091 dives
1285 1052 1442 1102 opacat

1140 477 1270 518 corde
1307 477 1489 530 volutat,
1854 483 1873 520 1
1881 482 1935 520 85

1859 766 1876 803 1
1886 765 1939 803 90

897 878 1004 919 Tum
1042 877 1254 919 maximus
1291 877 1419 918 heros

1861 1052 1879 1088 1
1888 1051 1910 1088 9
1918 1050 1940 1087 ἴ)

317 1109 458 1148 'tamus
493 1106 681 1147 humum.
742 1107 904 1159 Tuque,
946 1121 991 1158 o,
1037 1106 1178 1149 dubiis
1213 1120 1266 1148 ne
1304 1106 1437 1148 defice
1476 1104 1618 1156 rebus,

297 1164 408 1205 Diva
444 1177 612 1217 parens.

673 1163 743 1205 Sic
780 1163 934 1206 effatus
969 1164 1152 1217 vestigia
1184 1164 1354 1217 pressit,

299 1221 543 1262 Observans
581 1234 692 1273 quae
730 1221 853 1274 signa
892 1220 1052 1272 ferant,
1095 1234 1179 1274 quo
1219 1221 1396 1263 tendere
1430 1221 1626 1273 pergant.

298 1278 529 1320 Pascentes
559 1277 662 1320 illae
698 1280 868 1320 tantum
907 1278 1083 1332 prodire
1111 1278 1309 1330 volando,

298 1404 458 1442 frangitur
497 1410 591 1440 atque
628 1406 719 1435 abies
759 1406 976 1435 consternitur
1017 1408 1095 1443 alta,

301 1452 404 1479 Pinus
430 1459 579 1486 proceras
605 1456 808 1489 pervortunt,
843 1460 936 1480 omne
961 1454 1098 1481 sonabat.

301 1497 480 1526 Arbustum
520 1497 648 1525 fremitu
692 1497 795 1526 silvai
838 1496 1027 1526 frondosar‘
1069 1501 1099 1526 et

303 1544 381 1570 Stat.
408 1543 505 1570 Theb.
530 1541 559 1577 6,
585 1539 648 1570 100
671 1551 738 1577 sqq.

351 1585 424 1615 183.
449 1595 511 1615 nec
544 1596 613 1616 uon
653 1586 695 1616 A.

301 1633 434 1662 venitur
458 1634 499 1661 ad
525 1632 682 1661 ratnuin.“
706 1635 737 1661 S.

352 1676 425 1706 184.
452 1675 654 1718 accingitur
677 1678 716 1707 cf.
742 1676 771 1714 4,
801 1676 874 1707 152.

352 1721 426 1752 185.
459 1720 602 1752 salutat
639 1732 715 1752 cum
753 1722 856 1753 corde
896 1732 958 1753 suo
996 1729 1031 1752 ut
1070 1721 1090 1751 8

303 1767 380 1797 522.
417 1769 469 1797 Sic
488 1770 569 1796 Sall.
587 1770 655 1802 lug.
674 1766 692 1795 6
719 1766 858 1798 volvere
884 1778 959 1797 cum
985 1766 1103 1797 animo

304 1823 378 1844 suo.
428 1814 493 1842 Cic.
521 1814 613 1842 Verr.
641 1812 676 1850 3,
703 1812 760 1850 12,
790 1812 831 1842 29
877 1812 1105 1843 Considerate

304 1868 380 1888 cum
408 1856 529 1887 vestris
553 1856 692 1887 animis.
740 1860 774 1887 in
800 1860 888 1888 Rull.
917 1857 954 1897 2,
981 1857 1042 1896 24,
1064 1858 1105 1888 64

758 1589 872 1625 „Bona
911 1588 1099 1617 oeconomia

307 1902 348 1934 Id
372 1901 517 1943 potestis
544 1912 619 1932 cum
642 1902 771 1933 animis
791 1902 914 1934 vestris
935 1903 1107 1945 cogitare.

305 1951 366 1978 Sed
392 1950 467 1978 dicit
493 1949 589 1978 etiam
615 1956 729 1978 secum
757 1948 859 1979 corde
885 1948 1044 1979 uolutare
1076 1948 1103 1987 1,

304 1994 359 2023 50.
379 1994 408 2028 ⁴,
424 1993 490 2022 533
515 1995 590 2023 sive
615 2002 730 2023 secum
756 1992 874 2024 auimo
899 1994 1059 2025 volutare
1074 1995 1104 2032 6,

306 2038 370 2069 157
402 2045 433 2068 et
455 2037 557 2069 corde
576 2037 735 2069 volutare
766 2039 816 2077 10,
844 2038 917 2069 159.
950 2039 999 2078 12,
1025 2039 1103 2070 843.

354 2083 427 2113 186.
448 2083 545 2122 forte
574 2087 616 2113 M.
643 2087 686 2114 al.
715 2087 746 2114 S.
768 2086 822 2120 qui
848 2090 973 2115 tamen:
1013 2088 1104 2123 „Va-

306 2136 355 2160 cat
378 2130 477 2169 forte
501 2134 533 2158 et
554 2135 601 2159 est
625 2138 744 2159 versus
767 2133 805 2160 de
829 2132 891 2169 his,
917 2133 972 2167 qui
998 2133 1103 2162 tibici-

306 2185 364 2204 nes
393 2180 567 2212 vocantur,
606 2176 724 2210 quibus
753 2178 881 2207 additur
913 2178 1038 2213 aliquid
1062 2180 1104 2207 ad

306 2224 410 2250 solam
435 2222 527 2250 metri
552 2222 851 2252 sustentationem.“
890 2220 993 2252 Forte
1015 2224 1103 2253 enim

306 2276 368 2296 11011
400 2268 641 2304 necessarium,
677 2276 779 2302 neque
804 2272 912 2297 tamen
943 2271 1101 2298 absonum

306 2317 353 2341 est
381 2312 459 2341 forte
484 2313 551 2341 fieri
572 2313 647 2349 dici,
674 2313 769 2342 cuius
790 2315 836 2342 rei
857 2321 1021 2351 caussam,
1047 2319 1104 2344 aut

306 2367 363 2387 cur
388 2367 424 2386 eo
449 2359 518 2393 ipso
544 2363 683 2393 tempore
706 2359 768 2394 fiat,
788 2368 852 2388 non
870 2360 1099 2396 intelligimus3

306 2408 485 2438 opportuna
506 2409 615 2432 autem
639 2411 679 2432 ea
704 2405 862 2442 precatio,
892 2405 947 2433 ubi
973 2414 1015 2434 ex
1042 2406 1103 2434 im—

308 2456 421 2478 mensa
445 2449 534 2477 silva
557 2457 642 2477 unus
666 2456 778 2477 ramus
801 2455 849 2478 est
873 2452 1038 2484 legendus.
1061 2466 1098 2469 —

314 2492 426 2528 l'occ,
453 2501 529 2530 ore,
555 2495 639 2528 quod
670 2496 817 2523 nonnulli
843 2496 918 2524 libri
944 2497 1036 2531 dant,
1061 2504 1102 2524 ex

307 2539 528 2568 emendatione
558 2544 616 2567 est.
672 2536 720 2567 Pl.
749 2544 777 2568 et
807 2537 867 2567 (r‘r.
896 2542 978 2568 delet
1008 2543 1038 2569 et
1058 2556 1103 2560 —

305 2587 484 2624 precatur,
507 2591 590 2619 quae
615 2584 696 2612 ratio
720 2589 767 2613 est
792 2585 1049 2620 simplicissima.

356 2628 429 2658 187.
456 2628 523 2665 „Si
546 2630 736 2659 adverbium
763 2631 908 2665 rogantis
936 2635 965 2659 et
990 2635 1101 2665 optan-

309 2675 349 2702 tis
375 2679 423 2703 est
449 2675 488 2704 cf.
515 2673 545 2712 8,
566 2673 643 2703 560.
676 2691 713 2694 -
746 2672 912 2713 Quando,
935 2676 1103 2712 siquidem,

307 2724 335 2748 et
363 2717 508 2748 nimium
533 2727 613 2748 vere
635 2728 707 2749 cum
731 2721 854 2755 ingenti
873 2722 955 2749 dixit
980 2722 1104 2758 affectu,

307 2766 403 2798 quasi
428 2773 516 2793 mors
539 2766 704 2800 praedicta
721 2765 809 2794 falsa
828 2774 902 2795 esse
927 2768 1104 2795 debuerit.“

307 2812 340 2882 ξ.
370 2826 433 2883 3Ῑ4
462 2808 593 2840 Arbore
625 2812 742 2840 addere
775 2819 856 2846 opus
884 2820 947 2840 11011
973 2816 1039 2841 erat
1067 2813 1106 2842 cf.

331 2877 338 2890 ,
438 2876 446 2883 .

356 2898 428 2928 190.
459 2897 628 2929 Geminae
651 2901 690 2930 cf.
716 2899 743 2937 1,
770 2899 843 2929 162.

356 2942 429 2973 191.
460 2942 541 2982 Ipsa
575 2943 636 2974 sub
665 2954 727 2975 ora
760 2944 927 2976 vertimus
958 2944 1106 2987 gerade,

307 2986 401 3018 dicht
438 2992 539 3018 miter
571 2988 627 3020 dic
658 2990 797 3031 Augen.
853 2988 931 3031 Ipse
963 3000 1003 3021 ea
1032 3001 1106 3022 esse

308 3034 541 3069 significatione
556 3037 666 3065 docent
683 3037 886 3073 grammatici
904 3042 933 3067 et
949 3040 1102 3074 exempla

1143 1404 1182 1443 2,
1212 1403 1288 1435 44².
1316 1403 1392 1434 469.
1419 1402 1495 1433 550.
1538 1402 1574 1441 3,
1602 1403 1632 1432 5.
1674 1401 1711 1441 8,
1746 1400 1831 1440 501,
1876 1403 1944 1431 alia

1143 1454 1247 1481 multa
1278 1456 1308 1481 et
1338 1453 1479 1480 aliorum
1512 1450 1714 1484 scriptorum.
1754 1464 1792 1468 —
1831 1446 1944 1488 „Ipsa

1145 1495 1205 1527 sub
1237 1505 1318 1529 ora.¹
1348 1498 1480 1532 perite:
1519 1504 1559 1524 ne
1583 1496 1613 1524 si
1638 1495 1769 1531 longius
1795 1496 1944 1523 volarent

1144 1551 1208 1572 non
1242 1544 1283 1572 ad
1322 1551 1395 1572 eum
1426 1541 1586 1577 pertinere
1617 1541 1814 1569 viderentur.
1862 1541 1943 1568 Nam

1145 1589 1245 1618 moris
1283 1592 1368 1625 erat,
1410 1592 1442 1616 ut
1477 1591 1646 1621 captantes
1685 1586 1825 1622 augurla
1857 1590 1945 1614 certa

1148 1634 1211 1663 sibi
1241 1634 1352 1668 spatia
1385 1633 1607 1669 designarent,
1644 1632 1762 1666 quibus
1795 1633 1945 1660 volebant

1148 1680 1288 1708 videnda
1308 1681 1349 1708 ad
1370 1687 1405 1707 se
1427 1675 1619 1713 pertiiiere.“
1639 1679 1672 1706 S.

1198 1722 1272 1752 192.
1297 1722 1416 1753 sedere
1436 1724 1474 1753 cf.
1500 1720 1553 1761 10,
1579 1720 1656 1752 301.

1200 1768 1273 1798 193.
1301 1770 1476 1798 Columbae
1499 1774 1591 1798 erant
1617 1768 1737 1797 Veneri
1759 1774 1885 1803 sacrae,
1915 1773 1946 1797 et

1150 1817 1371 1844 columbarum
1404 1817 1530 1844 clarum
1563 1818 1633 1844 erat
1664 1815 1745 1842 illud
1776 1816 1946 1843 oraculum

1152 1862 1371 1889 Dodonaeum.

1203 1903 1276 1934 195.
1311 1903 1375 1934 Ubi
1391 1910 1448 1935 etc.
1470 1902 1650 1941 explicant:
1675 1905 1731 1934 ubi
1753 1912 1865 1934 ramus
1889 1905 1946 1933 ille

1150 1959 1270 1981 aurens
1297 1956 1362 1987 est;
1394 1954 1528 1980 haerent
1555 1956 1661 1980 tamen
1689 1951 1723 1979 in
1751 1959 1832 1980 voce
1860 1959 1944 1990 opa-

1150 2000 1226 2034 cat,
1272 1999 1354 2032 quod
1392 2005 1478 2026 unus
1514 2004 1626 2026 ramus
1664 2005 1727 2025 non
1765 1997 1869 2032 possit
1900 1997 1944 2025 ita

1149 2050 1288 2077 opacare
1318 2047 1446 2072 terram.
1495 2043 1540 2072 At
1570 2044 1605 2071 in
1636 2045 1697 2072 hac
1729 2043 1946 2077 explicatione

1150 2089 1359 2123 perstandum
1393 2093 1450 2117 est.
1504 2089 1585 2117 Alia
1614 2089 1743 2124 quidem
1774 2092 1824 2117 est
1853 2088 1946 2126 ratio,

1149 2141 1213 2168 qua
1244 2134 1396 2163 vertitur:
1433 2134 1525 2171 Hier,
1562 2142 1618 2163 wo
1642 2135 1748 2162 Baum
1773 2140 1817 2162 an
1841 2134 1946 2162 Baum

1148 2187 1210 2208 aus
1245 2177 1392 2215 tipp'gem
1426 2180 1536 2208 Boden
1573 2179 1678 2215 steigt.
1724 2178 1795 2208 'Sed
1826 2186 1946 2208 ramus

1147 2233 1203 2260 pro
1236 2222 1359 2261 arbor,
1403 2222 1500 2253 diues
1537 2232 1592 2259 pro
1628 2223 1793 2263 frequens
1827 2225 1946 2254 dictum

1148 2279 1211 2299 non
1238 2270 1321 2298 satis
1345 2269 1534 2298 defenditur.
1562 2271 1670 2304 Neque
1689 2271 1822 2299 densam
1847 2278 1946 2305 quae-

1147 2316 1189 2344 rit
1210 2316 1332 2344 silvam
1357 2316 1414 2345 sed
1437 2315 1533 2344 illum
1549 2322 1684 2344 aureum
1709 2322 1843 2345 ramum.
1892 2313 1944 2344 Pl.

1148 2369 1203 2395 pro
1252 2368 1372 2389 ramus
1416 2361 1502 2389 coni.
1545 2358 1660 2390 arbor.
1709 2376 1748 2381 —-
1798 2359 1947 2402 dirigite

1148 2403 1275 2444 Μγ2110,
1302 2402 1456 2446 ‹lerigite
1480 2404 1576 2445 PRyl
1608 2415 1670 2436 rec.
1700 2404 1763 2436 Rb.
2008 2423 2009 2436 t

1199 2448 1272 2478 196.
1300 2448 1417 2489 defice.
1466 2452 1534 2480 Tib.
1567 2450 1603 2489 3,
1635 2449 1676 2487 4,
1708 2450 1750 2479 20
1795 2449 1946 2481 Somnus
2006 2484 2008 2493 ‚

1147 2493 1317 2523 sollicitas
1341 2493 1458 2535 deficit
1483 2497 1566 2526 ante
1588 2495 1720 2526 domos.
1760 2495 1948 2533 Definimus

1150 2549 1234 2575 eum,
1253 2541 1306 2570 cui
1331 2542 1493 2571 auxilium
1518 2551 1582 2570 non
1608 2543 1751 2579 ferimuS,
1779 2545 1861 2578 quod
1884 2552 1944 2572 ex-

1148 2591 1286 2621 spectan
1322 2587 1360 2615 cf.
1399 2585 1533 2622 deesse,
1577 2585 1685 2628 longe
1719 2597 1791 2617 esse
1825 2585 1944 2617 alif-ui.

1156 2628 1387 2660 Deseizuimus
1413 2641 1502 2669 enm,
1537 2634 1589 2662 cui
1617 2634 1779 2663 auxilium
1808 2634 1945 2668 promis-

1148 2684 1221 2705 sum
1246 2685 1308 2705 non
1333 2682 1547 2712 praestamus.
1565 2694 1603 2698 —
1631 2687 1674 2708 uc
1692 2677 1798 2718 defice
1810 2679 1848 2707 cf.
1866 2676 1943 2707 544.

1200 2720 1272 2750 197.
1299 2720 1448 2761 effatus.-
1471 2724 1628 2761 „Proprie
1657 2721 1765 2762 effata
1787 2728 1861 2752 sunt
1885 2732 1944 2753 au·
2002 2727 2004 2731 ’

1149 2775 1263 2802 gnrum
1294 2766 1437 2802 preces.“
1471 2771 1503 2798 S.
1537 2784 1574 2788 —
1615 2766 1778 2809 Vcsla‘gia
1805 2767 1944 2807 pressit,

1153 2813 1294 2841 constitit
1325 2813 1366 2842 cf.
1400 2822 1432 2842 v.
1459 2812 1542 2851 546,
1582 2814 1681 2849 „quia
1712 2815 1752 2842 ad
1784 2816 1944 2848 captanda

1152 2858 1291 2893 auguria
1317 2862 1386 2892 post
1411 2867 1523 2893 preces
1547 2859 1728 2887 immobiles
1752 2861 1807 2887 vel
1832 2861 1944 2890 sedere

1152 2905 1207 2931 vel
1229 2907 1317 2932 stare
1341 2902 1568 2933 consuerant.‘⁶
1593 2905 1626 2932 S.

1203 2945 1274 2976 199.
1300 2950 1441 2984 Pergunt
1478 2951 1660 2983 columbae,
1701 2953 1736 2977 ut
1769 2949 1798 2978 si
1836 2950 1944 2979 cibum

1151 2997 1319 3031 quaerunt,
1342 2995 1466 3023 sensim
1491 2995 1676 3029 sensimque
1700 2995 1945 3030 progrediuntur

1149 3043 1180 3068 et
1198 3041 1302 3069 eundo
1323 3044 1353 3068 et
1372 3041 1531 3077 volando;
1555 3048 1659 3076 neque
1681 3043 1789 3069 tamen
1811 3041 1943 3077 longius
