2023 3350
271 122 352 162 210

834 119 870 151 P.
904 119 1099 152 VIRGILII
1134 119 1345 154 MAROMS

271 231 446 273 Finibus
484 231 686 281 extorris,
734 230 959 283 complexu
990 230 1161 272 avolsus
1200 230 1292 282 Iuli,

272 289 490 330 Auxilium
529 288 749 341 imploret,
794 287 1024 340 videatque
1063 287 1240 341 indigna
1273 300 1449 329 suorum

273 347 459 395 Funcra;
502 358 597 395 nec,
640 357 770 396 quum
806 357 851 386 se
892 343 972 385 sub
1002 344 1118 397 leges
1153 345 1272 397 pacis
1312 344 1489 397 iniquae

276 400 538 452 'l'radiderit,
579 414 710 454 regno
747 404 823 442 aut
863 404 1016 454 optata
1052 401 1148 441 luce
1188 400 1381 452 fruatur-3

275 457 358 499 Sed
400 457 529 499 cadat
562 461 662 499 ante
700 456 833 509 diem,
880 457 1107 511 mediaque
1143 457 1391 498 inhumatus
1429 471 1573 499 arena.

273 629 480 670 Exercete
518 627 646 679 odiis3
691 628 909 682 cinerique
943 629 1050 670 haec
1087 628 1248 669 mittite
1287 631 1438 668 nostro

274 685 464 726 Munera.

273 742 481 783 Exoriare
521 742 678 795 aliquis
713 743 871 785 nostris
909 757 962 784 ex
998 741 1165 784 ossibus
1198 741 1326 791 ultor,

275 799 357 849 Qui
392 798 485 840 face
520 799 767 841 Dardanios
805 799 1009 853 ferroque
1044 813 1227 852 sequare
1260 798 1451 840 colonos.

274 857 414 907 Nunc,
459 855 581 908 olim,
628 870 883 911 quocunque
923 857 1088 899 dabunt
1127 870 1171 898 se
1206 859 1401 908 tempore
1438 854 1562 906 vires,

274 914 424 955 Litora
457 913 656 955 litoribus
699 914 936 966 contraria,
978 912 1179 956 fluctibus
1214 913 1351 954 undas

1830 458 1913 497 620

274 515 391 555 Haec
426 527 598 567 precor,
639 514 749 556 hanc
783 528 930 556 vocem
969 519 1205 556 extremam
1241 528 1338 554 cum
1370 515 1573 567 sanguine
1605 513 1752 556 fundo.

273 572 378 613 Tum
418 584 509 623 vos,
557 585 580 612 o
623 571 757 625 Tyrii,
802 572 983 626 stirpem
1023 575 1065 613 et
1104 584 1236 624 genus
1276 584 1399 612 omne
1436 571 1627 613 futurum

523 685 676 726 Nullus
716 699 839 727 amor
872 686 1062 740 populis,
1108 698 1187 726 nec
1228 684 1406 726 foedera
1446 688 1586 726 sunto.

1831 742 1914 780 625

275 971 515 1024 Imprecor,
557 985 679 1012 arma
717 971 869 1023 armis3
913 975 1105 1025 pugnent
1143 971 1311 1024 ipsique
1345 971 1619 1022 nepotesque.
1833 1024 1916 1063 630

390 1027 508 1069 Haec
542 1029 623 1080 ait,
666 1031 709 1070 et
742 1032 890 1082 partes
924 1030 1114 1070 animum
1150 1027 1351 1069 versabat
1382 1026 1427 1067 in
1468 1038 1626 1075 omnes,

322 1152 398 1183 616.
415 1151 553 1193 finibus
576 1152 734 1184 ostonis.
783 1156 920 1185 Coactus
945 1160 993 1185 est
1019 1157 1073 1185 de-

277 1201 387 1229 cedere
424 1209 440 1228 e
471 1201 564 1229 Latio
600 1206 629 1229 et
656 1201 802 1229 Evandri
833 1202 1074 1235 Tuscorumque

278 1246 450 1280 implorare
495 1246 672 1283 auxilium,
723 1246 835 1275 relicto
877 1247 910 1275 in
956 1248 1074 1276 castris

278 1291 436 1320 Ascanio.

323 1344 399 1374 617.
432 1343 558 1375 Videat
583 1343 736 1387 indigna
763 1356 901 1377 suorum
928 1347 1074 1387 funera,

279 1392 466 1428 „Pallantis
493 1392 569 1421 dicit
594 1397 622 1421 et
648 1391 856 1422 ceterornm.“
883 1395 914 1422 S.

324 1446 399 1476 613.
427 1449 633 1477 Conditiones
662 1450 753 1483 pacis
785 1450 922 1478 Troiano
953 1449 1074 1478 nomini

283 1494 412 1528 iniquas
438 1494 512 1522 vide
535 1492 585 1530 12,
610 1492 686 1523 823.

324 1547 399 1578 619.
426 1557 487 1578 nec
515 1556 625 1589 regno
647 1549 805 1587 fruatur.
839 1551 978 1587 „Tribus
1003 1555 1075 1580 tan-

279 1599 344 1623 tum
375 1595 472 1623 annis
499 1596 665 1630 regnavit;
707 1596 741 1624 in
765 1596 856 1624 tertio
881 1604 966 1625 anno
997 1599 1073 1626 sub-

279 1648 406 1669 mersus
440 1641 473 1668 in
504 1640 601 1669 fluvio
628 1639 795 1670 Numico.“
835 1643 866 1670 S.

280 1693 366 1714 neve
396 1682 446 1722 12,
474 1683 551 1714 801.

325 1739 400 1769 620.
429 1739 519 1771 Ante
542 1739 631 1771 diem
657 1747 691 1771 ut
715 1740 779 1770 620
814 1748 909 1777 „ante
935 1743 994 1772 fati
1019 1751 1076 1771 ne-

279 1785 484 1815 cessitate111“
512 1789 542 1815 S.
569 1792 676 1822 pereat
700 1792 800 1817 morte
820 1789 974 1817 violenta.
1023 1789 1075 1817 Ad

280 1840 345 1860 rent
370 1831 408 1860 cf.
443 1829 467 1866 t,
487 1829 562 1860 259.
611 1835 661 1862 Ex
688 1830 796 1863 cadat
822 1834 918 1862 facile
949 1835 990 1862 ad
1023 1831 1076 1862 ἰη-

279 1874 446 1906 humatus
474 1879 642 1912 suppletur
673 1875 717 1907 sil
748 1878 787 1907 cf.
821 1879 860 1914 5,
889 1877 962 1907 362.
1018 1875 1075 1908 Gt.

278 1922 361 1950 coni.
387 1919 568 1961 iacentque
587 1931 642 1957 pro
668 1920 865 1962 mediaque,
891 1928 920 1951 et
940 1921 992 1952 Pl.
1019 1925 1075 1952 ad-

279 1967 322 1994 dit
348 1967 587 1996 hemistichium
615 1964 754 1996 Praeda
775 1966 865 2006 seris
889 1965 1025 1998 iaceat!

325 2021 400 2051 621.
426 2031 541 2052 vocem
575 2031 651 2052 cum
681 2021 869 2064 sanguine.
916 2024 963 2052 De
992 2030 1078 2053 stru-

280 2072 371 2097 ctura
410 2068 448 2096 cf.
477 2065 513 2104 2,
547 2065 600 2096 72.
661 2069 784 2106 „Quasi
830 2070 1076 2104 imprecationes

282 2113 371 2147 ipsas
396 2121 454 2141 suo
477 2119 675 2142 consecraret
699 2115 890 2149 sanguine.“
918 2117 948 2142 S.
994 2118 1076 2144 San-

280 2159 371 2193 guini
403 2159 488 2186 enim
520 2165 640 2194 magna
672 2159 868 2188 tribuebatur
907 2160 977 2195 vis,
1022 2161 1077 2189 sed

282 2204 424 2231 maxima
451 2204 483 2231 in
509 2204 634 2232 artibus
658 2205 803 2240 magicis.
842 2207 982 2240 Scythae
1007 2206 1074 2234 soe-

280 2249 355 2276 dera
388 2249 559 2284 sanguinis
592 2257 633 2278 ex
667 2250 906 2283 paciscentibus
935 2251 1075 2286 exempti

280 2298 307 2321 et
334 2294 481 2327 permixti
506 2296 624 2322 haustu
648 2295 834 2324 sanciebant
868 2298 955 2324 Mela
982 2295 1012 2333 2,
1043 2293 1072 2324 1.

281 2339 366 2366 Idem
394 2339 467 2367 fecit
496 2339 640 2368 Catilina
665 2342 745 2368 Sall.
775 2339 828 2376 22,
858 2341 913 2368 ubi
938 2342 1075 2377 sangui-

281 2392 351 2411 nem
377 2385 481 2413 bibere
506 2392 661 2420 magnum
686 2388 820 2414 habetur
845 2386 982 2415 facinus.

327 2438 401 2468 622.
432 2437 600 2470 Exercere
626 2437 732 2476 odiis,
760 2441 799 2470 cf.
829 2439 858 2477 3,
886 2440 959 2470 102.

327 2493 402 2524 624.
434 2492 594 2524 Munera.
642 2497 677 2524 Id
701 2503 719 2524 a
742 2497 836 2525 vohis
865 2498 1073 2532 exoptatissi-

281 2549 366 2569 mum
393 2549 510 2569 munus
536 2542 611 2575 erit,
649 2541 678 2569 si
703 2543 743 2570 ad
769 2550 818 2570 me
843 2543 975 2571 nuntius
1002 2551 1073 2577 per-

281 2587 367 2620 petui
400 2586 502 2614 vestri
532 2586 564 2614 in
587 2587 750 2614 Romanos
781 2586 845 2615 odii
878 2589 1071 2621 pervenerit.

282 2632 434 2659 Placatur
465 2632 550 2659 enim
583 2632 693 2660 anima
725 2632 846 2660 ultione
877 2632 915 2661 cf.
945 2631 1010 2661 386
1044 2638 1072 2661 et

288 2676 344 2711 11,
380 2674 451 2703 180.
512 2677 651 2705 Umbrae
686 2681 792 2705 autem
831 2685 882 2704 res
920 2678 952 2705 in
989 2682 1073 2707 terra

281 2726 373 2748 actas
406 2725 517 2749 curant
549 2721 586 2750 cf.
616 2720 646 2759 6,
673 2720 737 2749 690
760 2729 806 2756 sq.
845 2736 882 2741 —
914 2730 974 2750 nec
996 2724 1073 2760 soe-

283 2762 367 2793 dera
391 2767 502 2794 sunto.
537 2768 666 2801 Semper
688 2769 795 2795 hostes
818 2771 909 2795 erant
933 2768 1072 2797 Romani

282 2814 311 2837 et
336 2811 638 2849 Carthaginienses,
678 2820 779 2846 neque
803 2812 963 2841 foederum
991 2814 1072 2842 inter

282 2862 338 2882 eos
364 2856 432 2883 ulla
456 2855 531 2883 fides
553 2861 630 2885 erat.

923 1639 991 1672 Nec
1019 1650 1074 1677 pro

328 2907 403 2938 625.
429 2908 586 2939 exortura
620 2909 762 2951 aliquis.
818 2914 965 2941 Secunda
1000 2922 1072 2948 per-

282 2963 360 2983 sona
385 2955 526 2991 iungitur
550 2957 728 2990 pronomini
746 2954 889 2996 aliquit,
915 2960 997 2992 qnod
1022 2962 1071 2987 al-

282 3000 422 3033 loquitur
447 3008 537 3038 eum,
575 3002 629 3035 qui
657 3002 765 3037 qualis
790 3003 919 3032 futurus
948 3004 992 3033 sit
1015 3013 1071 3034 ne-

1122 1155 1193 1184 scit.
1239 1154 1286 1183 ef.
1309 1156 1361 1182 Gr.
1387 1153 1408 1189 g
1437 1149 1501 1181 241
1528 1156 1559 1181 et
1582 1153 1658 1180 Hor.
1682 1151 1717 1180 C.
1739 1148 1770 1187 3,
1794 1147 1849 1188 27,
1873 1146 1915 1178 51

1127 1197 1155 1228 0
1179 1197 1319 1228 deornm
1347 1197 1376 1227 si
1401 1196 1477 1237 quis
1501 1195 1587 1226 haec
1610 1193 1724 1225 andis.
1756 1197 1828 1224 Ter.
1853 1196 1917 1224 Ad.

1121 1243 1151 1281 4,
1170 1242 1200 1281 4,
1217 1242 1258 1272 26
1286 1241 1426 1283 Aperite
1447 1239 1577 1282 aliquis
1599 1243 1754 1271 actutum
1777 1238 1917 1270 ostium.

1124 1305 1162 1309 —-
1197 1290 1413 1318 Hannibalem
1440 1287 1636 1323 significari,
1674 1295 1737 1315 non
1762 1290 1811 1315 est
1835 1287 1918 1321 quod

1122 1343 1318 1364 moneamus.
1388 1331 1441 1362 Pl.
1483 1333 1700 1362 Hannibalem
1737 1339 1758 1360 a
1794 1332 1919 1360 Didone

1123 1385 1225 1409 ortum
1261 1388 1334 1408 esse
1359 1387 1498 1416 negans,
1535 1378 1680 1413 proponit
1708 1375 1774 1406 Es.
1799 1385 1832 1406 a.
1856 1385 1918 1406 πο-

1120 1423 1202 1455 stris
1237 1422 1316 1453 hinc
1350 1422 1482 1453 ossibus
1520 1433 1555 1454 u.
1616 1424 1676 1451 Sed
1708 1430 1749 1451 ex
1786 1419 1920 1451 ossibus

1124 1473 1221 1505 probe
1240 1471 1374 1505 dictum3
1404 1476 1479 1498 nam
1506 1468 1601 1503 quasi
1622 1476 1664 1497 ex
1688 1468 1794 1503 ipsius
1818 1475 1918 1496 mem-

1121 1516 1188 1544 bris
1220 1515 1365 1550 reparari
1399 1516 1466 1543 vult
1500 1514 1643 1548 aliquem
1681 1513 1734 1542 sui
1765 1515 1917 1549 ultorem3

1122 1569 1185 1589 non
1212 1561 1319 1596 agitur
1344 1562 1381 1588 de
1409 1567 1489 1589 vera
1518 1559 1733 1595 generatione.
1781 1559 1917 1588 Acutior

1121 1607 1218 1635 etiam
1252 1603 1329 1643 Gt.,
1352 1606 1407 1640 qui
1431 1614 1486 1640 pro
1514 1612 1554 1634 ex
1580 1606 1633 1633 dat
1654 1601 1735 1634 rex!

1166 1650 1242 1680 626.
1273 1648 1361 1680 Face
1387 1649 1551 1690 ferroque
1580 1658 1637 1684 pro
1668 1649 1799 1686 vulgari
1818 1647 1918 1688 ferro

1122 1699 1153 1726 et
1178 1694 1269 1736 igni.

1170 1740 1245 1770 627.
1273 1742 1376 1776 Quum
1400 1742 1537 1769 ultorem
1560 1741 1753 1769 advocasset
1776 1740 1858 1768 Dido
1884 1747 1916 1768 v.

1122 1785 1197 1815 625.
1223 1786 1251 1815 6.
1275 1788 1339 1815 iam
1365 1790 1553 1821 perpetuum
1571 1782 1698 1824 (nunc,
1716 1782 1831 1822 olim)
1857 1785 1917 1813 im-

1122 1836 1251 1867 precata
1275 1836 1323 1860 est
1348 1832 1506 1860 Romanis
1534 1835 1563 1859 et
1591 1830 1917 1865 Carthaginiensibus

1122 1879 1246 1906 bellum
1276 1882 1341 1905 tam
1367 1884 1451 1913 acre,
1477 1881 1511 1905 ut
1534 1877 1589 1904 vel
1614 1877 1762 1904 inanima
1785 1876 1918 1904 hostilia

1122 1924 1202 1959 sint,
1239 1922 1372 1959 (litera,
1405 1922 1532 1958 fluctus,
1562 1922 1674 1957 arma)
1704 1921 1830 1956 {Nonne
1852 1921 1917 1949 Ro-

1124 1968 1211 1997 mani
1250 1970 1403 1996 vetabant
1444 1976 1484 1995 ne
1524 1967 1558 1994 in
1597 1968 1666 1996 loco
1709 1967 1916 2001 Carthaginis

1128 2020 1215 2041 nova
1240 2016 1316 2041 urbs
1345 2014 1546 2049 conderetur,
1581 2016 1615 2040 ut
1644 2014 1749 2042 locum
1773 2016 1839 2040 tam
1859 2010 1917 2040 ad-

1124 2066 1256 2087 versum
1287 2061 1453 2095 haberent,
1496 2066 1537 2086 ex
1564 2065 1625 2091 quo
1654 2058 1710 2092 qui
1742 2058 1918 2086 incolerent

1125 2104 1210 2138 (ipsi
1243 2104 1329 2132 enim
1362 2103 1649 2139 Carthaginienses
1680 2107 1770 2132 erant
1800 2103 1915 2138 deleti]

1124 2149 1290 2178 inimicum
1313 2149 1347 2177 in
1365 2150 1529 2177 Romanos
1555 2148 1700 2176 animum
1721 2147 1914 2184 haurirent]

1124 2195 1265 2223 maxime
1288 2198 1395 2223 autem
1418 2193 1562 2222 animati.
1611 2195 1650 2221 Et
1675 2201 1772 2222 versu
1798 2195 1916 2228 hyper-

1120 2244 1218 2269 metro
1245 2240 1265 2268 i.
1301 2248 1328 2268 e.
1358 2239 1480 2267 infinito
1507 2239 1587 2267 Dido
1611 2238 1731 2267 indicat
1753 2239 1916 2267 inimicia-

1121 2293 1191 2314 rum
1218 2293 1253 2313 se
1277 2288 1396 2314 certum
1419 2284 1512 2312 finem
1535 2285 1708 2317 deprecari.
1753 2281 1806 2312 Pl.
1831 2284 1914 2313 coni.

1119 2327 1266 2369 natique
1299 2325 1577 2368 nepotesques!)
1618 2344 1655 2348 —
1701 2326 1845 2358 Dabunt
1880 2336 1917 2358 se

1120 2373 1211 2403 vires
1235 2379 1267 2402 ut
1292 2375 1365 2402 Liv.
1385 2372 1438 2409 28,
1457 2374 1475 2401 5
1502 2371 1683 2413 pollicitus
1703 2377 1807 2414 prout
1832 2377 1916 2403 tem-

1117 2428 1184 2458 pus
1209 2428 1250 2448 ac
1279 2427 1333 2447 res
1358 2427 1393 2448 se
1421 2417 1537 2454 daret,
1577 2417 1735 2448 omnibus
1760 2416 1917 2449 laturum

1121 2472 1155 2492 se
1179 2462 1364 2502 auxilium,
1386 2468 1415 2493 et
1439 2466 1508 2493 Ter.
1526 2466 1603 2494 Hec.
1627 2463 1657 2502 3,
1681 2463 1710 2501 3,
1735 2463 1777 2492 20
1800 2466 1840 2494 ut
1860 2472 1917 2494 res

1120 2506 1208 2538 dant
1258 2517 1339 2538 sese.
1419 2511 1531 2545 Itaque
1583 2511 1711 2544 quando
1758 2514 1915 2546 poterunt,

1121 2558 1277 2590 pugnent;
1310 2556 1435 2589 quando
1457 2556 1546 2584 vires
1572 2556 1822 2593 resumpserint,
1855 2555 1915 2583 ite-

1121 2608 1192 2628 rum
1232 2604 1371 2634 pugnent
1413 2601 1539 2635 etvipsi
1579 2604 1609 2628 et
1643 2605 1790 2637 nepotes,
1831 2608 1916 2629 neve

1120 2652 1260 2679 unquam
1286 2646 1378 2680 pacis
1396 2644 1543 2674 fruantur
1569 2646 1745 2675 dulcedine.
1783 2647 1821 2674 In
1842 2642 1914 2686 ipsi

1119 2695 1167 2718 est
1194 2687 1373 2719 Dardanii
1401 2695 1431 2719 et
1460 2687 1568 2730 Tyrii.

1165 2765 1230 2797 630
1246 2783 1287 2787 -
1304 2766 1380 2797 662.
1430 2765 1556 2798 Ultima
1580 2765 1729 2798 Didonis
1753 2764 1867 2798 verba.

1166 2822 1241 2852 630.
1268 2825 1407 2861 Barcen,
1447 2833 1530 2859 quae
1564 2827 1669 2861 adest,
1709 2825 1837 2854 dimittit
1873 2827 1913 2855 ad

1118 2870 1251 2898 Annam
1291 2871 1519 2899 arcessendam
1560 2877 1750 2904 sacrumque
1795 2878 1913 2905 paran-

1119 2916 1209 2946 dum,
1234 2919 1267 2942 ut
1292 2917 1364 2943 sola
1388 2919 1473 2944 esset
1499 2915 1624 2949 sibique
1648 2920 1757 2950 posset
1781 2922 1912 2946 mortem

1118 2960 1244 2987 inferre.
1279 2975 1324 2980 —
1347 2962 1468 2999 partes
1491 2957 1646 2989 animum
1670 2968 1702 2989 v.
1728 2958 1764 2990 in
1786 2970 1816 2991 ο.
1861 2963 1912 2990 si-

1119 3004 1211 3034 milia
1235 3006 1275 3033 ad
1299 3004 1330 3043 5,
1355 3002 1431 3034 418.
