2023 3350
689 99 924 135 AENEIDOS
953 104 1036 136 LIB.
1064 104 1139 136 ΧΠ.

1646 108 1732 145 597

95 214 282 256 Adiuvat
319 214 485 256 incessu
519 212 653 254 tacito
695 227 947 268 progressus
979 220 1022 257 et
1059 230 1178 258 aram

96 271 356 326 Suppliciter
389 284 593 312 venerans
629 270 814 313 demisso
853 272 1010 315 lumine
1052 273 1228 324 Turnus,

1653 277 1734 316 220

94 329 390 389 Tabentesque
429 341 563 381 genae
600 331 643 369 et
686 329 873 371 iuvenali
914 331 956 372 in
995 345 1173 385 corpore
1207 333 1360 386 pallor.

92 390 224 438 Quem
263 385 387 427 simul
422 399 473 426 ac
509 385 690 426 Iuturna
731 401 853 429 soror
892 387 1158 430 crebrescere
1197 390 1304 431 vidit

93 445 336 487 Sermonem
374 446 416 484 et
456 442 569 495 volgi
606 444 774 486 variare
809 445 1002 487 labantia
1043 445 1190 487 corda:

90 502 141 544 In
176 500 338 542 medias
380 499 515 551 acies,
555 500 738 543 formam
772 503 1030 545 adsimulata
1066 504 1271 554 Camerti,
1300 529 1352 532 -—

91 559 169 602 Cui
207 571 338 611 genus
376 571 402 598 a
440 559 610 621 proavis
653 559 820 613 ingens,
862 561 1109 613 clarumque
1149 565 1356 613 paternae
1649 563 1730 603 225

89 616 251 658 Nomen
278 618 381 679 ‘erat
424 616 616 667 v1rtutis,
657 621 699 658 et
739 618 832 673 ipse
866 619 1098 659 acerrimus
1138 619 1268 659 armis
1293 643 1349 648 -

89 674 139 715 In
175 671 338 714 medlas
381 672 456 713 dat
493 687 584 715 sese
623 675 753 727 acies,
796 675 912 717 haud
943 676 1086 717 nescia
1120 690 1274 727 rerum,

88 731 380 784 Rumoresque
421 731 525 772 serit
559 733 720 783 varios,
759 748 810 774 ac
850 733 956 774 talia
996 733 1129 774 fatur:

86 787 183 829 Non
223 787 374 841 pudet⁷
411 802 434 829 0
473 789 636 839 Rutuli,
673 805 750 844 pro
790 791 953 832 cunctis
996 791 1156 832 talibus
1193 803 1319 830 unani

85 845 314 887 Obiectare
348 846 566 887 animam?
606 862 837 890 numer-one
872 863 926 889 an
966 848 1125 890 viribus
1165 847 1288 900 aequi

83 903 178 945 Non
219 904 394 945 sumus?
433 904 520 956 En,
560 919 704 947 omnes
743 910 785 947 et
824 906 954 948 Troes
996 910 1037 948 et
1078 905 1268 947 Arcades
1304 903 1348 946 hi
1384 906 1494 953 sunt,

83 1090 156 1120 eius
183 1098 262 1119 esse
289 1091 402 1120 volunt
435 1088 572 1120 ‘rm-nn,-
595 1094 624 1121 εἰ
647 1091 792 1122 Aeneas.
819 1102 881 1122 non

86 1133 224 1166 Rutuli.
275 1139 388 1170 Neque
412 1142 519 1166 tamen
545 1139 607 1166 iam
632 1144 767 1167 certant.
818 1140 882 1168 Alii

83 1179 217 1211 viribus
256 1180 379 1222 aequis
423 1185 614 1212 trahendum
658 1190 794 1213 censent
840 1187 880 1213 ad

80 1236 225 1269 pugna:
249 1235 320 1257 eam
346 1228 501 1264 iniquam,
527 1230 680 1264 imparem
709 1238 787 1258 esse
813 1232 880 1258 Ru-

82 1275 170 1302 tulos
206 1274 404 1311 inlelligere,
447 1283 543 1309 quum
577 1277 714 1310 propius
746 1282 879 1304 cernunt

82 1320 167 1348 duos
203 1322 390 1349 bellatores.
439 1321 480 1349 At
513 1322 595 1349 idem
636 1327 745 1357 esset,
793 1324 876 1356 quod

81 1373 113 1394 v.
141 1364 207 1394 216
231 1363 347 1405 impar
372 1373 413 1394 ea
438 1374 576 1406 pugna.
628 1367 685 1395 His
712 1367 801 1395 tricis
830 1368 879 1396 fa-

82 1411 202 1441 cillime
227 1411 360 1440 exsolvi
386 1412 537 1440 videniur
555 1413 586 1447 ii,
611 1413 664 1447 qui
686 1420 821 1441 versum
848 1418 882 1441 et

83 1457 280 1486 sententiam
316 1458 538 1492 imperfectam
571 1462 600 1485 et
646 1466 713 1486 non
748 1455 878 1486 viribus

81 1500 203 1543 aequis
239 1511 283 1531 ex
319 1503 404 1532 locis
446 1503 521 1531 aliis
549 1503 609 1538 (cf.
639 1503 676 1539 τ’),
700 1502 776 1531 809.
827 1502 876 1539 10,

79 1548 157 1578 357.
171 1547 257 1584 431]
279 1550 319 1577 ab
352 1549 416 1577 alio
436 1548 594 1577 intrusum
617 1557 695 1577 esse
714 1550 875 1578 dixerunt.

79 1595 134 1624 Sic
164 1590 214 1623 Pi.
239 1594 360 1623 Contra
389 1592 449 1622 Hb.
474 1595 691 1630 „sententiam
731 1603 796 1623 non
835 1597 874 1624 ad

79 1641 172 1670 finem
198 1641 387 1675 perductam
413 1640 516 1668 esse“
545 1645 644 1676 putat.
686 1642 799 1669 Restat
827 1646 877 1669 ta-

81 1695 154 1716 men
187 1687 300 1714 eadem
335 1685 530 1723 difficultas3
575 1694 648 1715 nam
679 1687 708 1715 si
741 1687 814 1721 quis
847 1692 876 1714 et

80 1733 275 1762 sententiam
310 1736 340 1760 et
371 1739 504 1761 versum
535 1735 672 1767 explere
703 1732 735 1760 in
769 1732 876 1760 animo

79 1780 238 1814 habebat,
283 1785 341 1806 cur
366 1785 431 1806 non
458 1778 538 1806 dixit
564 1786 632 1806 non
659 1774 790 1806 viribus
815 1786 874 1806 ae-

80 1833 166 1865 quos
191 1828 245 1852 aut
275 1830 422 1863 aequum
451 1828 506 1852 aut
534 1831 700 1863 aequum,
733 1828 763 1851 ut
789 1829 878 1851 certe

81 1871 156 1905 quid
183 1871 281 1898 vellet
305 1869 573 1905 intelligeremus.
614 1870 691 1897 Eius
716 1874 804 1898 certe
825 1869 878 1903 qui

81 1917 264 1950 complebat
290 1919 358 1943 erat
393 1920 506 1949 aperte
542 1915 648 1952 loqui,
685 1916 877 1949 praesertim

81 1969 179 1996 quum
222 1966 286 1989 tam
330 1960 427 1989 facile
470 1965 596 1996 posset.
657 1961 807 1989 Ceterum
851 1961 878 1989 si

88 2004 185 2048 ufg„
211 2006 288 2045 „qui
306 2004 418 2041 legit‚“
440 2006 553 2042 inquit,
580 2008 700 2042 „velim
723 2007 880 2035 memine-

80 2054 138 2091 rit,
175 2053 207 2081 in
234 2061 268 2081 re
295 2054 410 2089 plana,
439 2057 469 2080 ut
497 2055 579 2081 haec
607 2057 674 2086 est,
713 2061 776 2081 nen
804 2060 878 2081 raro

80 2104 214 2129 veteres
261 2098 443 2133 scriptores
488 2099 596 2126 minus
635 2106 763 2134 curare,
814 2106 877 2133 quo

81 2146 189 2181 modo,
231 2152 326 2179 quam
368 2149 399 2172 ut
435 2144 543 2179 aliquo
583 2145 676 2172 modo
709 2145 751 2180 id,
793 2146 876 2179 quod

81 2191 258 2228 senserint,
284 2198 483 2224 expressum
508 2189 588 2225 sit;‘'·
615 2192 696 2218 baec
713 2199 777 2218 non
803 2195 878 2219 sunt

79 2238 225 2267 rationes
262 2236 459 2272 explicantis
489 2238 607 2270 verba,
644 2237 704 2264 sed
744 2241 881 2271 peccata

81 2283 275 2313 confitentis.
323 2282 387 2311 Alii
422 2283 517 2310 modo
545 2284 696 2316 supplent
721 2289 794 2317 eos,
838 2283 877 2310 ad

81 2330 166 2365 quod
188 2328 341 2358 adiectivi
363 2329 439 2357 loco
464 2328 651 2363 appositum
681 2328 722 2356 sit
745 2325 877 2356 viribus

82 2372 223 2415 aequis;
247 2375 286 2403 ad
310 2375 461 2408 idemque
477 2375 605 2402 videtur
632 2374 779 2402 tendisse
799 2377 876 2402 Ser-

82 2422 170 2451 viuS.
219 2420 407 2449 Ablativutn
441 2420 639 2448 substantivi
679 2428 751 2448 cum
785 2420 877 2448 adie-

82 2467 170 2497 ctivo
191 2466 292 2494 iuncti
313 2465 478 2495 sustinere
502 2466 596 2494 vices
622 2465 774 2494 vidie-clivi
795 2466 877 2494 satis

84 2516 213 2543 constat
237 2511 278 2541 cf.
304 2511 336 2549 9,
361 2512 406 2540 50
429 2516 457 2539 el
483 2514 535 2540 Gr.
565 2512 596 2545 §—
624 2511 701 2540 33l.
732 2513 766 2540 Id
783 2513 877 2540 modo

85 2558 226 2595 offendit:
263 2557 412 2593 quodid,
454 2559 493 2586 ad
520 2559 603 2591 quod
635 2558 797 2586 adieciiva
822 2558 878 2585 de-

85 2604 218 2640 scriptio
239 2604 386 2641 pertinet,
412 2605 629 2638 supplendum
655 2608 715 2632 est.
744 2606 779 2631 Et
796 2611 878 2632 sane

85 2653 200 2681 durum
222 2652 273 2678 est
303 2651 381 2683 hoc;
407 2650 464 2677 sed
493 2649 521 2677 si
549 2650 686 2678 ovidius
713 2650 820 2678 statim
840 2650 878 2677 ab

85 2697 176 2727 initio
203 2695 358 2724 carminis
371 2694 423 2723 sui
445 2695 688 2730 praepositione
713 2703 783 2724 cum
802 2696 880 2724 sub-

87 2742 232 2774 stantivo
255 2742 301 2769 ita
318 2748 402 2770 usus
419 2745 481 2776 est,
509 2745 540 2768 ut
559 2741 797 2769 substantivum
819 2748 881 2769 non

89 2790 243 2822 adderet,
268 2789 342 2815 Met.
370 2785 399 2821 1,
419 2785 461 2814 19
490 2783 643 2826 Frigida
668 2783 881 2827 pugnabant

85 2831 224 2871 calidis,
246 2829 428 2862 humentia
452 2828 562 2868 siccis,
589 2829 710 2860 mollia
730 2841 803 2860 cum
821 2829 886 2859 du-

85 2878 148 2917 ris,
181 2877 254 2908 sine
280 2875 430 2919 pondere
453 2877 494 2913 (i.
521 2885 549 2906 e.
576 2878 720 2912 pondere
745 2877 886 2906 carenti-

86 2926 170 2962 bus)
210 2921 376 2955 habentia
415 2920 552 2963 pondus
589 2926 619 2950 et
663 2924 884 2952 adverbialem

88 2973 178 3002 illam
203 2970 378 3000 dictionem
395 2972 451 2999 vel
478 2977 534 3004 pro
553 2976 636 2997 casu
658 2969 792 3002 obliquo
808 2976 886 2997 esse

929 1093 1038 1122 tonius
1064 1094 1167 1127 (Aug.
1193 1092 1238 1119 80
1259 1090 1408 1129 surpere
1427 1086 1582 1118 truditur
1606 1095 1724 1115 mucu-

930 1136 1021 1173 low)
1065 1139 1208 1167 ablativo
1250 1138 1307 1165 illo
1345 1138 1397 1164 vel
1437 1143 1493 1170 pro
1535 1133 1722 1169 praedicato

931 1193 1012 1213 usus
1038 1191 1103 1212 est:
1147 1185 1239 1219 quid,
1273 1191 1380 1211 noune
1416 1181 1489 1209 licet
1516 1184 1602 1208 certe
1628 1179 1723 1214 sumi,

928 1231 1024 1258 etiam
1051 1231 1219 1264 xii-gitium
1246 1230 1360 1257 eudem
1388 1226 1521 1256 licentia
1546 1225 1722 1259 aliquando

929 1284 1022 1304 usum
1047 1275 1163 1311 fuisse,
1191 1274 1381 1310 praesertim
1409 1273 1440 1301 in
1473 1280 1511 1300 eo
1535 1271 1632 1308 libro,
1669 1270 1724 1305 qui

926 1322 1056 1350 minime
1079 1327 1127 1350 est
1157 1321 1321 1356 perfectus
1347 1319 1379 1347 in
1405 1317 1572 1352 singulis?

974 1386 1049 1416 2¹9.
1085 1385 1236 1415 adiuuat
1260 1393 1470 1426 progressus
1497 1382 1635 1413 Turnus
1654 1383 1672 1411 i.
1693 1391 1721 1411 e.

927 1434 1011 1467 quod
1067 1434 1272 1467 progreditur
1322 1434 1463 1460 Turnus.
1512 1428 1721 1463 participium

926 1479 1012 1507 euim
1049 1487 1120 1508 cum
1149 1478 1358 1507 substantivo
1393 1485 1454 1506 suo
1481 1477 1513 1504 in
1544 1482 1639 1503 unam
1662 1482 1722 1502 no-

925 1525 1044 1553 tionem
1072 1525 1250 1559 coalescit,
1288 1531 1393 1557 neque
1420 1522 1592 1556 quidquam
1628 1527 1722 1555 prae-

925 1571 1050 1599 dicatur
1073 1572 1112 1598 de
1132 1570 1340 1599 substantivo
1361 1568 1503 1601 omnino,
1527 1567 1586 1595 sed
1601 1570 1723 1594 tantum

924 1618 962 1645 de
987 1624 1042 1653 eo,
1085 1622 1247 1650 quatenus
1279 1621 1328 1643 est
1351 1615 1513 1643 delinitum
1541 1612 1721 1647 participio.

925 1662 972 1692 cf.
996 1660 1027 1698 8,
1054 1661 1118 1690 132
1145 1667 1175 1690 et
1205 1664 1258 1690 Gr.
1283 1662 1314 1695 S.
1342 1659 1418 1689 4⁴6.
1444 1661 1506 1688 An.
1529 1659 1557 1687 4.
1594 1673 1630 1678 —
1664 1654 1721 1686 In·

925 1716 1040 1737 cessus
1066 1705 1195 1736 tacitus
1220 1711 1270 1735 est
1296 1707 1386 1741 eius,
1429 1706 1482 1740 qui
1509 1713 1572 1733 non
1599 1703 1722 1732 fortiter

925 1754 984 1782 sed
1023 1753 1152 1781 timidus
1195 1752 1333 1784 incedit,
1374 1759 1478 1784 neque
1504 1751 1568 1778 vim
1595 1749 1721 1777 videtur

924 1801 1045 1827 babere
1085 1799 1222 1833 pedibus
1255 1803 1371 1826 terram
1399 1796 1570 1831 pulsandi;
1614 1801 1718 1828 neque

928 1845 1101 1879 quidquam
1146 1844 1294 1879 proloqui
1338 1843 1445 1871 audet.
1496 1837 1619 1879 „Sclm
1652 1841 1718 1867 ele-

927 1895 1041 1926 ganter
1065 1890 1111 1926 (l)
1139 1889 1325 1918 emendavit
1359 1885 1491 1916 incessu
1519 1884 1644 1916 turdo‘'·
1669 1882 1718 1913 Pl.

928 1951 967 1955 —
999 1938 1180 1965 Humanam
1213 1940 1360 1963 naturam
1394 1938 1482 1962 recte
1517 1934 1719 1960 observasse

927 1982 1087 2011 dicendus
1114 1987 1162 2010 est
1189 1982 1276 2017 Vgl„
1311 1981 1394 2014 quod
1432 1987 1520 2012 eum,
1560 1978 1612 2012 qui
1644 1981 1719 2006 ante

928 2029 1109 2063 periculum
1139 2027 1246 2055 furore
1274 2034 1334 2054 suo
1364 2025 1470 2054 omnia
1506 2024 1599 2058 quasi
1627 2030 1719 2051 com——

926 2076 1042 2102 burere
1067 2074 1237 2102 videbatur
1263 2071 1324 2107 (cf.
1360 2071 1434 2106 81),
1478 2076 1550 2105 post
1588 2069 1717 2103 aliquod

927 2125 1053 2154 tempus
1092 2118 1259 2153 praesenti
1293 2118 1354 2146 iam
1399 2116 1542 2151 periculo
1576 2116 1718 2144 animum

925 2166 1014 2200 fingit
1040 2166 1198 2194 amittere.

970 2221 1048 2252 221.
1081 2220 1249 2251 ‘l'abentes
1293 2228 1320 2248 c.
1347 2234 1391 2238 —
1421 2214 1587 2257 pubentes
1620 2216 1716 2243 MPR.

925 2285 967 2290 ——
1012 2266 1196 2308 pallentes,
1241 2263 1411 2301 rubente&
1454 2260 1607 2291 labentes
1640 2269 1717 2295 pro-

927 2316 1066 2351 ponitur.
1126 2314 1266 2342 Primum
1314 2312 1485 2346 optimum„
1534 2315 1629 2342 quum
1672 2306 1719 2335 si-

927 2366 999 2396 gnet
1028 2362 1182 2396 colorem,
1213 2359 1265 2394 qui
1291 2359 1330 2387 ad
1353 2362 1484 2386 mortem
1509 2355 1615 2383 ductis
1640 2361 1718 2380 esse

924 2410 1043 2437 soleat.

970 2463 1048 2493 224.
1077 2465 1212 2494 Camers
1244 2460 1364 2494 aliquis
1403 2459 1465 2487 iarn
1500 2459 1632 2486 occisus
1667 2459 1715 2484 est

928 2510 979 2547 10,
1004 2509 1081 2539 562.
1125 2512 1236 2542 ltaque
1262 2507 1358 2536 alium
1386 2505 1447 2534 sibi
1472 2505 1560 2533 finxit
1586 2505 1718 2532 Camer-

925 2563 1006 2592 tem3
1047 2565 1111 2585 non
1137 2555 1279 2583 notanda
1313 2556 1360 2581 est
1393 2550 1591 2587 negligentia
1609 2549 1719 2583 aliqua

927 2609 1054 2639 poetae,
1081 2602 1165 2637 quod
1190 2600 1307 2628 facium
1334 2602 1382 2626 est
1405 2605 1424 2626 a
1447 2597 1652 2631 quibusdam.

971 2670 1049 2700 225.
1075 2671 1198 2707 „cuius
1222 2668 1445 2697 auctoritatem
1473 2665 1718 2693 commendabat

928 2722 956 2746 et
993 2717 1081 2751 origo
1115 2716 1273 2744 maiorum
1319 2718 1349 2742 et
1381 2717 1516 2748 paterna.
1547 2710 1652 2739 virius
1688 2713 1719 2737 et

928 2763 1059 2799 propria
1084 2760 1269 2790 fortitudo.*'·
1297 2761 1330 2787 S.

973 2829 1050 2858 227.
1075 2825 1172 2857 haud
1191 2823 1308 2857 nescia
1333 2834 1446 2856 rerum
1479 2827 1541 2854 del.
1575 2820 1627 2853 Pl.
1658 2820 1719 2852 Πὸ.

930 2873 1071 2914 ,,ἰηῆιιε“
1092 2874 1164 2903 dicit
1181 2873 1397 2911 „hemistichii
1421 2866 1721 2907 supplementum.“

931 2924 1002 2952 Non
1033 2925 1094 2956 est,
1120 2927 1194 2948 nam
1221 2927 1335 2947 omnes
1359 2919 1415 2948 alii
1441 2917 1544 2946 nescii
1569 2920 1644 2945 sunt
1667 2922 1721 2944 re·-

932 2975 1014 3003 rum,
1040 2967 1060 2994 i.
1087 2974 1114 2994 e.
1145 2965 1296 2994 nesciunt
1320 2965 1396 2999 quid
1418 2971 1497 2993 vere
1522 2963 1574 2992 fiat
1592 2966 1622 2991 et
1640 2968 1722 2997 aga-

90 3019 191 3048 vellet
213 3016 274 3053 (cf.
295 3019 348 3046 Gr.
368 3015 401 3052 S.
421 3014 497 3053 472,
512 3013 565 3053 3),
584 3014 613 3044 si
639 3015 783 3050 scriptor
807 3016 889 3044 Sue·
935 3019 998 3050 tur,
1021 3019 1087 3041 una
1109 3011 1170 3041 scit
1195 3013 1339 3040 Iuturna.
