2023 3350
711 157 946 191 AENEIDOS
977 159 1062 191 LIB.
1088 160 1130 191 11.

102 272 287 317 Iliadum
323 271 452 315 turba
489 274 532 313 et
566 270 762 326 Phrygiis
802 271 1007 314 comitata
1045 271 1280 314 ministris?

793 330 920 371 Troia
955 330 1111 372 arserit
1145 329 1263 384 igni?

103 331 320 374 Occiderit
354 329 468 373 ferro
502 329 728 372 Priamus‘.>

1660 157 1735 196 101

1656 272 1737 310 580

102 388 366 431 Dardanium
400 387 560 429 totiens
596 387 763 429 sudarit
795 387 1001 441 sanguine
1035 387 1167 429 litus?

100 447 197 489 Non
236 447 309 488 ita.

378 445 573 500 Namque
610 446 691 487 etsi
730 445 891 487 nullum
929 445 1207 487 memorabile
1243 456 1395 485 nomen

101 504 301 546 Feminea
335 503 380 545 in
416 517 555 557 poena
594 507 659 545 est
696 517 773 544 nec
809 502 940 545 habet
977 503 1156 545 victoria
1190 500 1373 553 laudem,

101 561 366 604 Exstinxisse
399 560 519 603 nefas
557 564 700 602 tamen
741 564 784 602 et
820 561 1049 615 sumpsisse
1083 559 1283 602 merentis

1655 558 1679 597 ΕΠ

1684 558 1736 597 {2³

100 618 332 661 Laudabor
365 632 544 673 poenas,
580 619 857 672 animumque
891 619 1082 672 explesse
1114 616 1279 660 iuvabit

100 676 275 719 Ultricis
312 676 510 719 fiammae
545 680 588 718 et
623 677 785 719 cineres
823 676 1001 719 satiasse
1037 689 1240 718 meorum.

99 734 222 776 Talia
257 734 474 777 iactabam
513 738 556 776 et
592 733 753 777 furiata
789 738 929 777 mente
966 734 1136 777 ferebar

100 854 191 882 Leda
219 856 322 882 mater
352 854 437 888 apud
466 854 559 881 Hom.
587 853 643 881 Od.
674 851 731 889 11,
757 851 824 880 298
855 854 895 880 ab

100 901 227 934 ulysse
255 899 287 927 in
313 899 427 927 inferis
454 898 672 934 conspicitur,
703 901 822 937 patres
848 902 896 926 ta-

99 952 173 973 men
208 946 247 973 de
279 953 343 973 uno
368 945 542 979 Tyndareo
567 949 656 973 recte
687 944 807 972 dictum
833 949 894 972 est.

100 990 149 1020 Cf.
178 990 214 1026 7,
248 990 302 1020 98.
335 1006 379 1009 —
416 988 524 1019 Natos
556 991 667 1019 hahuit
694 991 819 1018 Helena
853 997 895 1017 ex

100 1037 251 1065 Menelao
284 1035 381 1064 filiam
411 1035 624 1072 Hermionen,
661 1043 744 1069 quae
777 1039 896 1070 postea

101 1083 239 1110 Orestae
268 1082 394 1117 nupsit,
428 1083 521 1110 Hom.
547 1082 603 1109 Od.
637 1079 675 1116 4,
712 1079 761 1108 12.
812 1082 894 1109 Aen.

99 1126 140 1163 3,
175 1126 235 1154 331
279 1131 309 1155 et
340 1128 560 1156 Nicostratum
601 1126 642 1155 cf.
672 1127 825 1160 Apollod.
860 1123 891 1161 3,

101 1173 160 1208 11,
193 1173 217 1201 1.
267 1175 377 1206 ltaque
410 1177 440 1200 et
472 1174 534 1200 hoc
568 1176 655 1200 recte
685 1172 802 1199 dictum
829 1176 891 1199 est.

99 1234 144 1238 ——-
166 1220 230 1247 Sed
261 1218 389 1246 offendit
421 1219 548 1246 omissa
577 1217 737 1251 particula
762 1225 826 1254 que
852 1218 892 1245 ad

95 1266 238 1304 patrcs‚·
276 1264 359 1291 unde
393 1263 423 1290 in
458 1271 520 1291 uno
558 1263 670 1290 codice
703 1267 806 1290 ortum
841 1267 890 1290 est

98 1307 302 1347 domumque
326 1305 440 1347 patris
463 1310 502 1337 ab
531 1316 582 1343 eo,
609 1308 662 1342 qui
684 1310 891 1337 salem-osam

95 1363 160 1384 non
181 1356 250 1383 tulit
268 1354 457 1382 orationem.
492 1354 601 1382 Antea
615 1354 725 1382 delevi
746 1361 890 1388 versum,

96 1401 182 1435 quod
201 1401 328 1429 Helena
346 1400 464 1434 gaudio
488 1408 554 1428 11011
574 1401 769 1435 exsultaret,
793 1407 890 1434 quum

96 1446 287 1482 coniugem,
319 1450 461 1480 patrem,
492 1450 588 1474 natos
613 1445 756 1482 videret,
795 1453 889 1481 quos,

97 1492 126 1522 si
158 1492 247 1521 cordi
281 1491 438 1527 fuissent,
475 1500 541 1520 11011
571 1491 771 1525 reliquisset.
824 1493 889 1519 Im-

96 1540 222 1573 pulerat
264 1538 321 1566 illa
357 1545 484 1571 quoque
518 1544 661 1575 caussa,
704 1537 788 1571 quod
825 1539 889 1565 hoc

95 1591 197 1613 versu
221 1583 344 1611 omisso
369 1583 495 1617 reliqua
516 1583 635 1611 melius
662 1585 888 1611 cohaererent.

94 1630 146 1659 Ad
173 1629 365 1664 triumphum
389 1628 474 1657 enim
500 1629 636 1663 pertinet
660 1629 715 1657 ille
740 1629 889 1663 captivo-

94 1683 165 1703 rum
187 1675 371 1710 comitatus,
397 1674 450 1708 qui
471 1683 534 1703 non
552 1674 738 1709 admittitur,
764 1675 793 1704 si
816 1677 889 1709 post

96 1722 209 1749 decem
234 1727 339 1749 annos
361 1720 425 1749 filia
446 1724 579 1755 patrem,
607 1721 691 1749 filios
715 1721 744 1750 si
767 1722 889 1749 salutat

94 1771 208 1796 mater.
270 1763 334 1795 Ld.
377 1774 508 1795 versum
550 1766 690 1795 defendit
730 1771 760 1794 et
804 1764 888 1805 lt'g.

95 1814 256 1847 docetque
290 1812 350 1840 tria
381 1812 482 1840 tribus
516 1813 717 1846 respondere
754 1812 887 1840 inverso

96 1858 226 1886 ordine:
294 1857 327 1893 1]
360 1854 531 1886 Occiderit
559 1857 591 1894 f.
622 1855 661 1886 P.
698 1862 727 1885 et
762 1856 890 1887 Coniu-

96 1901 230 1943 g'inmq.
262 1900 294 1931 d.
328 1911 362 1942 p.
395 1911 430 1932 τι.
464 1912 492 1931 υ.
548 1902 589 1938 2)
621 1900 724 1932 Troia
751 1911 783 1932 11.
812 1900 833 1931 ι’.
859 1908 888 1931 et

93 1951 198 1988 parto
229 1945 250 1977 i.
286 1956 312 1976 r.
345 1950 366 1976 1.
421 1948 460 1982 3]
491 1945 602 1976 Dard.
634 1951 657 1977 t.
689 1957 714 1977 s.
747 1957 772 1977 s.
805 1946 826 1977 I.
860 1954 889 1977 et

97 1992 161 2022 inc.
189 2002 222 2032 ρ.
251 1990 297 2022 Μ.
325 2001 357 2021 ιι.
407 1995 469 2022 Sed
498 1995 582 2022 haec
607 2002 672 2023 non
696 1999 783 2023 recte
806 1995 890 2023 inter

97 2048 135 2069 se
166 2043 382 2074 opponuntur.
432 2039 550 2067 Melius
575 2039 757 2068 defenditur
787 2041 815 2068 si
841 2045 889 2068 at-

96 2086 258 2114 tendimus
293 2086 441 2114 Aeneam
473 2093 533 2114 suo
566 2085 629 2113 sibi
666 2088 747 2114 haec
782 2085 888 2113 animo

95 2131 234 2167 fingere,
270 2138 376 2165 neque
412 2131 576 2166 dubitare,
616 2131 691 2165 quin
715 2133 888 2159 Menelaus

95 2185 169 2205 eam
190 2177 233 2205 sit
256 2181 461 2211 recepturus.
510 2177 612 2204 Etiam
644 2173 703 2204 leb.
734 2181 859 2205 servat.

139 2222 217 2251 580.
250 2220 424 2251 Comitata
443 2227 493 2251 est
512 2222 684 2256 passivum
704 2222 743 2250 cf.
769 2221 795 2257 l,
811 2221 888 2250 312.

140 2267 218 2297 551.
249 2265 421 2297 Occiderit
436 2273 484 2297 est
499 2268 697 2302 indignantis
711 2268 750 2296 cf.
766 2268 797 2303 9,
811 2267 887 2296 785.

140 2313 218 2342 582.
244 2311 400 2342 sudarit.-
439 2316 488 2342 lta
512 2314 636 2343 Ennius
663 2321 713 2348 ap.
730 2314 888 2342 Nonium:

100 2357 206 2388 'l'erra
227 2358 331 2389 sudat
351 2357 535 2399 sauguine.
576 2361 612 2388 G.
631 2359 657 2394 1,
679 2359 737 2387 117
759 2357 889 2399 Tepido

94 2402 222 2434 sudant
248 2402 388 2433 humore
413 2402 570 2434 lacunae.

139 2448 216 2478 584.
247 2447 407 2479 Feminea
430 2451 461 2479 in
487 2455 667 2490 poenalest
694 2451 725 2479 in
745 2451 886 2479 feminae

95 2503 219 2531 poena,
263 2503 325 2530 qua
358 2496 478 2525 femina
510 2497 657 2525 afficitur.
714 2497 888 2525 Adiectiva

94 2542 231 2570 enimin
260 2550 330 2579 cus,
357 2550 453 2576 quum
480 2547 508 2570 et
537 2542 640 2571 forma
666 2546 697 2570 et
722 2543 887 2578 significa-

94 2588 181 2615 tione
205 2588 352 2622 proxime
377 2588 418 2616 ad
440 2588 616 2622 genitivum
641 2590 799 2617 accedant
825 2588 886 2624 (cf.

93 2641 190 2661 nicus
228 2637 256 2660 et
297 2629 402 2669 mei),
445 2639 585 2668 possunt
625 2634 717 2663 vices
754 2635 888 2669 genitivi

95 2679 261 2708 sustinere
296 2682 325 2706 et
358 2679 546 2715 subiectivi,
588 2678 628 2707 cf.
662 2678 728 2708 543
763 2685 790 2708 et
830 2682 887 2708 ob-

91 2725 220 2759 iectivi,
263 2728 291 2752 et
328 2729 359 2752 ut
389 2727 419 2753 11.
454 2727 474 2752 l.
510 2725 555 2753 ita
585 2724 624 2759 8,
659 2723 724 2753 287
766 2722 888 2754 laudes

94 2767 299 2806 Herculeae,
325 2771 443 2799 laudes
467 2776 552 2804 sunt,
579 2771 696 2805 quibus
721 2772 889 2799 extollitur

93 2817 268 2845 Hercules.
325 2817 461 2844 Omnino
496 2820 602 2845 autern
639 2816 800 2845 adiectiva
829 2825 886 2852 pro

92 2862 246 2896 genitivis
266 2862 547 2890 substantivorum
568 2866 640 2891 sunt
657 2870 888 2897 nonnunquam

93 2907 135 2936 cs.
174 2909 253 2936 Sall.
288 2910 359 2942 Ing.
404 2906 439 2935 41
490 2910 599 2936 metus
636 2904 772 2937 hostilis
809 2905 889 2946 (die

96 2950 224 2982 Furcht
246 2961 304 2982 vor
321 2951 396 2982 dem
415 2950 578 2991 Feindc),
602 2958 632 2982 ut
653 2952 725 2982 105.
766 2956 888 2983 Nubem

95 3001 322 3034 exemplorum
350 2999 478 3034 collegit
511 2997 617 3039 l‘oigt
643 3002 755 3034 Nugae
781 3007 889 3035 gratn-

94 3045 235 3073 maticae
271 3053 300 3080 p.
333 3044 377 3073 29
409 3053 479 3080 sqq.
526 3041 630 3073 Halle
659 3046 758 3074 Paed.
794 3043 889 3074 1844.

93 3089 142 3119 Cf.
171 3093 223 3120 Gr.
250 3090 272 3126 S
299 3089 375 3120 371.

988 851 1065 881 585.
1096 849 1209 890 Nefas
1247 847 1465 883 exstinguitur
1505 848 1634 876 Helena
1676 855 1736 875 ex-

946 899 1080 932 stincta,
1107 906 1172 926 non
1197 896 1292 931 quasi
1314 895 1389 930 ipsa
1410 894 1536 922 Helena
1561 893 1603 922 sit
1627 892 1734 921 nefas.

942 959 986 963 —-
1012 941 1172 972 merentis
1197 949 1328 981 poenas
1352 940 1373 968 i.
1395 948 1424 967 e.
1451 946 1577 974 poenas
1603 940 1642 967 de
1667 947 1736 967 me-

943 994 1044 1023 rente,
1071 994 1099 1017 et
1121 994 1170 1018 est
1190 987 1354 1022 genitivus
1374 985 1414 1013 cf.
1437 984 1468 1018 2,
1486 983 1563 1013 229.
1602 984 1633 1018 7,
1656 983 1733 1013 307.

943 1035 990 1064 Cf.
1011 1037 1062 1063 Gr.
1079 1034 1100 1067 S
1115 1033 1192 1062 237.
1238 1028 1403 1060 Merentis
1419 1034 1525 1058 autem
1542 1031 1663 1058 habere
1678 1037 1735 1058 ac-

942 1081 1127 1109 cusativum
1154 1078 1290 1114 pluralis
1321 1085 1385 1105 non
1410 1077 1527 1113 audeo,
1556 1076 1644 1109 quod
1666 1083 1735 1103 me-

938 1123 1046 1154 rentis
1074 1125 1243 1160 passivam
1273 1131 1337 1151 non
1361 1121 1499 1150 assumit
1522 1120 1735 1155 significatio-

939 1179 1029 1205 nem,
1065 1179 1161 1205 quam
1186 1166 1329 1198 meritus
1355 1167 1472 1196 melius
1497 1170 1604 1194 tuetur
1634 1165 1676 1194 cf.
1703 1166 1734 1202 3,

946 1217 1015 1245 tlt-l.
1055 1219 1166 1250 Neque
1186 1216 1271 1244 nudo
1292 1213 1475 1249 participio,
1493 1213 1578 1246 quod
1599 1213 1638 1240 ad
1660 1214 1734 1240 nul—

938 1265 1002 1291 lum
1022 1262 1161 1291 refertur
1178 1261 1351 1293 obiectum,
1371 1258 1578 1292 offendimun
1600 1258 1630 1285 111
1647 1258 1733 1286 enim

937 1309 1035 1337 facile
1062 1307 1258 1343 intelligitur,
1285 1310 1317 1334 ut
1344 1306 1403 1334 ΟΥ.
1431 1307 1470 1333 Μ.
1494 1303 1526 1337 8,
1554 1303 1618 1332 116
1643 1301 1734 1332 cives

938 1352 1039 1383 odere
1073 1356 1256 1382 merentem
1291 1360 1339 1381 sc.
1379 1359 1447 1388 me,
1488 1356 1571 1384 quae
1606 1357 1734 1378 mereor

938 1400 1054 1429 odium.
1111 1396 1230 1433 Thilo,
1263 1394 1464 1437 Neubrdbg.
1491 1395 1536 1424 70
1562 1396 1646 1424 coni.
1672 1393 1733 1425 de-

937 1442 1071 1475 centes!
1095 1452 1236 1485 poenas.

982 1491 1057 1520 556.
1090 1488 1255 1531 E.rp[esse
1280 1488 1458 1524 perfectum
1483 1492 1580 1522 recte,
1611 1486 1730 1515 facturn

937 1538 1021 1566 enim
1046 1538 1148 1569 iuvat,
1174 1544 1240 1565 non
1262 1536 1347 1570 quod
1369 1534 1410 1563 fit.
1429 1550 1473 1553 —
1492 1535 1631 1562 vernum
1650 1532 1731 1566 regit

936 1584 1114 1619 genitivum
1135 1582 1174 1611 cs.
1199 1581 1224 1619 1,
1245 1580 1322 1609 215.
1343 1596 1386 1599 ——
1403 1576 1670 1617 ultrixflamma
1690 1577 1730 1606 cs.

938 1629 968 1666 1,
987 1629 1041 1658 21.
1098 1626 1201 1657 1t'‹t..·
1238 1624 1355 1665 „lVas
1374 1622 1439 1655 soll
1465 1625 1606 1654 animum
1627 1623 1731 1653 ultrici

935 1675 1065 1704 flamma
1085 1676 1221 1709 explere
1240 1667 1421 1702 hcissen?“
1466 1669 1579 1700 Antw.
1629 1667 1732 1698 Seiae

940 1719 1037 1750 Seele
1060 1718 1214 1760 scittigen
1242 1715 1349 1747 durch
1376 1713 1554 1757 gliihendc
1578 1712 1706 1744 Rache.

981 1767 1058 1796 587.
1087 1764 1216 1795 cineres
1245 1762 1394 1794 satiasse
1427 1770 1598 1792 meorum:
1643 1764 1731 1790 Mor—

936 1817 1065 1841 tuorum
1091 1812 1175 1840 enim
1198 1811 1295 1840 animi
1320 1810 1451 1844 cupiunt
1478 1808 1602 1844 placari
1628 1811 1730 1836 morte

937 1860 1027 1890 eius,
1053 1859 1107 1893 qui
1130 1858 1242 1886 mortis
1267 1864 1389 1885 caussa
1415 1854 1489 1887 fuit,
1517 1859 1546 1882 et
1571 1854 1642 1882 eius
1668 1852 1730 1881 sibi

936 1906 1119 1940 deposcunt
1154 1903 1357 1937 sanguinem.
1397 1917 1440 1920 ——
1482 1897 1550 1929 Der
1589 1896 1731 1928 Mt'irdcr

935 1948 1023 1985 falle
1058 1948 1111 1979 ein
1145 1946 1302 1978 siihncnd
1334 1944 1442 1986 Opfet·
1480 1943 1554 1974 dem
1588 1942 1729 1973 Gemor—

937 1994 1046 2025 deten.
1101 1992 1220 2024 schin.
1269 1995 1322 2022 Sic
1349 1994 1434 2028 apud
1460 1992 1516 2021 Sil.
1541 1989 1572 2024 4,
1599 1989 1665 2018 738
1690 1991 1729 2018 de

936 2042 1119 2072 Hannibale
1145 2042 1277 2070 dicitur:
1316 2036 1455 2079 patrias
1480 2034 1627 2066 satiabis
1651 2044 1729 2064 cae—

937 2084 1039 2116 dibus
1062 2084 1210 2116 umbras.
1260 2085 1306 2115 Cf.
1333 2086 1371 2113 ad
1402 2083 1457 2120 ll,
1486 2082 1557 2111 180.

980 2132 1057 2161 588.
1079 2130 1222 2170 furiata
1247 2133 1356 2161 mente
1381 2130 1421 2158 ttf.
1451 2130 1527 2158 407.
1559 2144 1602 2147 —
1632 2124 1730 2156 Ferri

937 2175 991 2206 ira
1016 2182 1049 2206 ut
1075 2186 1126 2212 ap.
1154 2178 1220 2207 Cic.
1248 2185 1293 2212 pr.
1321 2178 1435 2206 Cluent
1459 2175 1478 2204 5
1508 2172 1728 2213 inflammata

930 2221 1022 2261 ferri
1044 2220 1197 2252 libidine.

981 2270 1125 2305 Versus,
1157 2268 1211 2302 qui
1242 2271 1316 2296 sunt
1348 2275 1367 2295 a
1399 2264 1585 2299 567—88,
1618 2265 1727 2292 eiece-

936 2319 1020 2348 runt,
1045 2319 1075 2343 ut
1102 2314 1187 2343 fama
1214 2317 1274 2349 est,
1302 2312 1420 2341 varius
1446 2317 1476 2339 et
1499 2313 1620 2345 Tucca,
1647 2318 1726 2337 con—

936 2361 1037 2389 stituti
1059 2360 1106 2388 illi
1130 2362 1169 2388 ab
1190 2360 1340 2393 Augusto
1365 2359 1404 2386 ad
1430 2358 1586 2385 edendam
1604 2356 1726 2383 Aenei-

935 2408 1017 2434 dem.
1067 2408 1136 2440 Quo
1163 2405 1282 2433 factum
1309 2408 1369 2439 est,
1397 2408 1427 2431 ut
1455 2403 1485 2431 in
1509 2401 1617 2430 multis
1645 2403 1724 2429 Mss.

934 2457 964 2480 et
995 2452 1027 2480 in
1059 2453 1126 2480 ΜΡ.
1153 2459 1216 2479 11011
1240 2451 1321 2485 sint,
1359 2456 1464 2483 neque
1497 2447 1634 2476 servius
1665 2454 1724 2475 eos

935 2502 1179 2526 commentetur.
1227 2498 1297 2525 Iam
1316 2503 1394 2523 vero
1416 2501 1456 2523 ea
1480 2493 1567 2522 fama
1592 2493 1621 2521 si
1645 2500 1726 2521 vera

934 2544 1044 2581 tradit,
1076 2551 1094 2572 a
1122 2543 1255 2578 Virgilio
1284 2542 1317 2570 hi
1343 2548 1464 2569 versus
1496 2538 1608 2573 scripti
1639 2543 1724 2574 sunt,

935 2595 964 2618 et
991 2591 1076 2624 quod
1098 2591 1137 2617 ab
1159 2598 1198 2617 eo
1221 2592 1295 2617 sunt
1317 2586 1439 2621 scripti,
1462 2589 1534 2615 sunt
1556 2585 1723 2613 retinendi.

935 2637 999 2664 Sed
1024 2644 1063 2664 ne
1089 2635 1143 2663 fuit
1168 2634 1293 2669 quidem
1317 2639 1441 2661 caussa
1463 2633 1539 2667 ulla,
1565 2634 1599 2659 ut
1623 2631 1724 2659 eiice-

934 2686 1014 2710 rent.
1056 2683 1159 2710 Unum
1180 2681 1263 2708 enirn
1283 2680 1367 2713 quod
1387 2678 1533 2706 obiicitur
1550 2681 1611 2713 est,
1638 2678 1723 2711 quod

934 2727 972 2763 6,
998 2726 1065 2755 510
1090 2736 1138 2761 sq.
1167 2727 1206 2755 sit
1239 2727 1278 2753 de
1303 2726 1429 2753 Helena
1453 2723 1595 2752 narratio
1621 2724 1722 2751 multo

935 2773 1079 2802 diversa.
1130 2773 1219 2807 Quod
1244 2771 1272 2799 si
1297 2774 1404 2805 esset,
1431 2774 1522 2799 esset
1549 2769 1600 2797 hic
1626 2770 1722 2797 locus

935 2819 1199 2847 annumerandus
1216 2818 1268 2853 iis,
1287 2816 1340 2850 qui
1357 2815 1421 2850 ipsi
1437 2816 1520 2844 inter
1539 2823 1576 2844 se
1596 2815 1721 2843 discre-

935 2870 1028 2899 pant:
1058 2864 1152 2899 (vide
1176 2870 1258 2897 quae
1287 2863 1383 2897 paulo
1411 2865 1486 2890 ante
1511 2862 1550 2890 de
1574 2860 1721 2889 Palladio

935 2910 1140 2945 monuimus]
1168 2914 1196 2937 et
1225 2909 1253 2937 si
1278 2907 1430 2936 hariolari
1455 2907 1583 2942 liceret,
1614 2909 1722 2941 locus,

935 2957 989 2990 qui
1016 2961 1064 2984 est
1092 2957 1123 2984 in
1155 2956 1233 2983 libro
1263 2956 1331 2989 vl„
1366 2954 1588 2982 emendandus
1620 2957 1722 2986 esset,

935 3010 1000 3030 non
1024 3002 1085 3030 liic.
1134 3001 1174 3029 At
1199 3008 1238 3028 ne
1265 3005 1338 3028 sunt
1362 2999 1490 3034 quidem
1510 2999 1621 3027 liiloci
1639 2998 1722 3025 inter

937 3056 974 3076 se
1004 3047 1166 3075 contrarii.
1216 3043 1321 3074 Potuit
1351 3046 1434 3074 enim
1463 3047 1606 3079 Helena,
1640 3048 1671 3072 ut
1703 3050 1721 3071 a

935 3095 1087 3122 Menelao
1118 3092 1247 3123 veniam
1279 3091 1341 3120 sibi
1367 3096 1495 3127 pararet
1526 3096 1554 3119 et
1588 3089 1723 3119 invitam
