2023 3350
703 56 939 92 AENEIDOS
969 59 1058 93 LIB.
1084 61 1163 93 VII.

1675 61 1757 102 367

106 173 165 215 Ut
198 173 343 227 pelagi
378 185 529 226 rupes,
570 184 727 225 magno
763 171 959 213 veniente
993 170 1180 225 fragore,

107 231 227 281 Quae
264 244 376 282 sese,
415 230 562 271 multis
598 230 759 271 circum
793 229 1058 271 latrantibus
1091 229 1230 281 undis,

106 288 224 330 Mole
258 291 398 339 tenet,
441 287 608 341 scopuli
643 286 937 340 nequidquam
975 290 1017 328 et
1055 301 1233 340 spumea
1267 287 1428 329 circum

107 345 223 387 Saxa
262 346 471 396 fremunt,
512 345 725 399 laterique
760 345 889 386 inlisa
920 344 1165 386 refunditur
1200 345 1313 398 alga.

1677 349 1760 387 590

110 404 266 445 Verum
298 403 373 444 ubi
404 402 523 443 nulla
554 403 684 444 datur
716 416 892 444 caecum
925 416 1185 456 exsuperare
1215 406 1412 456 potestas

108 461 344 502 Consilium
382 463 424 501 et:
464 474 617 501 saevae
651 464 760 501 nutu
793 461 968 501 Iunonis
1005 463 1108 502 eunt
1142 474 1231 502 res:

108 518 248 560 Multa
289 518 391 559 deos
431 531 649 571 aurasque
686 522 812 571 pater
845 521 1031 559 testatus
1068 518 1229 570 inanes,

108 576 365 629 Frangimur
404 576 488 616 heu
529 575 651 627 fatis,
690 576 852 628 inquit,
891 575 1154 628 ferimurque
1192 575 1404 629 procella!

108 634 195 686 Ipsi
235 634 313 674 has
350 634 562 687 sacrilego
599 634 796 687 pendetis
839 634 1046 687 sanguine
1080 647 1254 687 poenas,

403 691 483 742 Te,
526 692 684 741 Turne,
721 690 863 742 nefas,
898 695 940 732 te
974 691 1100 732 triste
1134 690 1326 732 manebit

110 694 144 732 O
186 691 342 732 miseri.

1677 640 1758 678 595

108 748 394 802 Supplicium,
433 749 632 802 votisque
673 749 774 790 deos
805 748 1066 790 venerabere
1107 749 1226 790 seris.

106 806 216 848 Nam
255 806 360 848 mihi
396 810 526 860 parta
564 807 686 860 quies
724 807 947 860 omnisque
983 807 1027 848 in
1066 806 1213 849 limine
1248 809 1413 860 portus,

151 945 228 976 587.
256 949 294 977 ut
321 945 448 988 pelagi
482 956 586 988 rupes
620 948 734 977 iterum
768 948 910 977 additum

106 1001 169 1022 non
213 993 349 1022 offendit.
422 995 627 1029 Comparatio
680 994 789 1022 Latini
837 1002 910 1023 cum

106 1048 185 1074 rupe
222 1040 354 1068 immota
389 1040 534 1068 confecta
575 1044 621 1068 est
660 1048 691 1068 v.
730 1038 813 1075 586,
853 1040 909 1067 sed

105 1085 241 1114 resumit.
266 1086 341 1121 Vgl.
368 1089 395 1114 et
422 1089 560 1114 exornat
591 1090 822 1120 comparatum.
872 1087 910 1112 Et

105 1131 171 1159 iam
198 1135 295 1159 antea
325 1128 385 1159 ΙΙκ.
415 1135 445 1159 et
475 1128 542 1160 IIn.
570 1131 602 1158 in
634 1131 685 1159 his
712 1139 766 1159 vv.
794 1133 909 1158 haese—

106 1180 196 1212 runt,
236 1174 320 1217 11⁷g.
353 1182 461 1205 autem
495 1184 575 1210 quos
603 1177 636 1204 in
667 1177 714 1204 etl.
747 1176 823 1204 mai.
849 1176 909 1203 im-

106 1225 318 1260 probaverat,
349 1223 383 1251 in
422 1223 546 1251 minore
576 1230 660 1251 nunc
692 1222 833 1250 intactos
858 1230 909 1250 re-

108 1268 214 1303 liquit.

152 1311 230 1341 588.
258 1321 330 1343 sese
345 1311 435 1342 mole
450 1315 563 1342 tenet.-
604 1313 681 1349 „Sic
707 1313 910 1347 distinguen-

106 1360 192 1396 dum,
219 1363 254 1387 ut
279 1360 405 1393 scopuli
427 1359 651 1387 nominativus
670 1359 812 1394 pluralis
833 1356 909 1387 sit.“

106 1407 138 1434 S.
189 1407 257 1434 Sua
271 1405 378 1440 ipsius
391 1407 474 1434 mole
488 1405 675 1433 defenditur.
695 1420 733 1424 -
757 1402 907 1433 Lauare

104 1452 212 1480 undae
240 1458 338 1486 saepe
373 1451 523 1480 dicuntur
553 1455 649 1479 vento
682 1452 723 1479 ad
757 1452 910 1485 scopulos

108 1498 278 1532 appulsae.
327 1498 405 1525 Inde
443 1498 576 1533 Scyllae
608 1504 707 1525 canes
739 1496 909 1531 explican-

108 1544 168 1572 dae
189 1546 264 1571 sunt
288 1542 326 1571 cf.
355 1541 391 1577 3,
421 1540 496 1571 424.

150 1585 227 1617 589.
258 1585 404 1627 Scopuli
424 1590 454 1616 et
475 1596 563 1617 saxa
588 1589 676 1617 circa
697 1590 772 1616 sunt
796 1591 825 1616 et
850 1595 911 1615 un-

106 1635 220 1663 darum
239 1634 365 1668 spumis
388 1634 531 1669 obducti3
559 1634 623 1669 ipsi
645 1634 795 1663 vitientur
811 1633 911 1661 irasci

105 1683 137 1709 et
165 1681 321 1708 allatrare
345 1680 499 1708 maiorem
524 1688 653 1717 rupem,
679 1687 762 1713 quae
783 1680 824 1707 ad
850 1686 911 1707 au-

108 1732 179 1754 ram
203 1726 360 1754 intactum
390 1726 486 1754 undis
512 1730 609 1760 caput
633 1725 768 1753 extollit.
819 1725 912 1753 Cete-

108 1779 181 1799 rum
205 1771 373 1805 repetitum
400 1774 449 1798 est
476 1768 616 1808 circum,
641 1771 725 1804 quod
750 1773 782 1797 ut
806 1777 911 1798 remo·

108 1820 212 1852 veret,
245 1819 274 1844 et.
304 1823 387 1849 quae
411 1816 480 1844 alia
504 1820 595 1851 grata
621 1824 684 1843 non
708 1818 816 1852 erant,
857 1812 908 1842 Pl.

106 1862 177 1890 eiic.
215 1869 247 1890 v.
281 1859 345 1888 586
396 1859 530 1899 scopuli
557 1877 601 1881 —
627 1860 795 1897 fremunt.
844 1862 910 1888 Nos

110 1914 228 1936 versus
255 1906 403 1935 ferendos
431 1910 599 1944 putamus,
625 1909 656 1934 et
678 1910 711 1935 ut
733 1906 911 1941 Virgilium

108 1953 207 1981 etiam
243 1952 350 1988 magis
387 1953 593 1981 exculturum
629 1960 685 1980 eos
729 1952 834 1980 fuisse
881 1955 910 1979 et

109 1999 173 2033 ipsi
199 1999 378 2035 credimus,
410 2002 515 2026 tamen
549 1999 620 2026 eius
652 2005 716 2025 non
745 1998 911 2025 desidera-

110 2052 182 2073 mus
210 2044 391 2080 ingenium,
423 2044 453 2072 si
483 2044 589 2078 ipsam
614 2047 800 2078 spectamus
827 2043 910 2071 ima-

109 2090 227 2126 ginem.
276 2091 385 2124 Rupes
419 2093 448 2117 et
484 2091 566 2118 caeli
604 2093 635 2117 et
667 2089 768 2117 maris
808 2088 910 2123 impe-

109 2140 175 2165 tum
201 2136 354 2171 sustinet;
385 2136 513 2170 scopuli
538 2139 567 2164 et
588 2142 673 2163 saxa
697 2135 818 2163 circum
844 2134 911 2162 illi-

109 2182 158 2211 sis
182 2182 278 2209 undis
302 2183 471 2210 exsultare
498 2181 595 2216 quasi
620 2181 771 2209 videntur
796 2183 824 2207 et
849 2180 910 2207 im-

110 2230 218 2262 petum
243 2227 354 2256 conari
379 2227 413 2254 in
439 2235 559 2261 rupem.
609 2228 646 2254 In
671 2226 779 2254 furore
804 2233 911 2254 rerum

109 2273 251 2307 undique
295 2273 576 2302 circumstantium
617 2272 749 2301 immota
793 2275 910 2309 manet,

109 2327 168 2347 nec
192 2325 332 2353 usquam
356 2317 500 2347 flectitur.
550 2320 656 2353 Quare
668 2318 766 2347 etiam
782 2314 911 2346 circum

111 2365 231 2398 duplex
261 2366 321 2393 hoc
350 2365 419 2393 loco
446 2373 510 2393 non
536 2368 688 2399 putamus
714 2372 787 2392 esse
811 2364 911 2391 mole-

110 2413 206 2439 stum.
259 2407 432 2448 Scopulos
453 2414 484 2439 et
508 2418 596 2439 saxa
617 2410 783 2446 Virgilius
807 2409 911 2444 iungit

111 2456 209 2484 etiam
234 2456 270 2483 G.
295 2452 326 2493 3,
352 2452 428 2483 276.
478 2456 609 2491 Scopuli
628 2459 703 2485 sunt
726 2455 911 2490 prominen-

112 2504 179 2535 tes,
215 2507 300 2530 saxa
334 2499 476 2530 iacentia
506 2510 548 2530 ex
579 2502 676 2530 undis
706 2501 768 2529 vix
792 2500 913 2535 promi-

111 2546 233 2575 nentia.
297 2545 333 2574 si
374 2546 450 2580 quis
498 2555 612 2582 rupem
655 2546 913 2582 prominentibus

110 2592 256 2627 scopulis
277 2591 395 2620 viderit
414 2593 515 2621 maris
540 2592 689 2622 fluctibus
711 2593 853 2628 petitam,
879 2592 913 2620 in

110 2639 164 2667 his
191 2638 302 2667 verbis
335 2638 446 2666 omnia
479 2642 564 2667 recte
593 2639 678 2667 dicta
703 2638 914 2667 existimabit.

111 2684 226 2714 Omnis
248 2684 388 2719 impetus
418 2684 501 2712 nihil
531 2684 643 2721 efficit,
681 2684 747 2712 nisi
778 2688 813 2713 ut
836 2685 915 2720 alga

110 2731 183 2765 rupi
215 2730 308 2759 illisa
340 2730 428 2758 unda
465 2732 670 2759 resorbeatur
701 2733 731 2758 et
765 2731 803 2759 de
836 2738 915 2764 rupe

110 2776 313 2805 refundatur.
342 2790 380 2795 ——
410 2772 565 2816 Spumea
593 2783 682 2804 saxa
707 2775 746 2804 cf.
774 2773 808 2813 1,
838 2772 913 2804 191.

156 2819 234 2850 590.
261 2817 433 2860 laterique
458 2818 556 2850 illisa
578 2818 784 2860 refunditur
807 2818 918 2861 alga.-

112 2867 200 2903 Alga
224 2867 312 2896 litori
338 2867 465 2896 adiecta
488 2867 617 2901 signum
643 2874 784 2903 magnae
812 2869 912 2896 liabe-

112 2916 164 2942 tur
187 2913 390 2948 tempestatis
416 2917 444 2942 et
474 2913 573 2950 alibi,
603 2917 638 2942 ut
667 2921 745 2942 vere
775 2916 840 2951 est,
874 2913 913 2942 cf.

112 2959 188 2988 Hor.
223 2958 258 2988 C.
301 2957 338 2998 3,
376 2955 437 2998 17,
475 2956 495 2987 9
539 2956 627 2989 Cras
664 2955 766 2995 foliis
793 2965 915 2989 nemus

957 945 1078 978 multis
1119 950 1152 977 et
1186 945 1277 988 alga
1317 945 1402 977 litus
1441 945 1562 978 inutili
1608 946 1761 979 demissa

958 995 1146 1032 tempestas
1171 991 1214 1022 ab
1244 991 1339 1022 Euro
1370 996 1514 1031 sternet,
1547 1003 1662 1033 aquae
1691 994 1763 1025 nisi

951 1036 1055 1076 fallit
1082 1047 1204 1078 augur
1229 1046 1367 1067 annosa
1393 1037 1523 1068 corniae.

1004 1082 1081 1112 593.
1110 1083 1228 1112 Aur-as
1261 1084 1403 1113 invocat.
1454 1085 1500 1113 Cf.
1535 1084 1571 1121 3,
1603 1084 1679 1114 600.
1729 1084 1760 1122 9,

958 1126 1019 1163 24;
1062 1128 1160 1158 Aura
1196 1127 1316 1158 inanis
1352 1134 1418 1165 est,
1465 1130 1516 1159 cui
1549 1139 1665 1159 numen
1699 1140 1760 1160 non

956 1175 1056 1211 inest,
1092 1176 1176 1210 quod
1200 1176 1309 1213 audit,
1341 1183 1440 1210 quare
1466 1177 1683 1211 nequidquam
1709 1178 1763 1206 in-

958 1224 1063 1249 vocat.

1004 1264 1080 1295 594.
1104 1263 1315 1306 frangimur
1357 1267 1558 1304 „permansit
1602 1267 1635 1295 in
1670 1268 1761 1303 rupis

957 1312 1206 1340 tt·anslatione.“
1240 1313 1271 1340 S.

1002 1356 1078 1386 595.
1106 1354 1284 1397 sacrilego
1317 1358 1417 1394 „quia
1440 1360 1561 1387 bellum
1592 1361 1762 1387 sumebant

957 1408 1067 1432 contra
1093 1405 1293 1432 voluntatem
1326 1404 1491 1432 deorum.bb
1526 1406 1557 1433 S.
1607 1406 1655 1433 Tu
1686 1407 1761 1433 tleo-

957 1458 1028 1478 rum
1052 1450 1209 1484 respicies
1233 1451 1450 1487 voluntatem,
1483 1458 1581 1485 quum
1610 1450 1676 1480 iam
1704 1451 1761 1480 tibi

958 1497 1052 1524 salus
1077 1498 1170 1524 nulla
1192 1496 1360 1530 supererit.

1004 1539 1080 1570 596.
1108 1544 1140 1571 tc
1165 1539 1319 1569 manebit
1340 1542 1384 1571 cf.
1405 1542 1447 1569 ad.
1472 1539 1507 1578 2,
1540 1538 1612 1569 194.

1003 1585 1081 1615 598.
1109 1584 1194 1615 milti
1222 1589 1330 1625 parta
1366 1584 1463 1626 quies
1498 1588 1648 1623 „scilicet
1677 1588 1761 1617 vici-

957 1641 1020 1662 nae
1050 1633 1163 1662 mortis
1197 1632 1382 1661 beneficiost
1414 1634 1445 1661 S.
1495 1634 1613 1662 Portus
1642 1634 1760 1667 quietis

960 1676 1081 1716 llafen
1104 1676 1165 1706 ‹Ier
1190 1675 1298 1715 Ruhe,
1323 1686 1419 1715 morS,
1444 1681 1641 1716 sepulcrum,
1663 1688 1763 1715 saepe

958 1726 1042 1758 apud
1080 1725 1257 1752 Romanos.
1308 1724 1355 1753 Cf.
1403 1725 1546 1753 Ennium
1591 1733 1643 1759 ap.
1693 1726 1761 1754 Cic.

956 1771 1052 1798 Tusc.
1084 1766 1112 1805 l,
1139 1767 1193 1806 -Η,
1223 1766 1286 1795 107
1316 1766 1434 1808 Neque
1461 1768 1669 1809 sepulcrum,
1695 1779 1762 1810 quo

957 1823 992 1843 se
1017 1812 1166 1853 recipiat
1192 1810 1332 1852 habeat,
1353 1817 1492 1852 portum
1515 1814 1680 1854 corporis,
1704 1813 1764 1845 ubi

956 1858 1102 1889 remissa
1130 1856 1286 1888 humana
1313 1857 1388 1888 vita
1415 1868 1539 1899 corpus
1567 1859 1764 1900 requiescat

958 1915 978 1934 a
1004 1903 1121 1934 malis.
1168 1906 1257 1939 Quod
1273 1905 1394 1934 dictum
1416 1906 1528 1935 Cicero
1546 1909 1642 1935 habet
1665 1916 1759 1944 „per-

956 1959 1053 1986 quam
1083 1949 1222 1980 inane-⁴⁸
1270 1953 1344 1979 Seu.
1369 1952 1433 1987 Ag.
1457 1950 1522 1979 559
1551 1950 1627 1981 Heu
1655 1962 1759 1992 quam

957 1995 1058 2026 dulce
1081 1995 1213 2025 mulum
1232 1994 1440 2025 mortalibus
1455 1995 1629 2035 additum,
1661 1996 1763 2028 sitae

957 2040 1057 2071 dirus
1084 2050 1198 2077 amor,
1234 2050 1338 2081 quum
1363 2044 1488 2082 pateat
1520 2041 1623 2072 malis
1661 2041 1763 2083 Effu-

956 2086 1076 2128 giam,
1116 2089 1147 2117 et
1184 2085 1328 2116 miseros
1368 2086 1479 2116 libera
1521 2097 1612 2117 mors
1654 2092 1762 2125 vocet,

963 2130 1125 2162 Portus
1156 2134 1302 2160 aeterna
1331 2130 1497 2171 placidus
1524 2131 1650 2173 quiete.
1700 2137 1761 2163 Sed

958 2182 1084 2213 portum
1132 2178 1229 2206 etiam
1273 2178 1337 2206 dici
1372 2179 1472 2206 otium
1519 2180 1623 2207 senile
1670 2181 1762 2209 docet

958 2225 1073 2253 Claud.
1105 2224 1200 2252 Cous.
1231 2225 1323 2251 Mall.
1356 2221 1394 2251 61
1436 2221 1624 2262 Postquam
1653 2228 1761 2264 parta

959 2267 1056 2310 quies
1092 2273 1120 2297 ct
1154 2276 1323 2297 summum
1357 2271 1462 2297 nacla
1496 2277 1659 2298 cacumen
1691 2268 1763 2299 iam

958 2323 1079 2344 secura
1120 2311 1208 2352 petit
1239 2312 1419 2353 privatum
1452 2311 1572 2354 gloria
1608 2317 1761 2354 portum.

957 2365 1040 2390 etv.
1074 2357 1138 2388 114
1163 2361 1275 2389 eadem
1300 2360 1442 2396 imagine
1477 2360 1577 2388 dixit:
1624 2358 1763 2390 telluris

959 2404 1029 2436 iam
1057 2407 1171 2435 certus
1201 2413 1290 2434 eras.
1311 2421 1349 2425 —-
1365 2406 1517 2434 Attamen
1537 2408 1660 2444 portus
1683 2407 1762 2436 sim-

957 2453 1085 2488 pliciter
1109 2453 1147 2480 tle
1171 2451 1235 2480 otio
1260 2455 1289 2481 et
1319 2452 1494 2481 securitate
1515 2451 1578 2480 dici
1603 2452 1662 2480 vix
1688 2461 1763 2487 pro-

958 2502 1055 2528 batur
1077 2498 1254 2535 exemplis,
1279 2505 1339 2526 nec
1359 2499 1482 2537 portus
1509 2499 1558 2525 est
1583 2495 1617 2525 in
1643 2495 1764 2528 limine

960 2548 998 2574 ob
1043 2544 1234 2580 imaginem,
1281 2551 1364 2578 quae
1403 2543 1455 2571 his
1487 2544 1599 2572 subest
1640 2544 1762 2581 verbis,

960 2591 1138 2627 Virgilium
1163 2589 1289 2618 dixisse
1316 2597 1372 2623 pro
1406 2591 1491 2617 certo
1515 2589 1701 2625 ltabueri1n;
1733 2595 1764 2619 et

961 2637 1100 2666 Servius
1126 2635 1193 2664 alio
1224 2636 1339 2664 ducere
1365 2634 1503 2663 videtur.
1552 2636 1586 2663 Is
1619 2635 1762 2670 accepit:

963 2682 1152 2721 „Securitas
1177 2681 1282 2709 omnis
1313 2680 1348 2708 in
1386 2683 1531 2715 promptu
1564 2678 1650 2717 est;“
1696 2682 1763 2710 iam

961 2737 1060 2764 prope
1089 2730 1206 2757 absum
1230 2733 1250 2755 a
1273 2729 1383 2762 portu,
1414 2733 1487 2755 sum
1509 2726 1575 2754 iam
1598 2728 1637 2755 ad
1663 2727 1762 2756 limen

961 2778 1090 2810 portus,
1137 2780 1232 2808 quem
1273 2772 1439 2800 introeam.
1488 2773 1601 2806 Itaque
1638 2775 1763 2811 portus

961 2824 1010 2849 est
1028 2819 1205 2856 genitivus.
1253 2819 1367 2852 Itaque
1395 2815 1505 2847 omnis
1526 2826 1582 2853 pro
1601 2821 1686 2846 totus
1705 2826 1764 2847 ex-

961 2866 1048 2901 plica
1074 2869 1104 2894 et
1130 2865 1228 2901 iunge
1255 2871 1354 2898 qutun
1383 2863 1450 2892 iam
1479 2867 1564 2893 totus
1590 2863 1623 2891 in
1650 2864 1765 2893 limine
1806 2902 1809 2903 ⁷

961 2915 1072 2947 portus
1095 2911 1115 2939 i.
1141 2919 1169 2940 e.
1194 2910 1229 2939 in
1251 2913 1350 2938 morte
1368 2909 1441 2947 sim,
1467 2917 1533 2939 una
1560 2909 1640 2938 milti
1664 2910 1763 2939 mise-

960 2959 1012 2987 ria
1034 2957 1150 2988 relicta
1172 2960 1236 2995 est,
1267 2956 1352 2992 quod
1377 2955 1488 2985 funere
1515 2955 1637 2991 spolior
1662 2955 1761 2985 felici.
