2023 3350
196 113 249 151 66

763 108 798 138 P.
827 105 1024 138 VIRGILII
1048 104 1259 139 MARONIS

194 224 395 265 Pastores
436 235 589 275 magno
627 219 684 261 ad
721 231 864 271 regem
901 217 1089 258 clamore
1120 217 1354 260 trahebant

194 279 490 331 Dardanidae,
533 278 604 331 qui
640 290 684 318 se
718 276 912 328 ignotum
947 274 1212 316 venientibus
1246 276 1375 326 ultro,

195 339 287 379 Hoc
327 339 467 391 ipsum
500 339 549 376 ut
582 336 766 375 strueret
798 332 1054 386 Troiamque
1085 332 1275 386 aperiret
1305 332 1489 383 Achivis,

1776 333 1831 372 60

197 395 444 445 Obtuierat,
488 392 620 433 fidens
659 390 790 431 animi
828 393 960 443 atque
1000 390 1044 430 in
1082 393 1313 442 utrumque
1344 394 1538 444 paratus,

198 452 282 494 Seu
311 464 481 493 versare
518 449 638 490 dolos
673 461 748 488 seu
782 450 927 489 certae
970 447 1221 489 occumbere
1250 448 1391 488 morti.

196 509 392 563 Undique
435 506 595 547 visendi
637 504 780 546 studio
814 504 998 546 Troiana
1035 505 1231 546 iuventus

199 565 464 609 Circumfusa
499 563 602 613 ruit,
646 565 898 615 certantque
934 562 1126 604 inludere
1163 566 1300 615 capto.

194 625 350 677 Accipe
391 635 502 662 nunc
532 621 729 662 Danaum
767 619 964 670 insidias,
1009 624 1052 661 et
1082 620 1258 661 crimine
1293 618 1348 660 ab
1382 632 1468 660 uno

195 682 320 722 Disce
355 692 509 720 omnes.

195 739 404 790 Namque,
445 739 494 776 ut
526 738 758 788 conspectu
790 735 835 775 in
867 734 1004 776 medio
1045 733 1265 784 turbatus,
1309 732 1483 774 inermis

197 794 399 837 Constitit
432 797 562 846 atque
598 793 732 833 oculis
767 792 954 846 Phrygia
988 792 1160 846 agmina
1197 790 1521 843 circumspexit:

195 852 309 903 Heu,
350 865 459 906 quae
492 864 603 891 nunc
640 850 781 900 teHus,
827 850 986 903 inquit,

194 908 430 963 Accipere?
468 912 544 949 aut
581 908 685 960 quid
723 908 809 948 iam
847 908 1003 948 misero
1042 907 1147 948 mihi
1187 907 1369 960 denique
1405 908 1552 956 restat,

1032 863 1142 903 quae
1175 863 1243 890 me
1283 861 1474 902 aequora
1512 850 1694 901 possunt
1777 906 1830 944 70

197 968 276 1010 Cui
309 979 449 1019 neque
480 965 594 1019 apud
628 966 800 1006 Danaos
838 979 1022 1018 usquam
1056 965 1192 1015 locus,
1231 968 1274 1005 et
1316 977 1442 1016 super
1479 962 1563 1017 ipsi

195 1024 470 1066 Dardanidae
509 1023 662 1064 infensi
699 1037 857 1076 poenas
895 1037 990 1064 cum

201 1201 258 1230 13.
283 1201 390 1234 ibique
416 1201 586 1228 docemur.
610 1203 709 1227 totam
734 1199 772 1226 de
797 1199 914 1227 Troiae
940 1198 989 1226 in-

196 1247 290 1275 teritu
325 1246 560 1274 naualioneni.
603 1252 696 1278 quam
734 1246 786 1272 ilat
822 1244 989 1279 Virgilius,

197 1292 302 1321 Plauti
341 1297 486 1326 tempore
525 1291 672 1318 omnibus
711 1290 816 1318 fuisse
854 1290 990 1318 notissi-

195 1345 291 1367 mam.
338 1338 499 1366 Attendas
534 1336 649 1371 velim,
688 1343 752 1369 qua
787 1340 856 1363 arte
893 1340 990 1370 poeta

196 1391 269 1413 eam
296 1382 535 1418 composuerim
578 1382 796 1415 Sinonemque
820 1382 865 1410 ita
885 1388 903 1409 a
930 1389 990 1409 ve-

196 1430 242 1458 ris
268 1430 307 1457 ad
330 1429 403 1457 ficta
426 1428 581 1462 transire,
615 1432 646 1456 ut
673 1427 805 1456 Troiani
828 1427 886 1455 vix
911 1435 989 1462 pos-

197 1479 270 1504 sent
293 1475 386 1503 fidem
410 1482 475 1502 non
499 1476 632 1502 habere.

241 1529 294 1559 58.
321 1526 522 1559 trahebant:
558 1526 708 1560 Trahere
731 1534 778 1558 est
804 1537 875 1558 cum
900 1529 990 1557 festi-

197 1577 325 1606 natione
350 1577 479 1612 ducere,
516 1576 561 1604 ita
588 1580 624 1604 ut
647 1576 676 1603 is
701 1576 756 1610 qui
784 1575 908 1604 ducitur
934 1579 990 1603 aut

198 1623 278 1651 nolit
302 1626 355 1651 aut
380 1626 514 1656 nequeat
536 1627 601 1650 tam
627 1622 771 1650 celeriter
797 1621 905 1657 sequi,
941 1626 989 1650 at-

198 1677 258 1703 que
285 1669 357 1696 inde
382 1668 545 1696 renitatur.
594 1668 754 1695 Voluntas
779 1667 933 1701 sequendi
957 1669 987 1695 h.

198 1715 218 1742 l.
245 1715 330 1742 deest
361 1717 389 1741 et
423 1711 495 1749 123,
520 1710 595 1741 404.
633 1717 774 1748 potestas
804 1710 878 1740 321.
912 1710 987 1740 457.

199 1758 230 1794 6,
254 1757 330 1787 753.

243 1814 296 1845 59.
322 1813 415 1845 ultro
443 1815 481 1844 cf.
512 1813 561 1846 12.
590 1813 618 1843 3.

243 1871 295 1901 60.
325 1870 466 1901 struere
485 1868 635 1900 insidias
661 1871 778 1899 Livius
803 1871 883 1899 dixit
909 1868 939 1905 2.
959 1868 987 1898 3.

199 1917 253 1954 23,
280 1915 329 1946 17.
357 1915 409 1946 34.

245 1973 297 2004 61.
327 1972 456 2004 Fidens
482 1971 591 2002 animi
619 1978 688 2011 .,est
708 1981 837 2007 nomen3
873 1973 990 2001 desinit

199 2022 283 2050 enim
308 2028 380 2049 esse
407 2020 625 2055 participium,
659 2020 736 2054 quia
760 2019 902 2055 genitivo
935 2026 989 2047 ca-

199 2068 250 2096 sui
276 2069 454 2095 cohaeret*
475 2068 506 2094 S.
542 2066 637 2100 Apud
660 2066 779 2093 Lucan.
805 2064 834 2094 3.
851 2062 914 2091 373
941 2069 989 2092 est

190 2111 310 2152 fidens
335 2119 507 2141 armorum
535 2111 572 2140 cf.
600 2108 626 2139 l.
660 2108 706 2139 14.
734 2126 771 2129 —
797 2107 830 2138 in
857 2112 990 2138 utrum-

201 2166 265 2198 que
292 2159 460 2198 paratus.-
496 2157 619 2185 Similis
644 2161 804 2185 structura
830 2157 904 2184 Hor.
930 2158 987 2190 Ep.

200 2202 230 2236 1,
252 2201 300 2235 18.
328 2201 367 2231 10
394 2200 428 2231 in
453 2200 650 2242 obsequium
674 2199 754 2241 plus
779 2209 888 2240 aequo
910 2209 990 2241 pro-

198 2257 274 2278 nus.
305 2250 378 2278 Tac.
397 2249 460 2276 An.
488 2246 537 2282 15,
556 2246 594 2276 61
619 2250 819 2287 promptum
844 2244 877 2275 in
903 2244 991 2275 adu-

200 2293 348 2323 lationes
374 2291 567 2334 ingenium.
597 2309 641 2312 —
671 2290 822 2321 Paratus
846 2301 918 2321 cum
941 2293 991 2320 in-

199 2341 320 2369 finitivo
349 2340 440 2376 iungi
467 2340 548 2368 satis
572 2343 679 2368 notum
707 2343 765 2368 est.
810 2339 917 2367 Potest
942 2343 990 2367 ta-

199 2395 270 2415 men
295 2386 477 2414 inlinitiwis
501 2384 713 2420 appositionis
735 2386 802 2413 loco
824 2385 934 2413 haberi
950 2386 991 2413 ad

200 2434 382 2471 utrumque
407 2431 445 2460 cf.
472 2429 501 2467 3,
529 2428 603 2458 240.

246 2475 297 2505 62.
330 2475 476 2505 Versare
511 2473 609 2505 dolos
637 2472 828 2511 .,exercere⁴‘
861 2476 892 2502 S.
941 2476 989 2503 Ita

201 2520 255 2558 11,
279 2519 355 2551 704.
378 2526 407 2551 et
433 2529 571 2551 versare
593 2523 687 2549 artes
714 2518 742 2557 1,
761 2518 835 2548 657.
872 2521 991 2554 Quodsi

203 2565 299 2597 dolos
338 2572 464 2604 versat,
502 2567 639 2603 peragit;
683 2566 713 2594 si
754 2574 817 2594 non
856 2567 990 2603 peragit,

202 2617 289 2643 certa
311 2614 341 2642 ei
363 2618 411 2642 est
434 2621 530 2642 mors.
582 2608 688 2641 Dolos
710 2615 739 2640 et
759 2608 838 2640 dolo
858 2612 933 2647 legit
957 2614 987 2639 S.

203 2663 233 2687 et
273 2660 413 2693 explicat
453 2660 546 2695 „dolo
585 2662 728 2687 evertere
764 2661 793 2685 et
835 2657 991 2686 subaudis

209 2701 412 2733 'l'roianosf‘
482 2703 546 2739 [At
595 2704 627 2732 id
669 2704 775 2738 ipsum
815 2704 992 2731 addendum

203 2749 290 2784 erat]
323 2746 402 2778 Wd.
428 2747 523 2778 dolos
546 2750 718 2784 improbat,
743 2745 821 2776 dolo
845 2748 990 2784 praefert,

204 2795 261 2822 sed
280 2798 384 2822 tamen
404 2795 518 2824 vitium
540 2796 648 2824 inesse
667 2794 774 2828 sumit,
793 2801 891 2828 quare
908 2795 988 2823 coni.

205 2837 341 2873 domo«,
366 2841 420 2867 sed
445 2841 476 2867 id
500 2841 606 2874 ipsum
630 2841 659 2869 ei
683 2848 746 2868 non
771 2839 852 2868 satis
877 2841 988 2874 placet.

209 2881 260 2913 Pl.
284 2884 364 2913 coni.
387 2892 444 2913 seu
468 2894 631 2924 superare
657 2883 746 2914 dolo.
775 2900 812 2904 ——
848 2881 990 2914 Occum-

205 2927 282 2958 bere
302 2927 405 2958 morti
424 2937 549 2963 ..novae
566 2931 734 2960 locutionis
755 2930 856 2967 figura
881 2934 911 2959 et
934 2939 988 2965 pe-

205 2975 290 3003 nitus
315 2979 443 3003 remota.
490 2977 628 3005 Ennius:
669 2977 708 3005 Ut
733 2984 794 3005 vos
817 2976 919 3004 vostri
945 2977 986 3004 li-

205 3021 270 3049 beri
294 3020 476 3056 defendant,
507 3029 560 3054 pro
588 3028 700 3051 vostra
722 3022 792 3051 vita
815 3022 908 3050 morti
931 3030 985 3051 oc-

1030 1022 1234 1076 sanguine
1271 1020 1479 1076 poscunt?

1036 1196 1218 1226 cumbam*
1245 1200 1276 1226 S.
1325 1199 1375 1227 Ita
1404 1199 1462 1226 Ov.
1487 1199 1531 1225 M.
1561 1193 1613 1230 15,
1640 1192 1703 1223 499
1733 1202 1831 1224 occu-

1037 1242 1150 1272 buisse
1174 1242 1260 1272 neci.
1298 1244 1460 1272 Usitatum
1485 1247 1532 1272 est
1557 1247 1586 1271 et
1610 1242 1749 1276 simplex
1776 1247 1834 1268 oc-

1037 1286 1192 1318 cumbere
1215 1294 1243 1317 et
1271 1287 1466 1318 occumbere
1490 1291 1642 1317 mortem.

1083 1332 1135 1363 64.
1168 1332 1388 1368 Circumfusa
1413 1332 1485 1364 ruit
1512 1334 1550 1363 cf.
1582 1330 1655 1361 169.
1688 1348 1725 1352 -
1760 1339 1832 1361 cer-

1037 1382 1114 1409 tant
1140 1390 1166 1409 c.
1193 1381 1248 1409 inf.
1278 1378 1308 1414 4,
1334 1378 1409 1408 443.

1083 1425 1135 1454 65.
1164 1424 1327 1466 Accipere
1350 1431 1397 1455 est
1423 1425 1535 1454 audire
1560 1425 1598 1454 cf.
1627 1422 1658 1461 1,
1685 1421 1760 1452 676.
1800 1421 1833 1460 2,

1038 1469 1112 1500 308.
1143 1470 1173 1506 -1,
1200 1469 1274 1500 611.
1310 1470 1339 1504 6.
1369 1469 1443 1499 693.
1492 1473 1542 1500 lta
1561 1469 1646 1500 dare
1673 1470 1832 1507 significat

1037 1519 1140 1547 dicere
1164 1519 1230 1546 Ecl.
1254 1514 1284 1554 1,
1311 1514 1363 1546 19.
1390 1518 1456 1546 Cic.
1477 1518 1579 1546 Acad.
1609 1514 1638 1553 1,
1661 1514 1691 1553 3,
1712 1513 1752 1544 10
1772 1512 1830 1545 Da

1036 1560 1121 1592 mihi
1143 1571 1244 1599 nunc,
1269 1561 1400 1592 satisne
1421 1558 1574 1602 probas?
1621 1563 1692 1591 Ter.
1716 1563 1831 1591 Heaut.

1037 1618 1081 1644 pr.
1110 1606 1168 1637 1οε
1215 1606 1342 1638 Paucis
1367 1606 1466 1637 dabo.
1514 1609 1685 1638 Audacius
1707 1609 1767 1637 ΟΥ.
1794 1608 1829 1635 F.

1035 1654 1072 1689 6,
1100 1652 1164 1682 434
1204 1652 1341 1683 Aeneas
1379 1651 1548 1694 eripuisse
1588 1652 1703 1683 datur.
1752 1656 1830 1682 Stat.

1034 1701 1130 1728 Theb.
1157 1697 1195 1735 7,
1222 1697 1285 1728 315
1332 1699 1467 1739 Asopus
1507 1697 1672 1740 genuisse
1715 1697 1831 1729 datur.

1035 1747 1147 1775 Claud.
1172 1747 1209 1774 R.
1238 1747 1273 1774 P.
1300 1743 1330 1782 3,
1357 1743 1422 1773 3:37
1460 1742 1564 1774 Pater
1589 1747 1667 1785 post
1695 1742 1832 1785 proelia

1033 1789 1202 1831 praedam
1226 1789 1408 1820 advexisse
1433 1788 1549 1820 datur.

1082 1835 1134 1865 66.
1161 1838 1259 1872 Apud
1281 1838 1445 1865 Romanos
1468 1837 1583 1866 Graeci
1606 1840 1732 1871 propter
1758 1845 1828 1872 per-

1034 1883 1141 1911 fidiam
1171 1885 1256 1911 male
1287 1884 1459 1911 audiebant
1497 1883 1535 1911 cf.
1567 1883 1633 1911 Cic.
1660 1883 1766 1912 Flacc.
1799 1881 1830 1910 ⁴.

1036 1929 1327 1962 ..Testimoniorum
1350 1929 1538 1965 religionem
1566 1934 1595 1957 et
1626 1928 1716 1957 fidem
1741 1937 1832 1957 nun-

1037 1983 1139 2013 quam
1165 1975 1227 2003 ista
1253 1974 1414 2010 (Graeca)
1439 1982 1518 2010 gens
1541 1972 1672 2003 coluit.“
1699 1990 1737 1994 -—
1767 1973 1828 2003 Af-

1036 2020 1092 2048 fert
1134 2017 1215 2051 er.
1253 2021 1458 2055 aptissimum
1492 2022 1599 2049 locum
1630 2021 1689 2048 Sil.
1720 2018 1757 2057 6,
1787 2017 1829 2047 39

1040 2062 1166 2094 Nosces
1201 2063 1325 2095 Fabios
1354 2064 1542 2095 certamine
1574 2062 1617 2094 ab
1642 2073 1722 2094 una.
1769 2066 1832 2094 Pro

1036 2119 1151 2139 omnes
1173 2112 1254 2140 coni.
1286 2109 1340 2141 Gt.
1366 2109 1530 2140 homines.

1082 2154 1134 2185 67.
1167 2155 1342 2186 Turbatus
1367 2161 1451 2187 certe
1475 2157 1645 2186 videbatur
1669 2160 1765 2185 metu.

1083 2200 1135 2231 68.
1168 2200 1434 2242 Circumspexit:
1465 2203 1605 2231 Attende
1634 2202 1732 2231 huius
1754 2210 1830 2231 ver-

1037 2256 1094 2276 sus
1119 2256 1173 2283 per
1192 2249 1339 2285 singulos
1363 2250 1458 2284 pedes
1482 2252 1592 2277 artem.

1084 2292 1136 2322 69.
1163 2301 1252 2332 quae
1275 2303 1366 2323 nunc
1397 2296 1477 2322 Mss.
1526 2301 1616 2334 quae
1644 2301 1698 2322 me
1725 2294 1830 2328 Quint.

1039 2338 1076 2373 9,
1105 2337 1138 2375 2,
1166 2338 1184 2367 9
1222 2348 1264 2368 ex
1297 2340 1451 2369 memoria
1485 2344 1519 2368 ut
1557 2346 1671 2375 saepe,
1708 2347 1773 2368 non
1811 2347 1830 2368 e

1038 2385 1165 2419 scripto,
1190 2387 1301 2419 probat
1330 2382 1382 2414 Pl.

1083 2428 1134 2458 70.
1166 2427 1257 2468 Quid
1288 2428 1436 2470 denique
1468 2431 1579 2461 restat
1608 2434 1642 2460 ut
1673 2427 1727 2467 12,
1754 2428 1828 2460 193.

1035 2477 1088 2505 Sic
1111 2478 1242 2504 restare
1264 2474 1295 2513 7,
1314 2474 1388 2504 270.

1081 2518 1134 2549 71.
1161 2529 1284 2561 super‚·
1319 2520 1493 2557 ..ἰιιειιῃει-ιι
1531 2522 1563 2551 S.
1606 2523 1645 2553 cf.
1685 2519 1722 2559 7,
1750 2518 1827 2550 462.

1034 2564 1104 2607 ipsi
1122 2568 1257 2603 „quibus
1282 2576 1353 2596 sum
1374 2571 1594 2603 praestaturus
1617 2566 1776 2597 salutem“
1794 2569 1826 2596 S.

1081 2610 1134 2641 72.
1158 2621 1291 2652 poenas
1311 2622 1385 2642 curn
1408 2613 1583 2654 sanguine
1606 2614 1627 2643 i.
1643 2622 1670 2642 e.
1697 2618 1728 2642 et
1749 2621 1829 2642 san-

1037 2659 1175 2695 guinem.
1214 2661 1294 2688 Nam
1326 2668 1381 2694 per
1406 2668 1480 2688 cum
1506 2659 1771 2695 praepositionem
1797 2663 1827 2688 et

1036 2705 1215 2733 subiectum
1235 2706 1273 2734 cf.
1300 2702 1329 2739 1,
1355 2703 1436 2737 675,
1460 2709 1488 2733 et
1513 2706 1671 2735 obiectum
1693 2705 1827 2741 adiungi

1037 2755 1137 2784 potest
1160 2751 1198 2779 cf.
1228 2749 1302 2779 688.
1330 2749 1359 2785 3,
1388 2748 1462 2779 176.
1488 2748 1518 2783 4,
1542 2749 1617 2779 514.
1643 2748 1674 2787 8,
1691 2747 1744 2778 84.
1772 2748 1825 2785 lo,

1036 2793 1111 2824 337.
1126 2794 1328 2831 Iustin.17,1
1347 2794 1465 2837 Regni
1479 2793 1615 2825 ruinam
1633 2803 1707 2824 cum
1726 2792 1827 2825 clade

1035 2844 1240 2870 vexatarum
1261 2839 1444 2882 regionum
1458 2838 1705 2881 portemlcbat3
1729 2848 1826 2877 saepe

1035 2887 1171 2915 Ovidius
1196 2888 1268 2916 Her.
1291 2885 1321 2923 7,
1341 2885 1370 2916 9.
1403 2885 1524 2917 Certus
1548 2894 1582 2915 es
1607 2885 1723 2915 Aenea
1749 2895 1825 2916 cum

1028 2929 1170 2968 foedere
1192 2930 1324 2962 solvere
1343 2927 1475 2961 naves?
1492 2934 1534 2960 M.
1554 2930 1584 2967 2,
1600 2930 1675 2960 610.
1702 2932 1733 2969 5,
1749 2930 1825 2961 112.

1034 2977 1079 3006 cr.
1118 2978 1168 3006 Dl.
1205 2979 1245 3007 ad
1282 2980 1318 3007 n.
1351 2979 1385 3008 c.
1422 2974 1515 3014 t,1,
1543 2975 1595 3006 31.
1649 2974 1701 3007 Ρι.
1740 2979 1822 3008 coni.

1028 3026 1184 3062 poscant.

1899 148 1907 157 ,

1895 196 1916 221 ³ss

1903 253 1933 306 ἐμ

1904 313 1933 358 3

1905 355 1934 522 Ξ

1911 540 1933 606 §³³
