2023 3350
736 92 971 126 AENEIDOS
1000 93 1085 126 LIB.
1118 94 1180 126 IX.

134 208 309 253 Etrusci
347 207 497 250 socios.

563 204 781 249 Tenebras
820 209 863 248 et
903 205 1060 248 inertia
1094 205 1214 248 furta

1698 95 1778 134 441

1701 211 1783 249 150

134 266 337 323 [Palladii
372 265 507 307 caesis
539 277 730 306 summae
770 263 1019 306 custodibus
1060 263 1193 318 arcis]

134 325 200 366 Ne
235 324 439 374 timeant,
477 334 555 363 nec
593 322 693 376 equi
731 335 861 363 caeca
900 321 1133 363 condemur
1169 321 1214 362 in
1253 321 1372 373 alvo3

134 382 250 423 Luce
260 414 269 432 ‚

309 380 455 435 palam
489 381 656 421 certum
696 383 761 421 est
796 379 887 433 igni
925 378 1195 420 circumdare
1233 392 1390 420 muros.

134 437 263 481 Haud
293 437 376 479 sibi
411 451 507 478 cum
542 437 705 478 Danais
744 451 835 479 rem
870 436 969 478 faxo
1002 440 1045 478 et
1074 435 1189 490 pube
1226 435 1410 489 Pelasga

133 497 240 538 Esse

275 498 446 549 putent,
481 494 693 536 decimum
733 509 841 548 quos
880 494 1049 535 distulit
1087 493 1250 535 Hector
1286 494 1331 535 in
1366 507 1536 536 annum.

1702 497 1780 535 155

132 554 255 595 Nunc
288 552 395 594 adeo
435 551 590 593 melior
626 553 828 606 quoniam
862 565 965 606 pars
1003 555 1102 593 acta
1141 550 1237 601 diei,

134 609 259 661 Quod
290 612 509 663 superest,
546 609 651 652 laeti
688 610 796 651 bene
833 609 964 664 gestis
1002 622 1186 662 corpora
1217 607 1348 650 rebus

131 668 385 718 Procurate,
420 666 519 719 viri,
560 670 603 709 et
636 682 828 722 pugnam
865 670 1037 720 sperate
1076 665 1237 720 parari.

130 725 302 767 Interea
335 724 514 778 vigilum
550 725 739 767 excubiis
775 724 972 767 obsidere
1007 727 1158 778 portas

133 782 248 824 Cura
279 781 408 823 datur
444 782 644 836 Messapo
685 786 728 824 et
765 782 938 824 moenia
974 782 1145 835 cingere
1183 779 1380 821 fiammis.

1702 784 1782 824 160

131 840 205 882 Bis
245 842 409 893 septem
450 840 619 892 Rutuli,
651 854 797 882 muros
839 839 913 894 qui
950 839 1087 880 milite
1125 840 1305 888 servent,

129 897 316 949 Delecti;
355 901 424 939 ast
462 897 559 939 illos
594 898 761 940 centeni
800 910 1011 951 quemque
1043 898 1284 948 sequuntur

131 954 344 1008 Purpurei
379 955 522 997 cristis
561 955 732 997 iuvenes
771 968 964 1008 auroque
1003 953 1184 995 corusci.

132 1012 412 1065 Discurrunt,
452 1013 708 1068 variantque
742 1013 872 1065 vices,
902 1011 1073 1065 fusique
1110 1023 1190 1064 per
1225 1007 1405 1050 herbam

133 1165 331 1202 exercitum,
365 1174 460 1201 quem
485 1166 619 1195 Aeneas
650 1166 848 1195 adducturus
872 1168 931 1202 est,

131 1211 284 1239 timenten
301 1216 399 1241 antea
415 1213 502 1241 velle
521 1212 626 1240 delere
645 1219 711 1246 eos,
731 1211 785 1246 qui
803 1212 930 1239 adsunt.

179 1253 255 1284 150.
282 1254 411 1286 inertia
433 1256 554 1294 furta,
586 1257 711 1293 ignava
738 1256 825 1286 facta
849 1263 932 1291 quae

131 1301 166 1330 in
190 1304 327 1331 obscuro
351 1303 428 1332 fiunt
447 1302 486 1332 cf.
512 1301 542 1337 6,
565 1301 642 1331 568.
693 1304 803 1337 Neque
824 1307 932 1331 tamen

133 1348 267 1377 dubium
296 1352 362 1386 est,
396 1348 474 1384 quin
508 1352 601 1384 poeta
624 1349 812 1377 Palladium
844 1348 933 1384 cogi-

132 1393 262 1422 tavei-it.

183 1436 256 1467 151.
287 1435 448 1467 Palladii
489 1440 550 1467 etc.
614 1439 740 1467 Versus
777 1438 810 1467 in
849 1440 930 1466 Mss.

131 1484 300 1521 omnibuS,
336 1484 394 1513 sed
423 1484 564 1513 alienus,
613 1485 806 1513 Remoratur
829 1483 931 1512 Turni

130 1530 294 1565 loquentis
310 1529 465 1564 impetum
485 1534 514 1559 et
534 1531 698 1559 absurdus
718 1534 776 1564 est,
801 1536 877 1558 nam
897 1529 931 1557 in

131 1575 251 1605 castris
275 1575 490 1604 Troianorum
520 1584 579 1605 nec
609 1583 671 1605 arx
696 1580 765 1605 erat
791 1582 931 1612 summa,

129 1629 191 1651 nec
221 1621 418 1650 Palladium.
475 1622 565 1655 Quod
594 1622 732 1650 Servius
771 1629 836 1650 non
873 1629 932 1650 ex-

130 1667 241 1704 plicat,
264 1671 312 1695 est
329 1667 560 1702 suspiciosum.
601 1669 684 1696 Rem
705 1667 830 1697 conficit
848 1668 932 1701 quod

130 1713 299 1749 genitivus
323 1713 442 1749 legitur
471 1709 686 1749 Palladii,
720 1713 776 1747 qui
797 1712 932 1748 Virgilii

130 1766 205 1787 esse
228 1766 292 1787 non
312 1759 441 1787 videtur
460 1758 499 1787 cf.
520 1757 550 1796 3,
577 1756 654 1786 702.
693 1758 825 1787 Primus
842 1758 933 1792 quis-

130 1811 192 1839 que
216 1804 272 1838 qui
295 1804 374 1839 legit
394 1804 435 1832 ad
458 1812 491 1832 v.
518 1801 647 1832 inertia
661 1802 767 1840 furta
786 1804 932 1837 adscrip-

133 1849 177 1878 sit
205 1845 382 1886 Palladii,
418 1850 501 1883 quod
533 1851 645 1885 legens
676 1850 781 1882 alius.
819 1853 875 1878 aut
902 1849 932 1876 is

132 1895 205 1929 ipse
235 1895 291 1929 qui
324 1894 448 1929 primus
480 1895 667 1931 annotavit,
701 1902 823 1923 memor
860 1894 931 1923 eius

131 1947 262 1976 versus,
289 1940 345 1974 qui
367 1944 415 1969 est
442 1938 473 1975 2,
503 1938 565 1968 166
591 1941 629 1968 de
651 1942 764 1968 eadem
784 1948 828 1975 re,
854 1948 932 1969 con-

132 1986 273 2014 tinuavit
298 1990 328 2014 et
351 1993 486 2014 versum
506 1985 572 2014 fere
591 1990 687 2014 totum
713 1994 754 2014 ex
780 1986 838 2014 illo
862 1987 932 2014 loco

131 2034 196 2060 huc
222 2031 398 2060 transtulit.
447 2031 509 2059 Ubi
528 2032 573 2059 ita
591 2035 694 2066 potest
715 2032 825 2060 aliena
843 2031 933 2067 origo

132 2077 365 2113 demonstrari,
411 2077 477 2105 iam
519 2077 732 2106 dubitandum
771 2085 836 2105 nou
875 2080 933 2105 est.

133 2124 329 2152 Petermann
354 2123 465 2159 Progr.
492 2124 618 2159 Glogau
645 2120 685 2150 63
720 2130 853 2151 versum
880 2123 935 2150 de-

131 2168 235 2197 fendit
261 2172 289 2197 et
315 2166 346 2205 3,
370 2165 447 2205 702,
473 2169 643 2203 studetque
659 2170 796 2203 probare
813 2168 934 2197 formas

135 2210 315 2251 Palladii,
343 2211 455 2248 fluvii.

180 2255 257 2287 152.
285 2256 366 2299 equi
401 2256 504 2289 alvo.-

135 2311 244 2334 lanus.

183 2347 258 2378 153.
285 2345 371 2387 luce,
394 2346 529 2389 palam,
556 2358 621 2379 non
645 2354 678 2379 ut
703 2349 818 2379 Graeci
842 2354 935 2379 nocte

133 2398 165 2424 et
200 2395 333 2424 insidiis
373 2403 484 2424 eorum
523 2398 637 2425 urbem
674 2396 851 2431 capiemus.
893 2410 932 2415 —

136 2437 231 2469 Luce
254 2437 378 2477 palam
413 2441 559 2471 iunctum
590 2442 656 2471 Cic.
684 2444 765 2471 Sest.
794 2439 852 2479 38,
879 2438 934 2470 83.

134 2486 210 2515 Liv.
238 2483 297 2524 22,
324 2484 378 2514 24.

183 2527 258 2560 154.
282 2530 389 2569 faxo,
426 2531 532 2561 fecero
556 2530 616 2567 [cf.
643 2530 682 2570 6,
709 2529 792 2568 89J:
832 2535 868 2560 ut
894 2539 935 2560 ne

134 2580 257 2615 putent,
284 2577 348 2606 sibi
372 2584 445 2606 cum
469 2578 596 2606 Danais
617 2586 693 2607 esse
714 2579 934 2614 pugnandum.

183 2620 258 2652 155.
283 2623 410 2662 putent
448 2621 597 2661 Mny2bc
633 2632 695 2653 rec.
741 2620 828 2664 Wg.
872 2619 936 2651 Ld.

129 2666 255 2707 ferant
273 2665 380 2707 prl.
407 2676 470 2697 rec.
491 2665 556 2697 Rb.
574 2683 613 2688 —
641 2665 792 2698 Hector:
827 2668 937 2697 Solius

135 2713 285 2743 Hectoris
307 2721 407 2748 opera
425 2713 524 2743 Troia
540 2713 674 2743 defensa
693 2718 752 2751 est,
777 2715 832 2749 qui
851 2722 938 2743 nunc

553 2260 689 2288 Notatur
720 2266 822 2294 equus
855 2259 935 2287 Tro-

135 2760 261 2790 occidit.
311 2760 366 2789 Sic
404 2760 538 2788 Hector:
586 2757 744 2788 columen
783 2757 938 2799 patriae,

133 2813 232 2835 mora
257 2803 440 2843 fatorum,
468 2806 506 2834 tu
534 2801 755 2844 praesidium
784 2801 938 2845 Phrygi-

135 2847 198 2879 bus
215 2847 343 2888 fessis,
373 2852 413 2880 tu
437 2858 559 2880 murus
586 2858 687 2885 eras;
717 2846 940 2890 humerisque

135 2892 207 2926 tuis
234 2894 332 2926 stetit
363 2893 430 2925 illa
460 2893 574 2925 decem
596 2892 699 2934 fulta
728 2902 792 2935 per
816 2903 939 2925 annos.

142 2938 268 2971 Tecum
292 2939 436 2979 cecidit,
462 2948 688 2980 summusque
712 2937 786 2969 dies
814 2937 941 2970 Hecto-

139 2983 187 3015 ris
220 2983 312 3016 idem
338 2984 551 3028 patriaeque
578 2983 668 3027 fuit.
717 2987 790 3016 Sen.
822 2987 938 3016 Troad.

981 1160 1056 1192 124.
1107 1163 1175 1191 Hoc
1208 1163 1278 1190 loco
1312 1164 1341 1189 et
1370 1160 1503 1195 saepius
1529 1162 1658 1190 Turnus
1690 1164 1780 1192 eius-

979 1217 1041 1244 que
1081 1208 1162 1238 socii
1204 1206 1390 1236 fortitudine
1437 1214 1593 1241 superare
1633 1207 1783 1238 dicuntur

980 1257 1141 1290 Graec0s3
1174 1261 1236 1288 quo
1266 1252 1374 1288 magis
1410 1254 1610 1282 extollantur
1636 1255 1780 1284 Troiani.

979 1302 1017 1330 Et
1049 1304 1123 1329 sunt
1154 1300 1204 1327 illi
1230 1298 1345 1327 Rutuli
1375 1299 1515 1327 maiores
1540 1300 1780 1338 Romanorum;

978 1347 1025 1375 lta
1048 1351 1082 1375 ut
1104 1345 1208 1374 Silius
1233 1352 1466 1378 nonnunquam
1492 1344 1524 1372 in
1550 1347 1634 1374 bello
1656 1348 1780 1376 Punico

979 1392 1199 1427 describendo,
1225 1390 1280 1419 ubi
1306 1390 1372 1418 iam
1395 1390 1449 1418 diu
1469 1391 1665 1420 Rutulorum
1689 1394 1783 1421 nulla

977 1442 1044 1467 erat
1071 1437 1202 1469 mentio,
1227 1437 1422 1465 Rutulorum
1445 1436 1574 1465 nomine
1592 1437 1698 1473 signet
1714 1439 1782 1467 Ro-

977 1491 1110 1521 manoS,
1145 1487 1175 1511 et
1200 1481 1386 1517 Scipionem
1418 1482 1503 1511 dicat
1538 1483 1650 1512 ducem
1677 1485 1783 1514 Rutu-

977 1532 1092 1558 lorum.

1026 1572 1102 1603 157.
1130 1569 1244 1613 quod,
1268 1573 1425 1612 superest
1464 1576 1704 1608 procurandum
1742 1592 1780 1595 —

979 1618 1062 1650 bene
1086 1616 1198 1660 gestis
1221 1615 1347 1653 rebus,·
1371 1619 1453 1653 quod
1477 1620 1532 1647 ubi
1557 1620 1695 1654 primum
1719 1622 1784 1657 ipsi

979 1667 1012 1695 in
1045 1665 1172 1700 campis
1203 1663 1368 1699 conspecti
1401 1668 1491 1700 sunt,
1530 1666 1688 1695 Troianos
1720 1672 1784 1696 tre—

979 1712 1056 1747 pida
1086 1711 1166 1746 fuga
1197 1710 1231 1738 in
1263 1714 1371 1739 castra
1400 1712 1604 1747 repulerunt;
1639 1717 1668 1741 et
1702 1715 1785 1748 quod

979 1764 1084 1786 naves
1109 1755 1323 1791 perdiderunt.

1028 1799 1107 1832 158.
1134 1802 1365 1838 „Pugnaturos
1411 1808 1473 1829 vos
1523 1801 1654 1837 scitote,
1707 1802 1786 1831 licet

979 1850 1090 1876 hostes
1115 1847 1219 1875 muris
1242 1855 1277 1875 se
1304 1844 1467 1874 teneant.“
1492 1848 1523 1874 S.
1575 1846 1621 1875 Cf.
1646 1844 1699 1881 11,
1730 1845 1781 1876 18.

984 1890 1133 1932 Sperate
1153 1896 1261 1921 autem
1282 1892 1374 1928 dixit,
1397 1892 1481 1926 quod
1501 1892 1567 1921 viri
1589 1896 1664 1921 sunt
1683 1892 1781 1922 fortes

980 1943 1009 1967 et
1036 1938 1225 1968 certaminis
1250 1938 1370 1972 cupidi.

1028 1981 1104 2012 160.
1132 1985 1219 2013 Cura
1259 1985 1352 2012 datur
1386 1984 1539 2017 Messapo
1579 1980 1785 2026 obsidere

980 2034 1090 2064 portas
1130 2033 1159 2058 et
1198 2029 1337 2058 flammis
1374 2025 1550 2068 cingere
1586 2029 1715 2057 moenia
1755 2034 1785 2058 et

981 2075 1085 2104 milite
1118 2082 1296 2103 servare
1332 2082 1442 2103 muros
1476 2082 1522 2103 sc.
1556 2075 1783 2112 Troianorum,

981 2129 1045 2148 non
1071 2128 1215 2154 suorum,
1241 2128 1280 2149 ne
1305 2120 1356 2147 illi
1376 2128 1433 2154 per
1454 2123 1579 2148 noctem
1598 2120 1783 2156 aufugiant.

979 2167 1065 2194 Illud
1108 2162 1246 2194 moenia
1285 2164 1429 2202 cingere
1464 2162 1625 2202 flammis
1667 2166 1786 2201 legitur

983 2208 1036 2244 10,
1056 2208 1121 2239 118
1141 2211 1211 2239 alia
1233 2210 1478 2246 significatione.
1516 2211 1630 2244 Itaque
1645 2210 1784 2240 difficul-

982 2261 1081 2286 tatem
1105 2256 1188 2285 tollit
1215 2264 1341 2284 omnem
1362 2252 1427 2292 Pl,
1454 2255 1510 2290 qui
1531 2256 1613 2284 delet
1632 2263 1676 2284 m.
1704 2265 1733 2284 c.
1753 2254 1784 2293 f.

983 2304 1044 2332 Sed
1069 2311 1101 2331 v.
1128 2301 1336 2336 imperfectus
1373 2307 1424 2335 ap.
1451 2302 1525 2337 Vgl.
1562 2309 1625 2330 non
1659 2306 1787 2330 constat

981 2350 1086 2378 tribus
1108 2348 1255 2383 pedibus.

1030 2391 1106 2423 161.
1135 2395 1213 2422 Sunt
1239 2393 1338 2429 igitur
1360 2392 1460 2421 JICD.
1487 2391 1624 2427 mium,
1659 2398 1679 2420 a
1703 2391 1783 2420 XIV

983 2440 1226 2470 centurionibus
1248 2438 1345 2467 ducti.
1367 2453 1405 2457 —
1426 2437 1453 2466 Ii
1473 2437 1688 2471 disponuntur
1709 2441 1785 2466 ante

982 2490 1092 2516 castra
1125 2493 1182 2520 per
1213 2484 1338 2520 spatia,
1375 2483 1466 2512 vices
1498 2483 1649 2518 variant:
1689 2482 1785 2519 ignes

981 2533 1107 2566 lucent3
1140 2530 1197 2565 qui
1222 2538 1286 2559 non
1309 2533 1385 2559 sunt
1409 2529 1442 2556 in
1469 2529 1620 2564 specula,
1648 2528 1726 2556 vino
1753 2532 1784 2557 et

981 2578 1057 2606 ludo
1083 2577 1268 2613 indulgent,
1303 2575 1387 2603 nihil
1411 2574 1523 2612 anxii,
1557 2574 1654 2608 quasi
1678 2574 1784 2602 hostis

982 2631 1047 2651 non
1072 2623 1210 2651 adesset.

1033 2665 1107 2696 163.
1132 2662 1304 2707 purpurei
1330 2661 1446 2693 cristis
1470 2661 1510 2701 i.,
1544 2664 1584 2693 cf.
1610 2661 1651 2701 7,
1689 2661 1766 2693 483.

1030 2710 1108 2742 164.
1141 2710 1240 2740 r‘ices
1263 2710 1380 2747 legitur
1405 2710 1520 2738 iterum
1545 2718 1577 2738 v.
1599 2707 1664 2738 175
1690 2717 1787 2739 exer-

983 2761 1035 2788 cet
1053 2755 1164 2792 vices‚·
1189 2754 1253 2784 222
1273 2757 1417 2785 servant
1444 2752 1536 2783 vices
1559 2752 1714 2784 statione
1734 2763 1788 2783 re—

985 2801 1092 2839 licta3
1116 2804 1197 2832 adde
1220 2803 1303 2837 quod
1326 2799 1356 2837 3,
1380 2797 1445 2828 634
1470 2804 1520 2829 est
1539 2797 1661 2829 sortiri
1684 2797 1787 2838 vices,

984 2854 1015 2879 et
1046 2848 1156 2879 confer
1187 2848 1264 2883 quid
1296 2847 1338 2875 sit
1370 2843 1516 2875 invicem
1551 2850 1580 2874 et
1612 2842 1789 2874 vicarius.-

985 2896 1052 2924 iam
1077 2894 1242 2930 intelliges
1276 2890 1368 2921 vices·
1395 2899 1469 2921 esse
1493 2891 1635 2920 militum
1659 2891 1693 2919 in
1718 2895 1787 2920 sta-

984 2941 1090 2970 tiones
1112 2940 1252 2969 aliorum
1276 2938 1513 2968 successiones,
1564 2937 1618 2967 Sic
1641 2937 1728 2966 curt.
1755 2935 1787 2975 8,

984 2985 1015 3024 6,
1040 2983 1081 3014 11
1102 2982 1137 3015 in
1155 2980 1404 3026 permutandis
1425 2980 1619 3013 stationum
1641 2979 1795 3012 vicibus:
