2023 3350
205 126 288 167 314

205 239 286 290 Qui
321 238 512 280 iuvenes!
557 240 745 290 quantas
782 241 1018 291 ostentant,

768 126 803 158 P.
838 125 946 159 VIRG
953 127 1035 159 1L11
1069 127 1282 162 MARONIS

1059 239 1252 295 adspice,
1290 242 1400 284 vires
1414 243 1422 283 !

202 298 343 350 Atque
381 295 583 336 umbrata
625 298 781 347 gerunt
820 296 935 337 civili
975 299 1175 351 tempora
1213 312 1385 353 quercu.

203 353 260 394 Hi
296 351 376 393 tibi
408 353 667 393 Nomentum
703 356 746 393 et
784 351 945 394 Gabios
981 354 1217 408 urbemque
1256 356 1474 409 Fidenam,

202 410 258 451 Hi
298 409 532 450 Collatinas
569 409 790 462 imponent
823 410 1040 451 montibus
1074 425 1207 464 arces,

204 467 368 521 [Laude
405 466 640 520 pudicitiae
676 467 883 518 celebres,
925 468 1173 521 addentque
1207 470 1433 526 superbos]

1759 473 1841 512 775

201 524 434 575 Pometios,
478 524 761 578 Castrumque
803 525 916 577 Inui,
957 525 1216 580 Bolamque,
1260 528 1511 583 Coramque.

201 581 319 622 Haec
359 585 451 622 tum
486 581 660 623 nomina
696 585 840 634 erunt,
878 597 990 624 nunc
1031 588 1130 625 sunt
1165 584 1255 626 sine
1288 587 1458 628 nomine
1492 590 1647 629 terrac.

202 639 313 689 Quin
351 642 393 680 et
426 652 506 680 avo
545 640 745 681 comitem
780 654 871 681 sese
911 640 1150 682 Mavortius
1189 641 1320 683 addet

201 696 423 749 Romulus,
459 697 662 738 Assaraci
699 711 826 750 quem
863 698 1083 751 sanguinis
1113 699 1196 740 Ilia
1233 703 1374 741 mater

200 753 379 796 Educet.

201 921 299 948 haec:
333 917 486 954 „Recepit
513 925 533 947 a
559 922 661 947 tutore
690 919 745 953 qui
775 920 848 949 eius
874 920 1000 949 invasit

201 964 390 999 imperium,
423 965 506 998 quod
536 964 566 992 ei
598 964 658 993 vix
688 971 772 994 anno
797 966 999 1003 quinquage-

202 1011 284 1039 simo
305 1010 397 1038 tertio
421 1009 570 1046 restituit,
597 1014 626 1039 et
653 1018 719 1039 rem
743 1013 871 1046 plenam
897 1013 999 1041 histo-

202 1056 271 1085 riae
295 1064 351 1090 per
377 1056 548 1084 transitum
573 1055 708 1092 tetigit.“
743 1059 773 1086 S.
823 1059 903 1087 Tale
923 1059 999 1093 quid

203 1106 298 1137 poeta
318 1101 525 1135 significavit,
547 1106 693 1130 veterum
716 1103 919 1141 scriptorum,
943 1104 998 1139 qui

203 1148 287 1176 idem
307 1151 464 1183 narraret,
491 1149 648 1175 habemus
669 1149 839 1178 neminem.
867 1165 905 1169 —
930 1147 999 1178 Re-

201 1190 387 1234 guamlam
414 1196 445 1221 ut
474 1195 645 1232 regnatus
667 1193 705 1222 cf.
731 1192 807 1223 794.

249 1235 325 1266 771.
354 1235 514 1266 iuvenes.-
556 1240 638 1267 Nam
668 1239 806 1268 iuvenes
834 1249 897 1269 non
924 1245 999 1269 sunt

202 1288 332 1313 tenerae
363 1283 499 1319 aetatis,
538 1285 594 1312 sed
625 1284 697 1313 eius
729 1293 793 1319 qua
824 1287 913 1315 vires
946 1295 998 1315 ro-

201 1332 317 1359 bustae
333 1334 426 1364 sunt,
451 1334 480 1357 et
498 1330 631 1359 iuvenis
649 1335 697 1359 est
714 1332 847 1360 Aeneas
869 1334 900 1369 ὅ,
922 1330 996 1360 112.

248 1373 324 1404 772.
360 1373 547 1404 tsmbratus
580 1380 627 1404 est
663 1380 838 1411 poetarum.
875 1393 912 1397 ——
951 1376 996 1406 ci-

202 1418 267 1450 vili
292 1428 427 1460 quercu.
463 1421 590 1449 Corona
612 1422 718 1451 civica
737 1432 754 1451 e
770 1423 882 1452 fronde
902 1431 997 1458 quer-

202 1474 264 1496 nea
289 1468 425 1495 dabatur
447 1466 487 1502 ei,
515 1468 572 1501 qui
592 1468 626 1495 in
648 1469 768 1502 proelio
796 1469 902 1498 civem
929 1478 997 1498 ser-

202 1517 358 1547 vaverat,
396 1513 504 1547 itaque
536 1513 587 1541 illi
621 1522 713 1550 reges
744 1515 840 1543 etiam
865 1516 897 1543 111
927 1524 998 1544 ser-

200 1559 321 1588 vandis
344 1559 414 1586 suis
439 1559 568 1587 civibus
596 1560 679 1588 clari
702 1560 830 1589 fuerunt
853 1565 882 1590 et
910 1562 997 1590 nacti

202 1610 278 1633 sunt
305 1607 473 1639 honorem,
508 1605 562 1638 qui
593 1606 626 1633 in
650 1607 835 1640 Augustum
869 1608 997 1635 delatus

201 1654 260 1679 est.
310 1652 391 1678 Nam
412 1654 486 1678 ante
510 1651 581 1679 eius
608 1652 735 1680 domum
762 1653 793 1680 in
815 1653 935 1687 palatio
956 1662 997 1682 ex

200 1700 335 1725 senatus
361 1697 483 1724 decreto
508 1697 594 1724 lauri
614 1704 653 1726 ac
671 1706 768 1732 super
786 1706 842 1727 eas
861 1706 997 1730 coronae

200 1749 361 1776 querneae
387 1750 569 1775 suspensae
591 1748 692 1775 erant,
721 1746 804 1777 quod
825 1749 996 1778 perpetuus

199 1791 286 1816 esset
316 1788 459 1816 hostium
488 1788 593 1816 victor
623 1793 651 1817 et
684 1789 806 1818 civium
838 1795 995 1825 servator,

200 1833 238 1862 cf.
262 1835 320 1862 Ov.
339 1835 372 1861 F.
403 1830 431 1867 1,
457 1830 533 1861 614.
572 1832 602 1868 4,
629 1832 704 1863 953.
731 1850 767 1855 —
791 1838 894 1874 atquc
914 1838 995 1864 Mss.

200 1879 266 1907 sere
293 1887 420 1911 omnes,
456 1883 485 1907 et
515 1883 580 1908 est:
620 1881 660 1908 ad
684 1882 813 1909 laudem
843 1882 995 1910 bellicam

199 1925 322 1953 accedit
348 1927 423 1952 laus
448 1925 569 1953 civilis.
603 1941 641 1945 --
676 1929 712 1955 at
739 1925 798 1966 qni
824 1929 914 1963 vulg.
958 1929 995 1955 Et

199 1972 282 1999 bello
314 1974 341 1998 et
368 1978 447 2005 pace
472 1971 617 2007 insignes
643 1972 666 1999 ii
693 1976 780 2000 sunt.
810 1988 847 1992 —-
874 1975 993 2001 Rerum

199 2016 349 2045 civilium
386 2016 507 2045 iniecta
539 2018 698 2046 mentione
736 2018 806 2052 ipse
839 2020 996 2047 adductus

199 2067 258 2094 est,
287 2066 320 2089 111
341 2062 427 2089 alias
454 2071 517 2098 res,
543 2064 659 2096 quibus
678 2064 728 2091 illi
752 2065 877 2099 antiqui
904 2073 996 2099 reges

200 2108 311 2142 populi
339 2108 511 2141 potentiam
537 2114 813 2143 propagaverunt.
849 2115 880 2138 ut
910 2113 995 2139 colo-

200 2153 274 2181 nias
306 2154 452 2181 conditas
482 2160 753 2183 continemoraret.
806 2157 873 2185 Hoc
903 2158 995 2184 modo

199 2200 238 2227 ad
274 2200 410 2227 Romam
440 2200 582 2228 omnium
614 2202 857 2231 celeberrimum
887 2203 995 2231 Albae

198 2245 357 2273 coloniam
401 2246 575 2273 transitum
618 2247 682 2275 sibi
723 2252 814 2282 parat
862 2248 995 2282 eiusque

199 2290 394 2319 conditorem
421 2292 603 2319 Romulum.

244 2334 321 2364 773.
348 2337 399 2364 Ab
426 2338 514 2365 Alba
543 2339 652 2371 Longa
685 2338 818 2372 triginta
848 2339 996 2368 dicuntur

198 2382 345 2410 comlitae
381 2391 455 2410 esse
489 2384 653 2415 coloniae,
704 2391 838 2417 quarum
881 2386 994 2413 ultima

196 2428 292 2456 fuerit
326 2429 430 2456 Roma
462 2429 555 2456 Dion.
593 2427 628 2457 3.
670 2427 723 2457 31.
789 2428 992 2458 ,xantonum

198 2472 394 2508 [wentana]
428 2474 460 2501 111
487 2482 564 2507 agro
592 2475 712 2503 Sabino
739 2477 779 2503 ad
806 2476 909 2503 fontes
933 2477 995 2504 Al-

196 2519 262 2547 liae
288 2520 397 2547 situm.
425 2517 455 2554 7,
488 2517 552 2546 712
578 2521 711 2548 Sabinis
736 2521 868 2549 urbibus
889 2529 995 2550 3111111-

198 2569 347 2593 meratur.
398 2566 465 2593 1100
494 2566 646 2600 oppidum
679 2570 706 2594 et
737 2565 994 2595 Crusiumerium

197 2614 225 2638 et
254 2611 395 2638 Fidenae
422 2612 517 2647 longe
550 2616 624 2640 ante
652 2613 789 2640 Romam
818 2612 932 2647 (Dion.
962 2610 992 2649 2,

198 2654 260 2689 36]
303 2664 323 2684 a
353 2656 455 2684 tribus
497 2657 653 2686 fratribus
684 2658 811 2686 0111111113
846 2662 937 2690 sunt,
973 2666 993 2687 a

197 2702 341 2730 maximo
363 2706 439 2729 natu
463 2703 620 2737 Fidenae,
657 2711 739 2737 quae
764 2705 841 2731 urbs
862 2705 993 2732 Romuli

197 2750 336 2781 tempore
358 2751 425 2775 erat
450 2742 749 2786 πολυάνθρωπος
771 2743 832 2777 καὶ
857 2744 992 2788 μεγάλη

197 2792 234 2819 D.
256 2791 286 2829 2,
313 2792 354 2820 53
371 2797 465 2827 capta
486 2800 505 2821 3
524 2795 672 2822 Romulo.
713 2796 788 2823 Erat
808 2796 864 2822 XL
884 2795 991 2823 studia

199 2840 238 2865 ab
272 2841 347 2867 urbe
379 2840 492 2867 Roma.
559 2840 688 2869 Usitata
716 2840 859 2869 nominis
891 2841 990 2868 forma

195 2888 241 2910 est
288 2881 458 2917 Fidenae,
511 2892 628 2921 arum,
679 2886 741 2914 etsi
791 2886 992 2919 singularem

195 2929 271 2956 dant
308 2929 405 2957 etiam
447 2930 504 2957 Sil.
551 2928 609 2965 15,
648 2928 700 2959 90.
770 2932 846 2960 Tac.
880 2932 922 2960 A.
961 2930 991 2969 4,

197 2970 250 3000 62.
299 2975 353 3003 Sic
377 2975 413 3010 5,
440 2973 482 3002 52
507 2976 625 3012 legitur
656 2974 808 3015 Mycenae.
852 2978 992 3011 „Varie-

197 3018 253 3045 tati
283 3021 396 3048 studet.
456 3021 547 3050 Unde
582 3022 628 3050 311
669 3022 767 3051 etiam
809 3019 992 3061 Pometios,

437 754 592 806 Viden,
628 758 677 796 ut:
715 755 909 809 geminae
943 759 1062 798 stant]
1095 757 1255 799 vertice
1292 757 1461 809 cristae,

1757 759 1840 799 780

1046 929 1116 951 cum
1131 922 1256 951 dicatur
1275 929 1407 950 numero
1428 921 1588 958 singulari
1603 918 1782 949 Pometia.“
1809 922 1843 949 S„

1049 983 1087 987 —
1127 964 1248 1005 Gabii,
1280 970 1357 996 urbs
1381 968 1588 1003 Latinorum,
1623 967 1731 995 Albae
1755 967 1842 995 colo-

1045 1013 1102 1041 nia
1127 1013 1159 1041 in
1185 1014 1243 1042 via
1268 1014 1493 1049 Praenestina,
1520 1014 1543 1042 C
1569 1012 1678 1041 stadia
1698 1015 1738 1041 ab
1764 1014 1841 1040 urhe

1046 1060 1159 1088 Roma.
1194 1059 1363 1094 Tarquinii
1381 1063 1520 1093 tempore
1535 1051 1842 1096 πολυάνθρωπος,

1046 1112 1066 1133 a
1092 1113 1153 1140 quo
1185 1110 1280 1140 capta
1312 1109 1360 1134 est
1390 1107 1476 1133 urbs.
1532 1104 1675 1140 Augusti
1702 1108 1842 1138 tempore

1046 1151 1129 1179 muri
1157 1155 1186 1180 et
1212 1153 1315 1180 multa
1341 1150 1487 1179 aedificia
1511 1154 1718 1185 supererant;
1755 1150 1840 1178 cole-

1046 1199 1162 1225 bantur
1206 1198 1297 1225 modo
1341 1197 1490 1232 regiones
1527 1196 1604 1225 viae
1641 1195 1840 1224 adiacentes.
1890 1192 1897 1196 ’

1044 1242 1138 1270 Dion.
1166 1239 1202 1279 4,
1228 1240 1280 1270 53.
1331 1242 1378 1271 Cf.
1406 1239 1441 1275 7,
1468 1239 1543 1270 682.

1091 1285 1167 1315 774.
1202 1285 1355 1316 Collatia
1382 1287 1489 1322 posita
1515 1288 1555 1316 ad
1575 1287 1738 1316 Anienem
1765 1286 1840 1315 Liv.

1048 1331 1081 1367 l,
1107 1331 1167 1370 57,
1194 1333 1365 1367 Tarquinii
1391 1337 1531 1368 tempore
1555 1337 1624 1362 erat
1649 1335 1725 1362 urbs
1747 1332 1842 1361 Sabi-

1042 1387 1156 1407 norum
1186 1375 1217 1415 l,
1243 1377 1295 1407 3s.

1091 1422 1166 1452 775.
1194 1425 1254 1454 Hic
1279 1432 1397 1453 versus
1421 1433 1479 1453 nec
1510 1424 1543 1452 in
1568 1426 1668 1461 Mss,
1698 1432 1758 1453 nec
1782 1432 1841 1453 ve—

1044 1470 1166 1498 teribus
1188 1472 1265 1499 Edd.
1292 1475 1454 1505 repertus,
1488 1471 1602 1498 illatus
1628 1478 1701 1499 esse
1725 1470 1842 1499 dicitur

1044 1523 1064 1545 a
1084 1516 1232 1545 Fabricio
1249 1518 1494 1552 Lampngnano,
1520 1516 1752 1545 iurisconsulto
1771 1518 1841 1545 Me-

1045 1562 1239 1591 diolanensi.
1288 1564 1380 1598 „Qua
1409 1562 1521 1591 fraude
1553 1563 1583 1591 si
1612 1562 1747 1591 inventa
1773 1563 1839 1591 iam

1045 1609 1259 1643 typographia
1285 1609 1430 1636 homines
1461 1608 1578 1636 eruditi
1608 1612 1683 1636 sunt.
1706 1609 1840 1646 decepti,

1044 1654 1119 1687 quid
1155 1654 1372 1690 typographia
1407 1655 1550 1682 nondum
1585 1654 1719 1682 inventa
1752 1654 1841 1683 acci-

1045 1700 1133 1728 disse
1157 1698 1345 1728 dicemus‘C‘
1377 1696 1427 1727 Pl.

1090 1743 1165 1773 776.
1199 1743 1347 1774 Ροηινιὶἰ
1372 1754 1429 1773 seu
1450 1747 1573 1773 Suessa
1593 1745 1740 1774 Pometia
1759 1745 1840 1774 Vol-

1044 1799 1171 1819 scorum
1198 1795 1263 1819 erat
1291 1793 1386 1825 urbs,
1422 1792 1478 1819 sed
1502 1795 1616 1825 postea
1645 1791 1774 1820 colonia
1801 1799 1838 1819 eo

1043 1842 1090 1865 est
1109 1838 1243 1865 deducta
1259 1837 1386 1865 Latina.
1437 1838 1528 1865 Certe
1547 1844 1577 1865 a.
1597 1845 1626 1865 u.
1648 1835 1840 1874 250„,«1uae

1043 1883 1190 1911 coloniae
1214 1883 1352 1911 Latinae
1375 1883 1519 1911 Pometia
1543 1887 1573 1911 et
1597 1883 1682 1911 Cora
1703 1883 1744 1911 ad
1766 1883 1839 1912 Au-

1043 1937 1161 1957 runcos
1197 1928 1381 1957 tleficitttit.“
1433 1929 1507 1956 Liv.
1537 1926 1572 1965 2,
1610 1925 1658 1956 16.
1707 1929 1743 1956 111
1772 1932 1838 1957 est:

1042 1975 1170 2003 Latinis
1189 1975 1338 2008 expulsis
1355 1974 1469 2003 Volsci
1490 1977 1586 2003 urbes
1605 1974 1774 2010 recipiunt,
1797 1973 1837 2003 cf.

1044 2029 1069 2049 c.
1097 2018 1150 2053 22,
1179 2025 1207 2048 et
1225 2020 1355 2048 Plinius
1378 2018 1408 2056 3,
1433 2020 1463 2055 5,
1490 2018 1508 2047 9
1533 2020 1615 2048 inter
1632 2020 1720 2048 Latii
1741 2017 1840 2048 clara

1043 2066 1160 2100 oppida
1185 2070 1348 2094 memorat.
1376 2081 1413 2085 —-
1448 2064 1606 2094 Castrum
1633 2063 1714 2093 Inui
1742 2065 1786 2101 „i.
1811 2073 1838 2094 e.

1044 2113 1168 2145 Panos,
1207 2113 1262 2146 qui
1298 2112 1367 2140 illic
1403 2111 1529 2141 colittir.
1597 2112 1698 2139 Inuus
1731 2115 1837 2139 autem

1043 2158 1159 2186 Latine
1183 2159 1384 2192 appellatur,
1417 2159 1537 2186 Graece
1568 2152 1666 2193 Πᾶν,
1695 2161 1839 2185 castrum

1043 2208 1152 2232 autem
1176 2204 1296 2232 civitas
1329 2204 1409 2232 esu-⁴
1441 2205 1471 2230 S.
1522 2202 1593 2230 Liv.
1627 2200 1657 2236 Ι,
1688 2202 1707 2229 5
1739 2199 1838 2230 Pana

1043 2258 1140 2288 quem
1175 2246 1325 2277 Romani
1351 2246 1477 2276 deinde
1504 2250 1671 2276 vocarunt
1703 2245 1839 2276 Inuum.

1043 2296 1129 2323 Idem
1155 2295 1249 2323 tradit
1269 2297 1367 2323 Macr.
1393 2296 1458 2321 Sat.
1491 2291 1517 2327 1,
1544 2291 1595 2321 22.
1627 2308 1664 2312 —
1687 2294 1838 2322 Castrum

1043 2341 1115 2368 Inui
1142 2341 1215 2368 sive
1241 2341 1392 2368 Castrum
1418 2339 1475 2367 sil.
1502 2338 1533 2369 8,
1563 2337 1622 2365 3111
1654 2347 1719 2368 11011
1744 2341 1839 2375 longe

1042 2390 1197 2414 remotum
1230 2388 1270 2414 ab
1301 2386 1413 2414 Ardea
1442 2389 1471 2413 et
1507 2386 1546 2412 311
1586 2392 1673 2414 mare
1711 2386 1840 2414 videtur

1043 2431 1155 2459 fuisse.
1179 2447 1216 2450 —
1247 2428 1376 2458 ι’ἰοΙαιιὶ
1399 2433 1499 2459 latere
1524 2431 1650 2459 videtur
1675 2433 1734 2459 sub
1758 2439 1838 2460 voce

1045 2473 1260 2504 Βοιάλανῶν
1292 2484 1342 2510 ap.
1370 2477 1463 2504 Dion.
1493 2476 1529 2507 5,
1561 2475 1620 2513 til,
1653 2477 1707 2505 ubi
1728 2477 1839 2505 Latini

1041 2522 1182 2550 nominis
1221 2526 1333 2555 gentes
1369 2526 1608 2550 enumerantur.
1657 2537 1695 2542 —-
1747 2520 1838 2551 Cora

1042 2568 1231 2596 Latinorum
1258 2567 1317 2596 fuit
1343 2568 1381 2596 (zf.
1412 2568 1485 2596 Liv.
1514 2567 1550 2603 2,
1583 2566 1631 2596 16.

1088 2611 1165 2641 778.
1194 2610 1289 2642 Addi
1319 2611 1474 2642 comitem
1511 2622 1543 2643 v.
1578 2610 1654 2642 528.
1704 2613 1779 2642 Liv.
1808 2608 1838 2649 1,

1040 2656 1082 2685 56
1114 2656 1247 2687 Brutus
1267 2656 1363 2696 filiis
1394 2656 1506 2697 regiis
1541 2667 1652 2687 comes
1683 2655 1837 2687 additur.

1040 2704 1094 2733 Sic
1120 2705 1232 2732 Claud.
1261 2705 1327 2733 ΠΡ.
1355 2701 1389 2739 1,
1417 2702 1477 2731 231
1511 2705 1631 2733 Veneri
1655 2712 1690 2732 se
1717 2703 1836 2732 addunt

1040 2750 1174 2778 comites
1213 2751 1328 2778 Pallas
1362 2754 1391 2778 et
1431 2751 1549 2779 Diana.
1611 2750 1659 2779 Cf.
1698 2747 1734 2786 2,
1768 2745 1833 2775 339

1039 2803 1074 2824 se
1100 2793 1230 2823 addere
1252 2793 1395 2824 socium.

1087 2838 1163 2869 779.
1195 2839 1363 2869 Assaraci
1398 2837 1607 2879 sanguinis:
1652 2839 1700 2867 De
1734 2837 1837 2866 forma

1039 2886 1194 2915 adieetivi
1219 2886 1257 2915 cf.
1288 2884 1314 2921 1,
1335 2884 1410 2915 (586.
1449 2887 1496 2915 De
1513 2887 1679 2914 Assaraco
1705 2881 1732 2921 1,
1756 2881 1832 2912 284.

1042 2947 1079 2951 -
1116 2929 1185 2960 Ilia
1217 2936 1248 2961 et
1278 2933 1371 2961 Rhea
1399 2936 1429 2961 et
1459 2931 1568 2960 Silvia
1600 2930 1717 2959 dicitur
1747 2931 1834 2965 apud

1038 2977 1200 3011 antiquos.

1086 3020 1164 3051 7s0.
1193 3019 1315 3061 viden,
1347 3024 1385 3052 ut
1418 3023 1523 3051 stant.
1577 3021 1625 3049 De
1653 3020 1834 3050 Indicativo
