2023 3350
86 217 262 258 Mortua
298 216 402 270 quin
443 215 573 257 etiam
609 214 816 268 iungebat
850 228 1036 269 corpora
1074 215 1191 267 vivis,

88 274 357 326 Componens
397 272 681 325 manibusque
713 286 866 313 manus
902 276 1035 325 atque
1071 272 1217 314 oribus
1258 286 1346 321 ora.

85 331 305 372 Tormenti
346 344 499 383 genus,
541 333 583 370 et
621 329 740 370 sanie
779 329 970 382 taboque
1009 328 1188 371 fluentes

87 387 321 440 Complexu
360 388 404 427 in
442 388 598 427 misero
634 387 766 439 longa
809 387 868 427 sic
904 391 1043 428 morte
1075 387 1271 429 necabat.

85 446 144 486 At
178 445 279 485 fessi
310 444 483 485 tandem
524 444 634 484 cives
670 443 849 485 infanda
887 443 1100 484 furentem

87 502 255 542 Armati
297 501 617 542 circumsistunt
654 501 881 554 ipsumque

88 559 357 599 Obtruncant
394 558 551 609 socios,
589 558 731 611 ignem
766 559 822 599 ad
864 558 1040 611 fastigia
1078 559 1254 598 iactant.

86 615 165 656 1110
198 616 309 655 inter
349 615 523 656 caedem
561 615 816 656 Rutulorum
850 615 1020 668 elapsus
1057 615 1100 655 111
1138 629 1266 667 agros

88 671 344 724 Confugere,
388 676 430 714 et
469 672 600 713 Turni
641 672 860 713 defendier
895 672 1077 726 hospitis
1111 673 1254 712 armis.

87 729 202 782 Ergo
241 730 378 769 omnis
416 729 541 770 furiis
579 730 765 770 surrexit
801 730 978 770 Etruria
1015 729 1158 780 iustis,

85 786 242 838 Regem
282 786 339 827 ad
378 787 635 840 supplicium
674 787 891 840 praesenti
928 787 1068 827 Marte
1103 790 1348 839 reposcunt.

85 842 163 883 His
200 856 278 896 ego
317 847 377 894 te,
413 846 576 895 Aenea,
615 843 837 885 ductorem
874 843 1061 884 millibus
1102 843 1272 884 addam.

85 900 192 940 Toto
231 914 416 953 namque
454 900 641 941 fremunt
683 901 922 942 condensae
955 900 1081 941 111010
1120 914 1298 953 puppes,

86 957 302 1010 Signaque
336 958 448 998 ferre
483 958 654 1008 iubent3
693 959 850 998 retinet
889 958 1121 1010 longaevus
1157 957 1373 1010 haruspex

84 1014 195 1055 Fata
236 1028 412 1055 canens:

85 1071 186 1112 Flos
226 1075 419 1112 veterum
459 1072 680 1125 virtusque
720 1073 876 1121 virum,
914 1085 1022 1124 quos
1065 1071 1203 1111 iustus
1234 1071 1274 1110 111
1314 1071 1481 1113 hostem

86 1128 187 1169 Fert
227 1128 372 1179 dolor,
407 1132 449 1169 et
479 1129 633 1170 merita
669 1129 867 1170 accendit
909 1128 1142 1169 Mezentius
1177 1129 1264 1175 ira;

85 1185 202 1226 Nulli
240 1185 305 1226 fas
338 1186 448 1226 Italo
484 1190 651 1226 tantam
685 1185 941 1238 subiungere
976 1188 1162 1237 gentem:

86 1242 301 1283 Externos
340 1246 486 1295 optate
522 1242 661 1283 duces.

87 1299 180 1340 Hoc
213 1300 326 1340 acies
365 1313 535 1352 campo,
574 1299 749 1340 monitis
787 1299 993 1340 exterrita
1030 1298 1184 1339 divom.

672 101 908 135 AENEIDOS
938 103 1022 135 LlB.
1050 104 1143 135 vlu.
1648 104 1731 142 415

1649 218 1732 256 4s5

925 501 1184 553 domumque
1197 515 1206 546 ;
1650 509 1732 546 490

1648 792 1730 829 495

483 1016 516 1055 Ο
554 1015 778 1056 Maeoniae
819 1014 985 1055 delecta
1018 1015 1226 1065 iuventus,

1646 1080 1728 1117 500

722 1243 828 1283 Τ11111
868 1242 1054 1282 Etrusca
1085 1240 1246 1281 resedit

1650 1363 1731 1399 505

87 1357 184 1410 Ipse
219 1360 411 1398 oratores
447 1356 504 1397 ad
541 1370 608 1398 me
648 1356 855 1410 regnique
890 1369 1094 1397 coronam

131 1482 208 1512 485.
239 1481 331 1522 Quin
356 1482 459 1514 etiam
485 1486 633 1514 secundo
650 1487 724 1513 loco
744 1484 886 1520 positum

91 1530 215 1564 repetiit
239 1532 316 1558 Tac.
342 1532 377 1558 G.
401 1529 432 1558 3.

130 1573 206 1603 487.
232 1573 395 1604 tormenta·
420 1583 546 1616 genus.
592 1577 641 1604 De
674 1584 713 1604 eo
743 1582 887 1604 accusa-

87 1619 154 1648 tivo
181 1620 221 1648 cf.
251 1619 308 1655 ll,
336 1620 388 1648 76.

131 1663 208 1693 485.
239 1662 298 1694 Sic
320 1670 393 1700 post
420 1666 624 1701 participium
645 1667 818 1695 abundans
845 1665 885 1694 cf.

88 1710 123 1746 1,
145 1709 223 1739 -225,

132 1754 209 1784 489.
231 1753 338 1792 fessi,
387 1756 533 1791 pertaesi
581 1757 802 1793 crudelitatis,
854 1760 886 1784 ιιῑ

88 1802 240 1830 Germani
264 1798 385 1835 mim&
417 1802 480 1830 iam
515 1802 600 1831 ferre
629 1810 695 1830 non
721 1804 884 1830 valentes.

88 1862 132 1866 —
184 1843 338 1883 infanda
391 1844 579 1882 furentem.
646 1848 886 1876 Accusativum

88 1892 174 1926 apud
218 1892 354 1919 Latinos
393 1892 542 1920 adverbii
580 1894 689 1920 locum
731 1894 885 1921 videmus

87 1936 268 1970 sustinere‚·
303 1936 351 1965 sic
384 1934 534 1975 partim,
570 1935 689 1974 facile,
731 1936 886 1971 sublime.

86 1980 301 2022 plerumque,
327 1981 407 2015 alien
436 1982 484 2009 sic
507 1982 539 2010 in
555 1983 789 2016 comparativis
817 1991 887 2011 om—

87 2028 202 2058 nibus„
243 2028 325 2054 Eum
351 2034 444 2055 usum
472 2027 579 2055 secuti
603 2033 677 2056 sunt
704 2033 831 2062 poetae.
858 2033 886 2056 et

89 2072 317 2101 accusativum
343 2072 523 2106 singularis
551 2077 580 2100 et
608 2074 744 2107 pluralis
776 2073 888 2101 adiee-

89 2119 229 2146 tivorum
265 2117 398 2151 positivi
436 2125 493 2151 pro
527 2119 683 2146 adverbio
717 2122 887 2152 usurpant.

88 2165 181 2191 Dauo
205 2162 315 2196 aliqua
343 2170 386 2191 ex
405 2163 531 2197 virgilii
551 2164 750 2191 carminibus
774 2171 888 2191 exem-

90 2211 154 2244 pta.
203 2209 257 2236 Sic
284 2206 432 2237 multum
455 2207 610 2237 iactatus
636 2209 670 2242 1,
703 2207 734 2237 3.
783 2205 889 2237 lacri-

88 2261 189 2282 mans
219 2253 261 2289 3,
302 2252 378 2281 348.
427 2261 597 2293 magnum
623 2252 742 2292 fluens
781 2256 816 2282 G.
856 2252 888 2291 3,

89 2298 144 2327 28.
193 2295 400 2327 horrendum
425 2296 564 2328 intonat
599 2299 654 2328 12.
690 2299 765 2328 ἴο0.
815 2296 889 2327 lon-

90 2352 175 2384 gum
203 2341 332 2372 laetari
353 2343 402 2377 10,
427 2344 502 2372 740.
527 2347 720 2374 —torvnm
737 2342 891 2373 clamare

90 2390 121 2424 ἵ,
148 2387 223 2417 399.
273 2386 424 2417 immune
444 2387 585 2428 spirans
605 2390 634 2426 7,
660 2389 737 2418 510.
787 2387 891 2418 hians

96 2434 151 2470 10,
187 2433 264 2462 726.
308 2432 463 2471 fremens
507 2434 560 2470 12,
601 2434 676 2463 335.
726 2436 890 2470 (saevum

89 2477 260 2515 fremebat
284 2480 397 2508 Claud.
417 2481 453 2507 R.
479 2481 513 2508 P.
542 2480 567 2516 Ι,
589 2480 689 2516 287.)
739 2479 891 2510 immane

90 2526 192 2553 sonat
217 2526 253 2552 G.
282 2522 318 2557 3.
351 2524 429 2553 238.
479 2523 614 2565 [impar
638 2534 767 2555 sonans
797 2527 888 2561 catp.

91 2571 155 2598 Sic.
183 2568 219 2605 2,
254 2568 284 2596 3.
335 2570 388 2598 sic
416 2567 532 2598 dulce.
559 2569 716 2610 grande,
743 2579 890 2600 raucum

91 2623 216 2644 sonare
249 2622 301 2649 ap.
345 2615 527 2650 Ovidium.)
577 2613 727 2655 lugubre
768 2615 893 2645 rubent

96 2660 150 2697 tt),
186 2658 264 2688 273.
313 2656 536 2699 (prodigiale
579 2660 703 2690 rubens
747 2663 794 2691 (ΣΙ.
826 2663 891 2690 RP.

92 2705 127 2741 1,
167 2704 265 2740 234.)
297 2701 507 2734 horrendum
546 2703 698 2735 stridens
729 2706 768 2743 9,
814 2706 892 2735 632.

92 2753 293 2781 transversa
321 2749 482 2788 fremunt
512 2750 552 2784 5,
591 2750 643 2779 19.
692 2754 893 2781 transversa

92 2798 193 2826 tuens
219 2798 254 2825 Ε.
280 2796 312 2832 3,
336 2795 367 2825 8.
417 2797 490 2825 vat.
514 2798 561 2824 Ft.
585 2795 618 2833 2,
646 2796 717 2825 154.
767 2794 892 2826 acerba

93 2843 192 2872 tuens
212 2841 250 2878 9,
286 2840 363 2870 794.
418 2840 475 2876 12,
515 2840 593 2870 398.
642 2843 738 2872 Lucr.
762 2842 799 2879 5,
836 2842 890 2871 34.

93 2886 184 2922 [val.
210 2889 257 2916 1⁴¹1.
283 2885 319 2923 3,
352 2886 451 2922 229.)
501 2888 603 2916 torva
629 2889 730 2917 tuens
752 2887 789 2924 6,
813 2886 891 2917 407.

92 2933 164 2961 Val.
188 2932 225 2964 2.
256 2932 333 2961 555.
384 2929 601 2972 [tranquilla
629 2934 730 2962 tuens
758 2935 829 2963 Val.
862 2933 891 2970 1,

92 2975 167 3012 38.)
216 2976 353 3008 insueta
396 2975 526 3008 rudens
568 2985 599 3007 v.
645 2977 723 3007 248.
771 2976 892 3009 crebra

928 1481 1015 1521 serit
1043 1486 1079 1512 G.
1104 1482 1140 1519 3,
1172 1483 1250 1512 500.
1300 1492 1408 1514 runca
1435 1494 1563 1515 sonans
1588 1487 1624 1516 9.
1660 1487 1732 1516 125.

934 1531 976 1557 al.
1025 1529 1073 1558 ef.
1103 1531 1156 1557 Gr.
1182 1528 1203 1563 S
1230 1528 1306 1557 306.

978 1573 1056 1602 492.
1082 1576 1169 1602 Inter
1193 1573 1331 1602 caedem
1358 1583 1492 1603 suorum
1521 1579 1658 1612 elapsus
1686 1578 1735 1605 es-

933 1619 1013 1655 fugit
1038 1620 1070 1648 in
1098 1628 1198 1654 agros
1224 1622 1431 1648 Rutulorum.

978 1663 1055 1693 493.
1082 1666 1129 1693 De
1154 1665 1310 1693 infinitivo
1336 1667 1492 1694 historico
1519 1667 1560 1695 cf.
1585 1666 1623 1702 2,
1660 1666 1733 1697 132.

933 1724 978 1730 -
1000 1708 1182 1748 praesenti
1213 1708 1330 1739 Marte
1363 1712 1458 1747 „sine
1501 1715 1612 1747 aitqua
1651 1714 1735 1743 dita—

933 1757 1052 1784 tione:-
1080 1759 1112 1783 s.

978 1801 1054 1828 497.
1087 1797 1226 1839 Puppes
1255 1800 1391 1828 fremunt
1420 1801 1518 1836 (prae
1551 1803 1614 1836 ira.
1649 1806 1733 1837 quod

933 1848 972 1875 ab
1006 1846 1199 1874 ulciscendo
1235 1846 1434 1881 retinentur)
1467 1852 1496 1875 et
1528 1848 1657 1881 iubent,
1706 1851 1734 1878 si

933 1892 955 1920 ii
976 1891 1115 1919 fremunt
1138 1896 1169 1919 et
1196 1892 1322 1927 iubent,
1353 1892 1406 1925 qui
1429 1893 1550 1921 insunt.

979 1936 1056 1965 495.
1087 1934 1284 1965 Maeoniae.
1341 1937 1389 1966 Cf.
1427 1937 1504 1966 479.

935 1982 976 2011 cf.
1004 1982 1057 2017 lo.
1090 1982 1163 2010 176.

980 2028 1058 2055 500.
1078 2025 1150 2065 flos
1190 2028 1341 2055 ueterum
1382 2025 1563 2068 virtusque
1610 2028 1734 2058 virum.

936 2073 1023 2100 ldem
1052 2074 1130 2100 ordo
1157 2075 1331 2100 verborum
1362 2073 1421 2109 11,
1453 2073 1530 2102 655.
1582 2077 1652 2103 val.
1686 2078 1734 2104 Fl.

934 2116 964 2151 2,
989 2115 1055 2145 653
1079 2124 1184 2156 pares
1198 2116 1382 2156 primaeva
1403 2117 1557 2147 ministri
1579 2129 1734 2160 corpora.

935 2163 1008 2191 Cic:
1037 2162 1095 2190 Off.
1121 2160 1159 2195 3,
1185 2161 1225 2190 31
1259 2160 1392 2192 Iuravit
1412 2160 1477 2192 hoc
1503 2168 1643 2193 coactus
1668 2169 1735 2195 ter-

935 2214 1011 2236 rore
1042 2203 1253 2245 Pomponius
1279 2207 1320 2235 cf.
1345 2210 1397 2236 Gr.
1426 2207 1447 2242 S
1474 2208 1557 2243 507,
1591 2209 1642 2238 15.

981 2250 1058 2280 503.
1086 2249 1199 2280 duces.
1248 2253 1391 2280 Piurans
1414 2253 1572 2282 incertum
1594 2256 1735 2289 atiquem

936 2298 1044 2332 signat
1070 2296 1110 2325 cf.
1138 2297 1173 2329 7.
1198 2295 1252 2325 98.
1273 2310 1318 2316 -—
1341 2299 1467 2336 optate.
1495 2299 1621 2335 eligite,
1651 2308 1735 2334 quae

937 2348 985 2371 est
1016 2343 1106 2370 verni
1134 2342 1185 2370 vis
1214 2342 1365 2376 primaria
1393 2343 1433 2370 cf.
1467 2343 1492 2375 Ι,
1518 2343 1596 2372 425.
1646 2354 1736 2374 rese—

936 2386 1004 2420 (liz.
1047 2388 1262 2415 substiterunt
1296 2388 1428 2416 Etrusci
1463 2392 1585 2417 terrore
1617 2392 1737 2427 coacti,

937 2441 1035 2468 quum
1060 2434 1122 2461 iam
1149 2441 1250 2467 prope
1276 2433 1356 2462 fines
1382 2438 1514 2468 essent,
1543 2437 1655 2464 nolunt
1687 2442 1735 2465 ta-

937 2487 1010 2507 men
1036 2479 1141 2506 redire
1170 2479 1230 2506 sed
1255 2484 1414 2512 quaerunt
1447 2480 1562 2508 ducem
1595 2483 1736 2515 promis-

937 2533 1020 2553 sum.
1629 2547 1643 2563 ,

983 2566 1060 2598 504.
1086 2566 1149 2598 hoc
1167 2576 1310 2608 campo:
1335 2570 1449 2603 ltaque
1473 2570 1621 2603 proxime
1641 2572 1735 2601 adest

939 2616 1012 2643 eius
1037 2615 1205 2642 exercitus
1219 2616 1259 2642 ad
1283 2616 1402 2642 betium
1426 2615 1626 2649 instructus;
1650 2625 1735 2652 opus

939 2666 989 2689 est
1016 2661 1098 2688 duce
1122 2665 1255 2688 tantuin.
1278 2674 1323 2678 —-
1346 2658 1487 2688 monitis
1518 2661 1558 2689 cf.
1591 2662 1628 2697 7,
1661 2662 1735 2691 110.

985 2705 1060 2734 505.
1086 2709 1241 2734 oratores
1269 2704 1310 2733 cf.
1336 2705 1373 2740 7,
1404 2703 1478 2733 153.
1502 2721 1547 2724 —
1572 2707 1735 2737 Coronam

940 2753 1070 2780 Tuscos
1108 2758 1205 2785 reges
1236 2758 1401 2784 nunquam
1435 2752 1593 2781 hahuisse
1627 2759 1735 2782 monet

940 2796 1089 2825 Servius.
1137 2797 1200 2824 Sed
1236 2796 1364 2833 tiaram,
1408 2796 1574 2832 diadema,
1618 2800 1734 2828 vittam

939 2842 1062 2877 regiam
1090 2843 1143 2869 vel
1169 2842 1254 2875 quod
1278 2842 1365 2869 atiud
1394 2847 1463 2871 erat
1492 2844 1624 2877 antiquo
1654 2849 1735 2873 tem-

939 2895 1018 2922 pore
1041 2887 1122 2921 regii
1143 2887 1258 2921 capitis
1284 2887 1426 2922 insigne,
1451 2896 1605 2918 coronam
1633 2898 1737 2924 posse

938 2933 1017 2962 dici.
1043 2940 1149 2967 neque
1172 2935 1233 2961 has
1258 2940 1313 2961 res
1335 2934 1508 2962 admodum
1534 2935 1661 2963 differre
1686 2935 1736 2964 fa—

935 2979 998 3007 cite
1022 2979 1245 3012 intelligimus
1295 2981 1333 3007 Et
1358 2987 1512 3008 coronam
1539 2982 1624 3016 apud
1650 2984 1737 3011 Tus-

1560 1935 1735 1980 haruspex
