2023 3350
180 125 263 164 248

749 118 788 149 Ρ.
814 115 1013 149 leG1L11
1038 114 1253 151 MARONIS

179 235 306 277 Hunc
342 245 506 273 morem
537 244 686 273 cursus
725 233 858 282 atque
896 229 1004 271 haec
1039 230 1278 272 certamina
1317 230 1482 284 primus

180 291 390 335 Ascanius
399 323 408 340 ,

180 462 339 505 Albani
373 460 559 502 docuere
589 474 706 512 suos;

448 289 642 341 Longam
678 288 814 329 muris
855 301 987 341 quum
1028 288 1219 342 cingeret
1256 287 1425 340 Albam,

181 348 365 392 Rettulit
401 350 445 388 et
476 345 644 399 priscos
679 344 828 386 docuit
861 344 1082 387 celebrare
1100 323 1307 396 &Latinos

181 407 273 457 Quo
316 417 423 458 puel
456 403 548 456 ipse
587 402 733 454 modo,
776 415 922 443 secum
959 416 1043 456 quo
1077 402 1210 445 Troia
1245 402 1395 457 pubes.

747 460 849 501 hinc
883 460 1073 501 maxima
1106 473 1238 513 porro

182 519 362 573 Accepit
400 519 538 560 Roma
577 521 619 560 et
652 518 842 571 patrium
879 518 1067 559 servavit
1102 517 1332 568 honorem,

181 578 396 630 Troiaque
433 589 565 627 nunc,
608 576 734 629 pueri
772 575 1008 616 Troianum
1047 574 1206 617 dicitur
1243 588 1408 628 agmen.

181 635 275 677 Hac
307 633 529 675 celebrata
566 637 692 675 tenus
728 636 878 675 sancto
916 633 1155 675 certamina
1189 632 1317 686 patri.

297 691 379 732 Hic
415 691 603 744 primum
644 691 839 732 Fortuna
879 690 1008 732 fidem
1049 694 1219 733 mutata
1261 688 1445 731 novavit.

181 751 297 792 Dum
334 749 466 790 variis
503 748 670 790 tumulo
707 748 904 790 referunt
940 749 1165 791 sollemnia
1200 747 1328 799 ludis,

180 808 286 850 Irim
318 806 370 848 de
410 807 532 848 caelo
566 807 685 848 misit
722 806 929 849 Saturnia
964 807 1072 848 Iuno

181 866 363 908 Iliacam
395 863 452 906 ad
491 865 694 916 classem,
732 868 974 917 ventosque
1009 863 1207 917 adspirat
1242 861 1372 911 eunt-i,

185 923 328 965 Multa
365 936 561 974 movens,
603 922 788 964 necdum
828 923 1293 975 antiquumsaturata
1325 917 1532 960 dolorem.

184 981 269 1023 Illa
307 980 422 1023 viam
459 981 653 1024 celerans
692 994 772 1035 per
808 980 926 1022 mille
968 979 1188 1022 coloribus
1222 991 1373 1021 arcum

184 1125 298 1159 patho,
327 1130 411 1158 quae
437 1126 485 1152 est
512 1123 595 1151 inter
616 1122 766 1151 Rhodum
792 1127 821 1151 et
846 1122 988 1152 Cretam.

187 1184 226 1188 —
271 1165 521 1208 Libycumque:
566 1165 635 1197 ΗΠ.
671 1169 799 1197 mavult
834 1169 899 1204 legi
934 1169 991 1196 Li-

184 1217 366 1251 bycumve3
413 1215 469 1242 sed
508 1214 542 1242 in
584 1221 649 1253 que
696 1222 760 1242 non
797 1214 991 1250 intelligitur

187 1265 356 1294 utrumque
382 1260 554 1294 delphinas
587 1267 676 1288 mare
709 1261 819 1288 eodem
851 1264 991 1294 tempore

184 1313 359 1341 permeare.
382 1321 419 1325 —
445 1303 641 1344 luduntque
662 1303 871 1344 ρει-11111103.
904 1307 992 1334 Haec

187 1355 289 1381 verba
313 1351 428 1380 omittit
456 1349 505 1380 Ml
534 1356 564 1380 et
590 1353 670 1379 Mss.
698 1350 848 1387 plurin1i3
871 1352 904 1379 in
927 1351 992 1380 ali-

186 1402 261 1433 quot
287 1401 361 1426 sunt
385 1397 550 1432 adscripta
574 1399 614 1426 ab
638 1397 716 1425 alio.
761 1397 906 1426 Deleuda
927 1396 986 1433 igi-

188 1447 239 1472 tur
275 1447 366 1479 sunt,
403 1443 595 1478 praesertim
633 1450 730 1477 quum
769 1450 801 1471 v.
839 1440 904 1470 593
947 1442 990 1472 sit

188 1485 284 1519 ludo.
334 1490 408 1523 Ipse
439 1497 495 1524 per
527 1496 563 1518 se
594 1488 704 1523 inepta
734 1495 798 1516 non
828 1492 921 1525 sunt,
960 1492 991 1517 et

187 1534 243 1569 qui
269 1534 440 1569 delphinos
473 1534 683 1570 observavit,
717 1541 781 1562 non
806 1534 912 1570 magis
937 1542 991 1563 eo-

188 1588 260 1610 rum
284 1580 483 1609 celeritatem
518 1580 686 1617 cognovit,
726 1586 823 1614 quam
860 1579 991 1608 ludendi

188 1626 383 1661 cupidinem.
432 1627 479 1655 De
503 1630 666 1655 structura
693 1625 731 1654 cf.
757 1623 789 1662 8,
820 1623 892 1654 125.

236 1669 313 1700 598.
341 1668 493 1701 Rettulit
520 1676 567 1700 est
594 1668 822 1708 „innovavit,“
846 1673 877 1700 S.
902 1679 994 1706 repe-

187 1717 255 1754 tiit,
289 1717 437 1754 iteravit;
476 1717 523 1746 ita
558 1715 691 1755 referre
718 1713 888 1753 fabulam
921 1718 993 1746 Ter.

186 1763 263 1792 Hec.
290 1765 368 1798 prol.
389 1761 419 1792 7.
456 1763 524 1793 Cic.
546 1764 583 1792 de
606 1764 657 1791 Or.
676 1760 707 1800 3,
728 1760 771 1790 20
793 1759 862 1791 nisi
887 1759 996 1792 Athe-

185 1805 377 1844 aiensibus,
404 1805 497 1848 quod
526 1805 692 1848 mysteria
713 1816 781 1837 nou
810 1806 997 1846 referrent,

188 1852 473 1885 succensuissem.
529 1863 575 1890 pr.
607 1855 713 1883 Flacc.
747 1850 776 1882 1.
816 1862 919 1893 quum
955 1850 994 1882 L.

188 1896 340 1929 Flaccus
372 1903 517 1929 veterem
551 1897 718 1928 Valeriae
742 1897 862 1939 gentis
889 1896 924 1928 in
954 1896 997 1928 li-

187 1942 347 1974 beranda
370 1943 490 1985 putria
518 1942 658 1974 laudem
684 1952 793 1984 prope
821 1941 996 1985 quingen-

186 1988 309 2020 tesimo
330 2000 424 2020 anno
442 1988 657 2031 reipublicae
675 1987 862 2020 retulisset.
881 1992 996 2019 Claud.

187 2037 290 2065 Laud.
327 2037 397 2066 Stil.
435 2033 470 2074 1,
505 2034 569 2064 :328
609 2034 809 2076 neglectum
845 2033 996 2066 Stilicho

184 2090 249 2122 per
288 2084 338 2112 tot
377 2080 446 2111 iam
490 2078 633 2111 saecula
678 2089 806 2111 morem
848 2079 994 2111 rettulit.

187 2129 273 2157 Suet.
297 2128 390 2157 Caes.
417 2126 458 2156 20
484 2127 668 2168 antiquum
695 2124 832 2158 rettulit
856 2136 996 2157 morem.

190 2174 238 2203 Cf.
267 2170 297 2210 4,
323 2171 398 2203 329.

235 2217 313 2248 599.
344 2217 418 2258 Quo
441 2226 530 2258 puer
558 2215 631 2258 ipse
650 2214 752 2247 modo
778 2227 823 2248 sc.
850 2220 994 2248 celebra-

186 2269 290 2294 verat.

234 2309 311 2339 601.
345 2306 518 2340 Patrium.
543 2317 563 2339 a
586 2310 731 2345 patribus
749 2310 903 2339 traditum
924 2319 994 2339 ser-

188 2362 245 2386 vat
265 2353 442 2394 honorem,
464 2364 525 2390 quo
549 2358 749 2384 honoramur
773 2356 910 2385 iuvenes
936 2364 993 2384 no-

187 2403 282 2439 biles,
308 2410 406 2438 quum
425 2406 581 2437 quantum
602 2402 667 2430 sint
688 2401 859 2431 exercitati
884 2405 991 2430 osten-

190 2450 275 2478 dant.

236 2491 313 2522 602.
339 2494 452 2522 Ludus
482 2500 570 2522 nunc
599 2491 697 2520 Troia
730 2492 863 2530 dicitur,
901 2492 995 2527 pueri

188 2540 365 2569 Troianum
392 2546 519 2575 agmen.
575 2534 680 2567 Pueri
710 2534 839 2568 dicitur
871 2538 910 2567 cf.
943 2540 995 2567 Gr.

189 2586 211 2621 g
239 2583 315 2623 243,
343 2583 373 2614 2.

238 2629 314 2660 603.
340 2631 653 2669 „Commentatorem
672 2628 778 2665 magis
798 2635 895 2663 quam
918 2636 995 2663 poe-

190 2681 255 2706 tam
291 2679 422 2706 decebat
452 2684 572 2706 versus
615 2673 680 2702 603
720 2672 876 2703 exilitas“
930 2671 992 2703 ΠΙ).

189 2723 233 2751 At
260 2723 440 2751 claudenda
471 2726 519 2751 est
550 2721 695 2750 narratio
728 2724 759 2749 et
788 2721 880 2749 modo
913 2720 994 2749 sim-

189 2768 385 2802 plicissimo.

191 2843 410 2876 cot—(399.
469 2843 638 2876 Mulieres
677 2844 845 2876 Troianae
893 2852 996 2875 naves

489 2889 695 2921 incendunt.

505 2950 667 2978 Troianas
706 2949 846 2979 feminas
890 2955 995 2977 naves

193 2993 386 3029 incendisse,
412 2995 469 3022 sed
495 2995 554 3022 alii
576 2995 607 3023 in
634 2996 760 3031 Sicilia,
789 2995 848 3024 alii
875 2995 908 3023 in
928 2995 994 3023 Ita-

191 3038 239 3067 lia
269 3038 430 3077 inferiore,
461 3040 519 3068 alii
548 3040 582 3068 in
607 3041 783 3070 Thessalia
811 3047 868 3070 eas
894 3040 925 3069 id
948 3040 994 3069 fe-

238 2948 338 2976 Fama
373 2952 441 2977 erat
454 2970 462 2985 ,

1038 1122 1125 1152 cisse
1149 1123 1381 1151 memorabant.
1430 1120 1531 1148 Poeta
1555 1117 1653 1147 etiam
1675 1115 1776 1145 huius
1797 1115 1846 1145 rei

1039 1175 1194 1198 caussam
1242 1167 1319 1196 facit
1366 1167 1544 1200 Iunonem,
1591 1170 1675 1198 quae
1725 1162 1845 1198 quovis

1038 1215 1131 1243 modo
1155 1213 1315 1242 Troianos
1339 1215 1378 1241 ab
1405 1211 1503 1240 Italia
1528 1210 1634 1239 studet
1660 1209 1810 1238 retinere.

1085 1257 1162 1287 604.
1191 1256 1258 1287 Hic
1296 1260 1358 1287 Mc.
1420 1254 1511 1285 Hinc
1543 1257 1643 1294 PRyh
1679 1263 1740 1284 rec.
1780 1251 1844 1283 Rb.

1044 1302 1163 1334 Fidem
1189 1312 1321 1333 novare
1347 1307 1394 1332 est
1422 1303 1528 1331 facere
1554 1301 1672 1335 aliam,
1703 1303 1846 1330 turbare.

1040 1350 1157 1380 Confer
1176 1350 1349 1379 formulam
1368 1356 1421 1377 res
1442 1355 1587 1383 novare,
1612 1351 1640 1376 et
1660 1347 1728 1377 Cic.
1743 1348 1843 1383 Legg.

1036 1395 1067 1434 3,
1085 1396 1104 1424 5
1132 1393 1232 1425 Nihil
1259 1392 1380 1430 habui,
1408 1391 1499 1433 quod
1523 1395 1684 1433 putarem
1711 1402 1846 1422 novan-

1038 1439 1121 1471 ctum
1147 1438 1182 1470 in
1211 1438 1364 1482 legibus,
1389 1444 1418 1469 et
1444 1441 1503 1469 Ov.
1523 1441 1566 1467 Μ.
1587 1435 1618 1475 4,
1636 1437 1678 1466 54
1706 1447 1847 1468 nomen-

1038 1495 1104 1528 que
1128 1484 1231 1516 simul
1252 1484 1456 1525 faciemque
1481 1482 1639 1514 novavit.

1086 1531 1163 1562 606.
1192 1534 1281 1562 Idem
1305 1540 1337 1562 v.
1367 1529 1420 1568 11,
1446 1529 1475 1560 2.
1513 1532 1585 1568 „Ex
1609 1537 1730 1567 magna
1755 1533 1845 1565 parte

1039 1584 1206 1616 servatur,
1251 1583 1284 1607 ut
1322 1577 1506 1607 Mercurius
1548 1577 1588 1606 ad
1625 1576 1842 1613 concordiam,

1039 1626 1104 1654 Iris
1130 1626 1170 1654 ad
1204 1624 1401 1654 discordiam
1431 1623 1586 1652 mittatur.
1636 1623 1771 1652 Falsum
1797 1626 1848 1652 est

1041 1674 1169 1707 autem,
1198 1672 1281 1705 quod
1306 1670 1440 1706 dicitur,
1467 1669 1652 1697 ministram
1675 1677 1750 1698 esse
1772 1673 1846 1698 tan-

1042 1722 1109 1746 tum
1138 1718 1289 1751 dearum,
1327 1723 1425 1751 quum
1451 1719 1480 1743 et
1506 1721 1527 1743 a
1553 1715 1633 1743 Iove
1659 1716 1847 1749 plerumque

1041 1763 1195 1795 mittatur.
1215 1767 1248 1791 nt
1276 1760 1307 1797 9,
1330 1758 1431 1789 803.ιι
1460 1762 1491 1789 S.
1518 1765 1547 1789 et
1573 1760 1648 1788 Val.
1671 1762 1719 1789 Fi.
1745 1758 1774 1797 4,
1791 1758 1846 1790 77.

1091 1806 1167 1837 607.
1196 1808 1249 1836 Dii
1268 1808 1296 1836 si
1318 1816 1373 1842 per
1397 1813 1476 1835 aera
1494 1806 1749 1841 proficiscuntur,
1765 1815 1846 1836 ven-

1043 1858 1091 1883 tos
1116 1855 1148 1882 in
1175 1854 1338 1882 auxilium
1364 1857 1547 1886 assumunt,
1577 1852 1626 1881 sic
1651 1850 1681 1889 4,
1708 1850 1784 1881 223.

1089 1897 1304 1928 608.1ηιιι(η
1345 1906 1485 1927 mouens
1522 1905 1567 1927 sc.
1602 1898 1726 1935 animo,
1764 1899 1848 1933 quod

1044 1947 1188 1974 additum
1214 1950 1261 1974 est
1298 1942 1328 1981 3,
1359 1942 1411 1972 34.
1453 1941 1504 1980 10,
1531 1941 1608 1972 890.
1653 1959 1691 1964 -
1739 1941 1845 1974 Satu-

1042 1999 1123 2020 1016
1158 1988 1309 2019 dolorem
1347 1990 1463 2019 dicitur
1494 1993 1529 2018 ut
1560 1990 1627 2019 Cic.
1661 1989 1695 2018 in
1725 1990 1800 2019 Vat.
1827 1989 1846 2019 3

1042 2034 1286 2066 crudelitatem
1336 2033 1523 2075 odiumque
1673 2037 1847 2066 saturare.

1044 2084 1113 2112 Cat.
1139 2080 1192 2119 68,
1219 2080 1261 2110 83
1289 2083 1453 2111 saturare
1477 2089 1641 2110 amorem.
1677 2083 1751 2110 Seu.
1774 2083 1846 2111 Tro.

1044 2126 1177 2158 satiare
1208 2125 1355 2157 dolores.
1405 2128 1463 2155 Sil.
1490 2125 1541 2162 12,
1570 2124 1634 2154 107
1669 2125 1849 2157 exsatiare

1044 2171 1210 2204 dolorem.
1260 2174 1391 2203 Doloris
1416 2180 1555 2202 caussas
1581 2181 1613 2202 v.
1641 2169 1671 2209 1,
1701 2170 1740 2200 19
1765 2181 1812 2208 sq.

1088 2218 1165 2249 609.
1192 2216 1257 2248 illa
1281 2235 1326 2239 —-
1346 2216 1461 2258 virgo.
1512 2220 1749 2254 Nonnunquam
1772 2227 1847 2254 pro-

1040 2266 1164 2295 nomini
1202 2266 1310 2300 ipsum
1349 2265 1557 2298 subiungitur
1590 2265 1846 2302 substantivum,

1041 2313 1136 2342 cuius
1163 2313 1232 2340 loco
1257 2318 1432 2345 pronomen
1456 2314 1520 2345 est;
1546 2310 1585 2339 cf.
1613 2308 1679 2338 262
1704 2307 1846 2340 huic—

1040 2355 1127 2387 υἰνο.
1174 2353 1202 2393 1,
1229 2354 1293 2384 256
1321 2353 1377 2385 illi
1396 2370 1442 2376 —
1460 2358 1578 2384 natae.
1623 2353 1675 2393 11,
1699 2353 1764 2384 679
1791 2353 1850 2386 cui

1040 2418 1086 2422 —
1111 2398 1321 2442 pugnatori.
1383 2399 1438 2439 12,
1465 2399 1531 2429 400
1565 2398 1626 2430 ille
1650 2418 1696 2422 —
1721 2399 1848 2432 senior.

1041 2445 1107 2476 728
1133 2444 1188 2476 hic
1213 2461 1258 2467 —
1287 2444 1435 2476 Turnus.
1486 2445 1546 2475 901
1581 2444 1642 2476 ille
1666 2461 1712 2468 —
1737 2444 1848 2478 heros.

1042 2494 1074 2523 A
1100 2500 1165 2528 qua
1194 2494 1320 2522 ratione
1352 2501 1414 2522 non
1448 2493 1548 2522 differt
1578 2493 1654 2531 illa,
1685 2500 1750 2529 qua
1783 2495 1844 2523 ad-

1042 2540 1191 2569 verbium
1222 2540 1446 2574 pronominale
1477 2539 1662 2574 explicatur
1692 2541 1847 2569 substan-

1041 2586 1110 2614 tivo
1143 2589 1177 2614 ut
1211 2582 1241 2623 1,
1269 2582 1334 2613 583
1369 2582 1435 2614 huc
1461 2601 1506 2605 —
1532 2582 1658 2614 ventris
1686 2582 1766 2614 oris.
1816 2583 1847 2622 2,

1042 2628 1084 2659 18
1109 2627 1175 2660 huc
1192 2647 1237 2650 —
1259 2627 1375 2660 lateri.
1426 2629 1455 2666 3,
1480 2629 1545 2659 616
1571 2627 1626 2659 hic
1652 2645 1694 2651 —
1720 2628 1756 2659 in
1785 2639 1850 2659 mr-

1041 2678 1105 2706 tro.
1156 2675 1192 2714 6,
1219 2675 1284 2705 305
1319 2674 1385 2705 huc
1410 2692 1455 2696 —
1480 2674 1528 2705 od
1556 2674 1666 2716 ripas.
1716 2673 1755 2713 7,
1781 2673 1847 2704 209

1041 2719 1121 2752 hinc
1143 2738 1187 2743 —-
1216 2731 1236 2751 a
1263 2719 1352 2751 sede.
1402 2719 1461 2758 12,
1490 2720 1555 2750 273
1593 2730 1664 2761 qua
1684 2737 1729 2741 —
1754 2718 1846 2750 alvo.

1040 2770 1075 2797 E.
1099 2766 1126 2806 1,
1148 2765 1189 2796 5-1
1221 2765 1301 2798 hinc
1325 2782 1371 2788 -
1399 2776 1421 2797 α
1447 2765 1568 2797 limite.
1615 2768 1650 2796 E.
1673 2765 1704 2804 3,
1725 2764 1766 2795 12
1792 2763 1850 2796 hic

1045 2830 1089 2834 —
1132 2811 1180 2843 ad
1208 2812 1329 2852 sagos.
1374 2828 1411 2833 —
1455 2814 1517 2841 Per
1547 2819 1658 2841 arcum
1691 2816 1847 2847 tanquam

1045 2860 1133 2889 viam
1155 2860 1217 2888 Iris
1238 2859 1297 2893 (cf.
1320 2855 1350 2894 4,
1370 2856 1457 2892 700]
1483 2858 1643 2887 descendit
1669 2858 1702 2886 in
1727 2862 1846 2887 terram

1042 2910 1070 2934 et
1097 2905 1240 2934 ascendit
1269 2905 1303 2933 in
1324 2906 1451 2933 caelum
1475 2903 1515 2933 cf.
1542 2901 1619 2932 657.
1646 2900 1677 2939 9,
1704 2901 1755 2932 15.
1785 2905 1846 2933 Ov.

1041 2953 1084 2980 Μ.
1122 2948 1183 2987 11,
1209 2948 1274 2978 632
1306 2952 1438 2979 remeat
1465 2957 1528 2989 per
1553 2956 1638 2989 quos
1663 2946 1766 2978 morto
1794 2957 1850 2979 ve-

1040 2998 1143 3026 uerat
1171 3003 1284 3025 arcus.
1314 3010 1352 3015 —
1384 3003 1447 3035 por
1472 2991 1569 3024 mille
1593 2991 1769 3023 coloribus
1791 3002 1850 3024 ar-

1041 3050 1117 3072 cum
1150 3041 1189 3072 cf.
1217 3039 1253 3079 3,
1283 3038 1359 3071 618.
1422 3037 1524 3070 Mille
1558 3036 1731 3070 coloribus
1759 3040 1850 3076 posi-
