2023 3350
256 153 335 191 188

819 149 855 180 Ρ.
882 147 1077 181 VIRGILII
1103 148 1311 183 MARONts

252 262 458 304 Mortales
488 260 601 301 visus
635 259 774 300 medio
812 273 1005 302 sermone
1042 261 1226 315 reliquit,

253 320 307 360 Et
341 317 491 372 procul
524 317 566 357 in
598 320 768 357 tenuem
802 330 853 358 ex
885 318 1018 358 oculis
1057 320 1228 360 evanuit
1259 333 1418 362 auram.

365 375 421 415 At
461 387 559 414 vero
596 373 760 414 Aeneas
793 373 1001 427 adspectu
1035 375 1249 417 obmutuit
1283 391 1440 429 amens,

251 433 540 482 Arrectaequc
573 429 753 471 horrore
792 444 954 483 comae,
1001 434 1043 472 et
1072 445 1155 473 vox
1192 432 1386 476 faucibus
1417 435 1566 476 haesit.

1796 432 1881 471 280

250 487 387 529 Ardet
427 486 546 528 abire
581 486 684 540 fuga
717 486 949 541 dulcesque
980 489 1221 543 relinquere
1257 493 1396 533 terras

250 545 468 586 Attonitus
503 546 624 584 tanto
659 545 822 586 monitu
852 545 1115 599 imperioque
1155 546 1342 588 deorum.

251 602 345 643 Heu
382 599 486 653 quid
522 602 653 653 agat?
695 616 778 654 quo
812 616 923 643 nunc
962 604 1155 656 reginam
1191 603 1356 644 ambire
1386 602 1597 646 furentem

250 659 420 700 Audeat
460 658 642 699 adfatu?
691 672 801 710 quae
841 660 982 712 prima
1019 661 1194 702 exordia
1232 660 1402 702 sumat?

250 718 391 770 Atque
437 716 625 756 animum
661 730 774 757 nunc
812 716 896 757 huc
933 718 1132 770 celerem,
1170 732 1282 759 nunc
1314 717 1466 759 dividit
1496 717 1609 769 illuc,

1799 718 1880 756 285

249 776 300 816 In
339 777 573 826 partesque
607 773 722 826 rapit
758 774 921 825 varias,
962 788 1125 829 perque
1166 775 1310 816 omnia
1344 777 1498 817 versat.

250 832 368 873 Haec
406 829 639 871 alternanti
679 831 824 882 potior
864 833 1076 873 sententia
1107 832 1199 874 visa
1231 835 1316 873 est:

251 887 476 930 Mnesthea
514 887 846 940 Sergestumque
883 892 1008 930 vocat
1045 889 1288 942 fortemque
1329 888 1558 940 Serestum,

252 947 440 988 Classem
477 947 627 997 aptent
662 945 804 996 taciti,
847 946 1073 1000 sociosque
1108 947 1164 988 ad
1200 947 1331 987 litora
1369 949 1539 999 cogant,

251 1004 384 1045 Arma
419 1005 591 1056 parent,
635 1004 677 1042 et
709 1015 820 1055 quae
857 1003 986 1045 rebus
1025 1005 1081 1045 sit
1112 1017 1264 1058 caussa
1294 1003 1503 1045 novandis

1799 1001 1881 1041 290

248 1060 543 1109 Dissi1nulent3
589 1072 681 1100 sese
718 1059 899 1111 interea,
949 1060 1120 1114 quando
1154 1061 1317 1115 optima
1348 1060 1460 1102 Dido

249 1118 427 1159 Nesciat
464 1120 505 1157 et
541 1119 687 1157 tantos
722 1117 864 1170 rumpi
895 1132 979 1158 non
1017 1122 1161 1171 speret
1200 1131 1380 1169 amores,

249 1175 531 1216 Tentaturum
571 1172 712 1214 aditus
745 1176 787 1214 et
825 1187 935 1226 quae
974 1175 1226 1216 mollissima
1262 1175 1383 1216 fandi

249 1232 479 1285 Tempora,
518 1230 613 1283 quis
650 1229 777 1271 rebus
814 1230 965 1272 dexter
1005 1232 1168 1273 modus.

250 1289 435 1344 Imperio
477 1288 580 1329 laeti
615 1290 770 1340 parent
803 1300 853 1328 ac
887 1288 1005 1331 iussa
1047 1289 1275 1332 facessunt.

294 1449 370 1480 277.
396 1447 560 1480 mortales
584 1448 688 1480 visus.
738 1453 883 1481 Formam
901 1452 1040 1480 hominis

251 1501 486 1532 assumpserat,
527 1500 559 1525 nt
589 1500 695 1531 posset
722 1498 876 1532 conspici.
927 1498 1039 1526 Disce-

249 1544 327 1571 dens
349 1550 443 1570 suum
469 1549 584 1570 numen
606 1542 724 1571 indicat
748 1542 786 1571 cf.
815 1540 843 1579 1,
862 1539 937 1570 402.
970 1544 1038 1571 Non

249 1592 413 1622 exspectat
437 1588 626 1615 Mercurius.
653 1589 726 1616 dum
745 1588 876 1616 Aeneas
902 1587 1039 1622 proferat

247 1634 386 1667 aliquid:
411 1640 512 1666 neque
535 1633 621 1661 enim
646 1633 676 1660 id
697 1637 763 1661 erat
789 1633 818 1661 ei
843 1634 1039 1669 mandatum,

248 1687 351 1713 neque
383 1678 513 1706 Aeneas
549 1678 721 1712 quidquam
755 1680 872 1706 habere
908 1682 1039 1714 poterat,

249 1725 331 1759 quod
370 1728 479 1752 contra
516 1723 605 1751 Iovis
641 1725 838 1751 voluntatem
877 1723 1039 1757 proferret.

251 1785 289 1789 —-
326 1766 437 1797 medio
467 1775 619 1796 sermone
650 1768 669 1796 i.
701 1777 727 1796 e.
760 1773 928 1803 antequam
960 1771 1041 1797 alter

250 1818 358 1849 posset
387 1814 586 1848 respondere.
629 1814 677 1841 Ita
710 1811 740 1849 9,
768 1811 843 1841 657.
893 1815 1040 1849 „Medius

249 1867 352 1888 sermo
376 1863 439 1895 est,
474 1867 572 1893 quum
597 1866 751 1895 persona,
785 1867 856 1888 cum
882 1866 945 1893 qua
967 1860 1040 1893 quis

247 1905 403 1939 loquitur,
442 1913 503 1932 non
528 1904 729 1939 respondetf·
757 1906 789 1932 S.
832 1904 870 1933 cf.
899 1902 975 1941 388,
1009 1903 1038 1942 6,

248 1947 324 1978 479.
365 1947 413 1986 10,
441 1947 515 1977 657.

248 2025 450 2057 279—295.
499 2023 636 2057 Aeneas
667 2023 753 2056 clam
786 2028 884 2066 parat
909 2023 1038 2065 sugam.

293 2081 370 2111 279.
396 2084 544 2113 HorroriS
568 2084 663 2119 signa
681 2083 719 2112 cf.
738 2081 767 2112 3.
786 2082 837 2111 30.
857 2100 894 2104 -—
915 2084 1041 2114 Amens

247 2133 294 2158 est
320 2130 424 2157 subito
449 2134 566 2158 terrore
588 2133 690 2157 mente
714 2133 837 2163 captus,
865 2128 946 2162 1112,
963 2127 1037 2158 314.

293 2172 367 2202 280.
396 2176 553 2203 arrectae
584 2182 627 2203 sc.
651 2178 726 2202 sunt
750 2179 778 2203 et
807 2175 911 2204 haesit
938 2175 977 2204 cf.
1007 2175 1037 2211 5,

244 2217 319 2248 362.

294 2261 368 2293 281.
395 2265 535 2299 AeneaS,
561 2266 691 2294 deorum
716 2266 1036 2302 observantissimus,

246 2310 301 2339 ubi
326 2318 362 2338 eo
389 2311 478 2338 modo
502 2311 640 2338 monitus
665 2316 728 2347 est,
765 2311 828 2339 iam
855 2319 917 2339 non
944 2311 1036 2339 dubi-

245 2359 288 2384 tat
315 2356 392 2390 quin
418 2356 591 2389 parendum
619 2356 677 2392 sit,
717 2357 772 2384 sed
798 2357 951 2390 quomodo
979 2356 1036 2384 Di-

244 2401 336 2429 donis
368 2400 464 2429 evitet
493 2400 633 2435 furores,
669 2401 699 2429 id
723 2401 840 2435 nescit;
875 2406 969 2435 atque
991 2401 1034 2429 ita

245 2454 343 2480 quum
384 2452 510 2473 summa
553 2446 717 2474 anxietate
758 2454 890 2480 pressus
939 2451 1034 2481 esset,

243 2492 371 2519 tandem
402 2493 485 2518 lianc
517 2491 644 2525 putavit
675 2491 828 2525 potiorem
857 2498 930 2519 esse
961 2499 1035 2519 sen-

247 2537 388 2572 tentiam,
406 2535 486 2564 socii
512 2537 595 2564 clam
619 2540 767 2570 pararent
791 2537 940 2571 classem,
965 2536 1034 2570 ipse

243 2581 365 2609 interea
406 2585 620 2615 aucuparetur
660 2585 784 2615 tempus
822 2589 882 2615 quo
920 2581 1035 2609 Didoni

244 2631 351 2659 posset
376 2635 443 2655 rem
466 2626 558 2655 fateri
584 2634 655 2655 cum
686 2626 818 2655 minima
851 2626 1032 2655 offensione.

244 2671 279 2697 Et
313 2672 343 2698 in
374 2673 432 2700 hoc
466 2672 547 2699 inest
579 2673 675 2705 culpa
704 2671 836 2700 Aeneae
863 2676 892 2700 et
928 2679 1033 2700 rerum

246 2716 350 2742 cardo.
376 2724 437 2743 non
463 2717 543 2750 quod
567 2717 698 2745 Aeneas
724 2716 817 2751 facit,
842 2717 922 2751 quod
947 2717 1033 2746 iubet

245 2760 396 2793 Iuppiter.
422 2763 475 2788 sed
503 2762 583 2796 quod
609 2763 715 2790 celare
740 2763 841 2790 studet
866 2762 1030 2798 Didonem,

244 2804 276 2832 id
305 2806 386 2838 quod
414 2807 543 2834 minime
576 2807 704 2835 iussum
734 2811 782 2835 est
811 2813 831 2835 a
860 2808 946 2835 Iove.
992 2822 1029 2827 —-

243 2846 344 2878 ardet
370 2847 464 2878 abire
489 2851 526 2879 cf.
553 2848 582 2886 2,
612 2850 684 2879 105.

292 2891 366 2922 283.
396 2892 532 2923 Ambit-e
553 2900 598 2923 est
622 2896 810 2933 „blanditiis
832 2894 1032 2925 circumiref‘

245 2940 276 2966 S.
317 2939 369 2967 Sic
393 2936 423 2966 7.
451 2937 524 2966 313.
554 2941 627 2969 Hor.
655 2943 689 2970 C.
716 2939 744 2976 1,
770 2939 823 2977 35,
845 2941 863 2968 5
889 2943 922 2969 te
943 2950 1032 2979 patt-

241 2990 302 3019 per
326 2981 431 3012 ambit
455 2992 564 3023 prece.
601 2987 674 3014 val.
706 2987 753 3014 1³⁸1.
781 2983 812 3023 7,
838 2984 902 3013 256
935 2983 1031 3014 dum-

242 3035 305 3065 que
351 3025 451 3057 illam
498 3027 606 3058 variis
647 3032 854 3061 maerentem
895 3029 1034 3060 vocibus

1229 1232 1356 1274 Ocius
1395 1244 1538 1273 omnes

1798 1287 1879 1326 295

1087 1450 1205 1483 ambit.
1255 1455 1331 1482 Inde
1355 1453 1451 1482 etiam
1477 1452 1557 1480 illud
1586 1447 1717 1479 ambire
1739 1446 1830 1479 cives
1852 1452 1883 1478 et

1087 1499 1206 1528 crimen
1233 1496 1393 1527 ambitus.

1133 1542 1208 1573 285.
1235 1541 1310 1572 286.
1342 1544 1441 1572 Iidem
1482 1550 1514 1570 v.
1556 1544 1633 1570 sunt
1667 1537 1706 1578 8,
1739 1537 1793 1568 20.
1824 1535 1879 1568 21.

1087 1590 1147 1617 Sed
1173 1592 1247 1618 sunt
1277 1591 1336 1618 hoc
1366 1591 1435 1617 loco
1466 1586 1646 1623 aptissimi,
1684 1590 1715 1615 et
1739 1585 1771 1614 in
1796 1586 1876 1614 Mss.

1085 1635 1234 1669 leguntur
1252 1635 1408 1662 omnibus.
1459 1633 1545 1667 Quod
1571 1636 1676 1660 autem
1695 1631 1876 1660 Vaticanus

1086 1687 1140 1708 eos
1178 1688 1241 1708 non
1279 1682 1389 1714 habet,
1430 1687 1493 1706 non
1531 1678 1663 1706 debebat
1697 1676 1801 1705 afferri
1836 1676 1876 1704 ad

1087 1733 1204 1754 versus
1238 1725 1478 1759 improbandos3
1516 1729 1590 1751 nam
1622 1729 1643 1751 a
1673 1730 1704 1751 v.
1730 1718 1795 1749 287
1820 1728 1878 1748 no-

1087 1778 1165 1798 vum
1205 1770 1419 1806 fragmentum
1456 1768 1577 1803 incipit.
1638 1768 1778 1796 Versum
1813 1763 1878 1793 286

1087 1817 1146 1843 del.
1178 1812 1246 1843 Hn.
1274 1812 1337 1846 LA.
1363 1812 1422 1843 Gr.
1443 1811 1506 1843 Rb.
1548 1821 1579 1842 v.
1607 1810 1672 1841 285
1698 1816 1727 1841 et
1749 1809 1792 1840 86
1817 1812 1878 1840 del.

1092 1857 1144 1892 Pl.
1175 1864 1283 1889 servat
1316 1858 1401 1900 Wg.

1134 1903 1209 1934 288.
1236 1908 1305 1934 Iam
1331 1905 1474 1939 sequitur
1499 1903 1606 1933 statim
1631 1903 1713 1937 quod
1734 1901 1821 1940 facit,
1845 1905 1879 1930 ut

1087 1956 1211 1985 poetam
1236 1953 1322 1979 decet
1348 1957 1480 1979 narrare
1506 1950 1544 1979 cf.
1572 1946 1601 1986 1,
1623 1946 1676 1976 50.
1710 1962 1748 1967 -
1779 1946 1879 1977 Sere-

1085 1998 1174 2024 stum
1202 1998 1244 2024 M.
1270 1998 1312 2025 al.
1338 2000 1399 2030 opt.
1440 2010 1478 2015 -—
1527 1991 1734 2023 Cloanthum
1759 1995 1802 2023 al.
1828 2001 1880 2022 or-

1087 2045 1151 2070 tum
1172 2050 1213 2069 ex
1232 2050 1262 2070 v.
1284 2040 1309 2076 1,
1323 2041 1399 2079 510,
1415 2042 1498 2069 unde
1514 2040 1609 2068 etiam
1624 2046 1679 2073 pro
1700 2035 1878 2068 Mnesthea

1086 2087 1119 2115 in
1154 2087 1277 2121 aliquot
1306 2090 1385 2116 Mss.
1420 2085 1549 2120 irrepsit
1584 2080 1729 2113 Anthea.
1764 2100 1802 2104 —
1839 2085 1877 2112 In

1087 2133 1188 2160 vocat
1222 2133 1305 2161 inest
1335 2132 1483 2162 monendi
1517 2131 1662 2166 signum,
1698 2129 1771 2158 inde
1801 2137 1877 2159 con·

1085 2177 1251 2206 iunclivus
1273 2181 1305 2206 ut
1328 2175 1359 2212 8,
1384 2176 1460 2205 505.
1508 2177 1595 2204 Idem
1620 2183 1652 2203 v.
1677 2172 1729 2212 12,
1753 2172 1828 2203 561.

1131 2220 1207 2250 289.
1235 2220 1411 2262 sociosque
1446 2223 1515 2249 ΕΜ.
1547 2222 1589 2249 al.
1631 2235 1668 2239 —
1714 2228 1780 2260 que
1819 2220 1878 2249 alii

1084 2268 1238 2296 omittunt.

1131 2310 1205 2340 290.
1237 2309 1334 2349 Quae
1355 2308 1455 2339 rebus
1478 2307 1522 2339 sit
1544 2311 1612 2339 ΕΜ.
1640 2312 1672 2339 S.
1692 2312 1734 2340 al.
1760 2312 1877 2341 melius

1084 2359 1113 2385 h.
1140 2359 1161 2385 l.
1194 2358 1295 2392 cadit,
1332 2364 1426 2391 quam
1457 2357 1539 2390 quod
1571 2356 1604 2384 in
1634 2358 1675 2385 al.
1702 2359 1782 2386 Mss.
1816 2362 1874 2395 est,

1081 2410 1171 2440 quac
1196 2399 1239 2430 sit
1265 2399 1381 2437 rebus,
1418 2405 1519 2430 ortum
1543 2403 1603 2431 hoc
1628 2401 1765 2431 fortasse
1795 2411 1813 2432 e
1844 2401 1874 2440 2,

1082 2445 1146 2474 350
1178 2454 1267 2485 quae
1294 2443 1336 2474 sit
1361 2444 1460 2475 rebus
1483 2445 1630 2483 fortuna
1657 2445 1794 2477 videtis.
1839 2450 1875 2477 G.

1081 2489 1111 2527 2,
1136 2489 1201 2519 178
1235 2493 1265 2520 ει
1292 2499 1381 2530 quae
1409 2489 1452 2520 sit
1482 2489 1582 2520 rebus
1608 2494 1739 2521 natura
1757 2492 1877 2531 seren-

1081 2533 1155 2571 dis‚·
1183 2537 1299 2571 quihus
1322 2537 1355 2565 in
1377 2537 1457 2566 locis
1481 2537 1561 2565 illud
1587 2545 1676 2576 quae
1702 2535 1748 2568 sit
1774 2535 1875 2568 rebus

1081 2582 1175 2610 aliter
1201 2582 1282 2610 cadit
1309 2590 1349 2611 ex
1376 2582 1553 2611 sententiae
1577 2583 1710 2612 ratione.

1127 2624 1201 2655 292.
1229 2635 1364 2656 amores
1388 2628 1426 2657 cf.
1454 2629 1505 2656 Gr.
1531 2627 1553 2663 S
1581 2625 1656 2665 362,
1681 2625 1711 2657 2.
1739 2627 1872 2658 Liebes-

1079 2680 1318 2705 erweisungen.

1127 2715 1201 2745 293.
1228 2718 1435 2746 Tentaturum
1454 2720 1484 2746 et
1509 2717 1615 2746 aditus
1633 2721 1664 2746 et
1685 2719 1870 2752 exploratu-

1081 2770 1160 2798 rum,
1184 2764 1309 2797 quando
1328 2767 1356 2791 et
1381 2764 1536 2797 quomodo
1555 2762 1657 2797 possit
1680 2762 1798 2797 optime
1821 2765 1871 2792 al-

1079 2808 1177 2843 loqui,
1201 2816 1328 2842 remque
1350 2815 1492 2837 narrare.
1527 2808 1653 2836 Laudat
1679 2804 1724 2835 W
1726 2815 1762 2845 g.
1794 2809 1868 2837 Hor.

1081 2854 1112 2880 S.
1135 2850 1162 2889 1,
1186 2850 1215 2887 9,
1240 2851 1281 2880 56
1316 2850 1490 2891 Difficiles
1517 2849 1636 2881 aditus
1654 2850 1785 2891 primos
1808 2850 1872 2882 ha-

1080 2894 1151 2930 bet3
1264 2899 1417 2936 tempora
1443 2904 1617 2936 quaeram.

1125 2939 1199 2970 295.
1224 2940 1416 2977 facessunt.
1451 2942 1596 2971 Studium
1615 2941 1699 2971 inest
1723 2941 1871 2976 faciendi,

1079 2987 1127 3016 sic
1148 2984 1178 3023 9,
1204 2984 1244 3015 45
1268 2989 1457 3026 praecepta
1478 2985 1671 3024 facessunt,
1698 2988 1734 3016 G.
1751 2984 1781 3024 4,
1804 2984 1870 3015 548

1078 3029 1203 3061 matris
1225 3034 1414 3072 praecepta
1431 3028 1589 3070 facessit.
