<?xml version="1.0" encoding="UTF-8"?>
<!DOCTYPE html PUBLIC "-//W3C//DTD XHTML 1.0 Transitional//EN"
    "http://www.w3.org/TR/xhtml1/DTD/xhtml1-transitional.dtd">
<html xmlns="http://www.w3.org/1999/xhtml" xml:lang="en" lang="en">
 <head>
  <title>
</title>
<meta http-equiv="Content-Type" content="text/html;charset=utf-8" />
  <meta name='ocr-system' content='tesseract 3.04.00' />
  <meta name='ocr-capabilities' content='ocr_page ocr_carea ocr_par ocr_line ocrx_word'/>
</head>
<body>
  <div class='ocr_page' id='page_1' title='image "aeneisvi00virguoft_0652.png"; bbox 0 0 2023 3350; ppageno 0'>
   <div class='ocr_carea' id='block_1_1' title="bbox 322 122 404 161">
    <p class='ocr_par' dir='ltr' id='par_1_1' title="bbox 322 122 404 161">
     <span class='ocr_line' id='line_1_1' title="bbox 322 122 404 161; baseline -0.012 0"><span class='ocrx_word' id='word_1_1' title='bbox 322 122 404 161; x_wconf 76' lang='lat' dir='ltr'>62ss</span> 
     </span>
    </p>
   </div>
   <div class='ocr_carea' id='block_1_2' title="bbox 884 119 1378 156">
    <p class='ocr_par' dir='ltr' id='par_1_2' title="bbox 884 119 1378 156">
     <span class='ocr_line' id='line_1_2' title="bbox 884 119 1378 156; baseline 0.014 -6"><span class='ocrx_word' id='word_1_2' title='bbox 884 120 919 151; x_wconf 76' lang='lat'>1‘.</span> <span class='ocrx_word' id='word_1_3' title='bbox 948 119 1139 153; x_wconf 77' lang='lat' dir='ltr'>leGan</span> <span class='ocrx_word' id='word_1_4' title='bbox 1166 122 1378 156; x_wconf 76' lang='lat' dir='ltr'>MARONJS</span> 
     </span>
    </p>
   </div>
   <div class='ocr_carea' id='block_1_3' title="bbox 322 229 1565 405">
    <p class='ocr_par' dir='ltr' id='par_1_3' title="bbox 322 229 1565 405">
     <span class='ocr_line' id='line_1_3' title="bbox 322 229 1557 290; baseline 0.006 -16"><span class='ocrx_word' id='word_1_5' title='bbox 322 234 434 285; x_wconf 78' lang='lat' dir='ltr'>Ergo</span> <span class='ocrx_word' id='word_1_6' title='bbox 474 243 617 271; x_wconf 84' lang='lat' dir='ltr'>amens</span> <span class='ocrx_word' id='word_1_7' title='bbox 656 229 824 272; x_wconf 81' lang='lat' dir='ltr'>diversa</span> <span class='ocrx_word' id='word_1_8' title='bbox 862 230 966 283; x_wconf 76' lang='lat' dir='ltr'>fuga</span> <span class='ocrx_word' id='word_1_9' title='bbox 1003 232 1113 285; x_wconf 88' lang='lat' dir='ltr'>petit</span> <span class='ocrx_word' id='word_1_10' title='bbox 1152 247 1342 288; x_wconf 84' lang='lat' dir='ltr'>aequora</span> <span class='ocrx_word' id='word_1_11' title='bbox 1378 237 1557 290; x_wconf 86' lang='lat' dir='ltr'>Turnus,</span> 
     </span>
     <span class='ocr_line' id='line_1_4' title="bbox 323 287 1565 345; baseline 0.006 -14"><span class='ocrx_word' id='word_1_12' title='bbox 323 291 377 331; x_wconf 76' lang='lat' dir='ltr'>Et</span> <span class='ocrx_word' id='word_1_13' title='bbox 418 300 527 328; x_wconf 83' lang='lat' dir='ltr'>nunc</span> <span class='ocrx_word' id='word_1_14' title='bbox 567 287 667 338; x_wconf 87' lang='lat' dir='ltr'>huc,</span> <span class='ocrx_word' id='word_1_15' title='bbox 708 287 808 329; x_wconf 85' lang='lat' dir='ltr'>inde</span> <span class='ocrx_word' id='word_1_16' title='bbox 846 287 929 329; x_wconf 86' lang='lat' dir='ltr'>huc</span> <span class='ocrx_word' id='word_1_17' title='bbox 966 289 1153 331; x_wconf 78' lang='lat' dir='ltr'>incertos</span> <span class='ocrx_word' id='word_1_18' title='bbox 1191 291 1385 345; x_wconf 85' lang='lat' dir='ltr'>implicat</span> <span class='ocrx_word' id='word_1_19' title='bbox 1418 296 1565 338; x_wconf 83' lang='lat' dir='ltr'>orbes:</span> 
     </span>
     <span class='ocr_line' id='line_1_5' title="bbox 325 344 1475 405; baseline 0.007 -19"><span class='ocrx_word' id='word_1_20' title='bbox 325 345 518 400; x_wconf 70' lang='lat' dir='ltr'>Undique</span> <span class='ocrx_word' id='word_1_21' title='bbox 551 344 661 384; x_wconf 92' lang='lat' dir='ltr'>enim</span> <span class='ocrx_word' id='word_1_22' title='bbox 698 344 828 386; x_wconf 85' lang='lat' dir='ltr'>densa</span> <span class='ocrx_word' id='word_1_23' title='bbox 866 345 1017 387; x_wconf 79' lang='lat' dir='ltr'>Teucri</span> <span class='ocrx_word' id='word_1_24' title='bbox 1056 347 1267 390; x_wconf 72' lang='lat' dir='ltr'>inclusere</span> <span class='ocrx_word' id='word_1_25' title='bbox 1304 364 1475 405; x_wconf 84' lang='lat' dir='ltr'>corona,</span> 
     </span>
    </p>
   </div>
   <div class='ocr_carea' id='block_1_4' title="bbox 324 401 1672 463">
    <p class='ocr_par' dir='ltr' id='par_1_4' title="bbox 324 401 1672 463">
     <span class='ocr_line' id='line_1_6' title="bbox 324 401 1672 463; baseline 0.007 -21"><span class='ocrx_word' id='word_1_26' title='bbox 324 405 462 454; x_wconf 82' lang='lat' dir='ltr'><strong>Atque</strong></span> <span class='ocrx_word' id='word_1_27' title='bbox 499 401 597 441; x_wconf 87' lang='lat' dir='ltr'>hinc</span> <span class='ocrx_word' id='word_1_28' title='bbox 633 405 754 443; x_wconf 84' lang='lat' dir='ltr'>vasta</span> <span class='ocrx_word' id='word_1_29' title='bbox 793 402 938 456; x_wconf 87' lang='lat' dir='ltr'>palus,</span> <span class='ocrx_word' id='word_1_30' title='bbox 974 403 1074 445; x_wconf 82' lang='lat' dir='ltr'>hino</span> <span class='ocrx_word' id='word_1_31' title='bbox 1112 405 1248 446; x_wconf 86' lang='lat' dir='ltr'>ardua</span> <span class='ocrx_word' id='word_1_32' title='bbox 1281 410 1448 451; x_wconf 85' lang='lat' dir='ltr'>moenia</span> <span class='ocrx_word' id='word_1_33' title='bbox 1486 410 1672 463; x_wconf 79' lang='lat' dir='ltr'>cingunt.</span> 
     </span>
    </p>
   </div>
   <div class='ocr_carea' id='block_1_5' title="bbox 1869 411 1951 450">
    <p class='ocr_par' dir='ltr' id='par_1_5' title="bbox 1869 411 1951 450">
     <span class='ocr_line' id='line_1_7' title="bbox 1869 411 1951 450; baseline 0 -1"><span class='ocrx_word' id='word_1_34' title='bbox 1869 411 1951 450; x_wconf 85' lang='lat'>745</span> 
     </span>
    </p>
   </div>
   <div class='ocr_carea' id='block_1_6' title="bbox 322 458 1674 685">
    <p class='ocr_par' dir='ltr' id='par_1_6' title="bbox 322 458 1674 685">
     <span class='ocr_line' id='line_1_8' title="bbox 435 458 1674 519; baseline 0.009 -22"><span class='ocrx_word' id='word_1_35' title='bbox 435 458 522 498; x_wconf 83' lang='lat' dir='ltr'>Nee</span> <span class='ocrx_word' id='word_1_36' title='bbox 563 458 700 499; x_wconf 88' lang='lat' dir='ltr'>minus</span> <span class='ocrx_word' id='word_1_37' title='bbox 744 460 928 511; x_wconf 85' lang='lat' dir='ltr'>Aeneas,</span> <span class='ocrx_word' id='word_1_38' title='bbox 975 474 1236 515; x_wconf 85' lang='lat' dir='ltr'>quamquam</span> <span class='ocrx_word' id='word_1_39' title='bbox 1274 465 1475 508; x_wconf 80' lang='lat' dir='ltr'>tardante</span> <span class='ocrx_word' id='word_1_40' title='bbox 1513 468 1674 519; x_wconf 76' lang='lat' dir='ltr'>sagitta</span> 
     </span>
     <span class='ocr_line' id='line_1_9' title="bbox 322 514 1517 575; baseline 0.008 -20"><span class='ocrx_word' id='word_1_41' title='bbox 322 514 541 556; x_wconf 81' lang='lat' dir='ltr'>Interdum</span> <span class='ocrx_word' id='word_1_42' title='bbox 579 529 715 569; x_wconf 84' lang='lat' dir='ltr'>genua</span> <span class='ocrx_word' id='word_1_43' title='bbox 747 517 984 570; x_wconf 79' lang='lat' dir='ltr'>impediunt</span> <span class='ocrx_word' id='word_1_44' title='bbox 1013 533 1269 573; x_wconf 83' lang='lat' dir='ltr'>cursumque</span> <span class='ocrx_word' id='word_1_45' title='bbox 1306 528 1517 575; x_wconf 81' lang='lat' dir='ltr'>recusant,</span> 
     </span>
     <span class='ocr_line' id='line_1_10' title="bbox 322 572 1612 634; baseline 0.008 -22"><span class='ocrx_word' id='word_1_46' title='bbox 322 572 565 625; x_wconf 80' lang='lat' dir='ltr'>Insequitur</span> <span class='ocrx_word' id='word_1_47' title='bbox 602 573 846 627; x_wconf 82' lang='lat' dir='ltr'>trepidique</span> <span class='ocrx_word' id='word_1_48' title='bbox 880 575 1031 628; x_wconf 87' lang='lat' dir='ltr'>pedem</span> <span class='ocrx_word' id='word_1_49' title='bbox 1072 576 1179 629; x_wconf 88' lang='lat' dir='ltr'>pede</span> <span class='ocrx_word' id='word_1_50' title='bbox 1217 577 1404 620; x_wconf 85' lang='lat' dir='ltr'>fervidus</span> <span class='ocrx_word' id='word_1_51' title='bbox 1438 584 1612 634; x_wconf 85' lang='lat' dir='ltr'>urguet:</span> 
     </span>
     <span class='ocr_line' id='line_1_11' title="bbox 323 629 1379 685; baseline 0.007 -16"><span class='ocrx_word' id='word_1_52' title='bbox 323 629 539 671; x_wconf 85' lang='lat' dir='ltr'>Inclusum</span> <span class='ocrx_word' id='word_1_53' title='bbox 572 631 702 671; x_wconf 85' lang='lat' dir='ltr'>veluti</span> <span class='ocrx_word' id='word_1_54' title='bbox 738 631 773 672; x_wconf 83' lang='lat' dir='ltr'>si</span> <span class='ocrx_word' id='word_1_55' title='bbox 808 632 979 685; x_wconf 86' lang='lat' dir='ltr'>quando</span> <span class='ocrx_word' id='word_1_56' title='bbox 1020 632 1192 676; x_wconf 81' lang='lat' dir='ltr'>flumine</span> <span class='ocrx_word' id='word_1_57' title='bbox 1228 639 1379 677; x_wconf 80' lang='lat' dir='ltr'>nactus</span> 
     </span>
    </p>
   </div>
   <div class='ocr_carea' id='block_1_7' title="bbox 324 687 1546 746">
    <p class='ocr_par' dir='ltr' id='par_1_7' title="bbox 324 687 1546 746">
     <span class='ocr_line' id='line_1_12' title="bbox 324 687 1546 746; baseline 0.007 -19"><span class='ocrx_word' id='word_1_58' title='bbox 324 687 503 728; x_wconf 85' lang='lat' dir='ltr'>Cervum</span> <span class='ocrx_word' id='word_1_59' title='bbox 539 691 615 728; x_wconf 89' lang='lat' dir='ltr'>aut</span> <span class='ocrx_word' id='word_1_60' title='bbox 650 688 855 741; x_wconf 81' lang='lat' dir='ltr'>puniceae</span> <span class='ocrx_word' id='word_1_61' title='bbox 890 694 1085 743; x_wconf 89' lang='lat' dir='ltr'>saeptum</span> <span class='ocrx_word' id='word_1_62' title='bbox 1122 692 1349 734; x_wconf 86' lang='lat' dir='ltr'>formidine</span> <span class='ocrx_word' id='word_1_63' title='bbox 1382 707 1546 746; x_wconf 80' lang='lat' dir='ltr'>pennae</span> 
     </span>
    </p>
   </div>
   <div class='ocr_carea' id='block_1_8' title="bbox 1874 694 1956 732">
    <p class='ocr_par' dir='ltr' id='par_1_8' title="bbox 1874 694 1956 732">
     <span class='ocr_line' id='line_1_13' title="bbox 1874 694 1956 732; baseline 0 0"><span class='ocrx_word' id='word_1_64' title='bbox 1874 694 1956 732; x_wconf 83' lang='lat'>750</span> 
     </span>
    </p>
   </div>
   <div class='ocr_carea' id='block_1_9' title="bbox 324 745 1627 976">
    <p class='ocr_par' dir='ltr' id='par_1_9' title="bbox 325 745 1355 802">
     <span class='ocr_line' id='line_1_14' title="bbox 325 745 1355 802; baseline 0.007 -18"><span class='ocrx_word' id='word_1_65' title='bbox 325 745 513 786; x_wconf 80' lang='lat' dir='ltr'>Venator</span> <span class='ocrx_word' id='word_1_66' title='bbox 544 758 672 786; x_wconf 88' lang='lat' dir='ltr'>cursu</span> <span class='ocrx_word' id='word_1_67' title='bbox 709 747 824 788; x_wconf 84' lang='lat' dir='ltr'>canis</span> <span class='ocrx_word' id='word_1_68' title='bbox 863 751 905 788; x_wconf 90' lang='lat' dir='ltr'>et</span> <span class='ocrx_word' id='word_1_69' title='bbox 934 748 1164 790; x_wconf 86' lang='lat' dir='ltr'>latratibus</span> <span class='ocrx_word' id='word_1_70' title='bbox 1201 750 1355 802; x_wconf 79' lang='lat' dir='ltr'>instat3</span> 
     </span>
    </p>

    <p class='ocr_par' dir='ltr' id='par_1_10' title="bbox 324 801 1359 858">
     <span class='ocr_line' id='line_1_15' title="bbox 324 801 1359 858; baseline 0.006 -16"><span class='ocrx_word' id='word_1_71' title='bbox 324 801 403 843; x_wconf 92' lang='lat' dir='ltr'>Ille</span> <span class='ocrx_word' id='word_1_72' title='bbox 439 806 602 854; x_wconf 84' lang='lat' dir='ltr'>autem,</span> <span class='ocrx_word' id='word_1_73' title='bbox 639 803 806 845; x_wconf 79' lang='lat' dir='ltr'>insidiis</span> <span class='ocrx_word' id='word_1_74' title='bbox 846 809 889 845; x_wconf 92' lang='lat' dir='ltr'>et</span> <span class='ocrx_word' id='word_1_75' title='bbox 919 805 1016 858; x_wconf 84' lang='lat' dir='ltr'>ripa</span> <span class='ocrx_word' id='word_1_76' title='bbox 1047 807 1223 848; x_wconf 90' lang='lat' dir='ltr'>territus</span> <span class='ocrx_word' id='word_1_77' title='bbox 1260 807 1359 857; x_wconf 81' lang='lat' dir='ltr'>alta,</span> 
     </span>
    </p>

    <p class='ocr_par' dir='ltr' id='par_1_11' title="bbox 324 858 1627 976">
     <span class='ocr_line' id='line_1_16' title="bbox 324 858 1497 915; baseline 0.005 -16"><span class='ocrx_word' id='word_1_78' title='bbox 324 859 442 900; x_wconf 82' lang='lat' dir='ltr'>Mille</span> <span class='ocrx_word' id='word_1_79' title='bbox 477 858 587 913; x_wconf 82' lang='lat' dir='ltr'>fugit</span> <span class='ocrx_word' id='word_1_80' title='bbox 622 860 865 915; x_wconf 80' lang='lat' dir='ltr'>refugitque</span> <span class='ocrx_word' id='word_1_81' title='bbox 898 863 1009 914; x_wconf 64' lang='lat' dir='ltr'>viasg</span> <span class='ocrx_word' id='word_1_82' title='bbox 1051 867 1097 904; x_wconf 87' lang='lat' dir='ltr'>at</span> <span class='ocrx_word' id='word_1_83' title='bbox 1131 864 1296 905; x_wconf 85' lang='lat' dir='ltr'>vividus</span> <span class='ocrx_word' id='word_1_84' title='bbox 1337 864 1497 907; x_wconf 82' lang='lat' dir='ltr'>Umber</span> 
     </span>
     <span class='ocr_line' id='line_1_17' title="bbox 324 916 1627 976; baseline 0.005 -19"><span class='ocrx_word' id='word_1_85' title='bbox 324 916 484 958; x_wconf 80' lang='lat' dir='ltr'>Haeret</span> <span class='ocrx_word' id='word_1_86' title='bbox 514 916 657 967; x_wconf 87' lang='lat' dir='ltr'>hians,</span> <span class='ocrx_word' id='word_1_87' title='bbox 690 918 776 960; x_wconf 91' lang='lat' dir='ltr'>iam</span> <span class='ocrx_word' id='word_1_88' title='bbox 809 919 980 973; x_wconf 89' lang='lat' dir='ltr'>iamque</span> <span class='ocrx_word' id='word_1_89' title='bbox 1018 924 1154 972; x_wconf 86' lang='lat' dir='ltr'>tenet,</span> <span class='ocrx_word' id='word_1_90' title='bbox 1196 922 1434 976; x_wconf 89' lang='lat' dir='ltr'>similisque</span> <span class='ocrx_word' id='word_1_91' title='bbox 1464 922 1627 964; x_wconf 88' lang='lat' dir='ltr'>tenenti</span> 
     </span>
    </p>
   </div>
   <div class='ocr_carea' id='block_1_10' title="bbox 325 974 1426 1031">
    <p class='ocr_par' dir='ltr' id='par_1_12' title="bbox 325 974 1426 1031">
     <span class='ocr_line' id='line_1_18' title="bbox 325 974 1426 1031; baseline 0.006 -17"><span class='ocrx_word' id='word_1_92' title='bbox 325 974 540 1029; x_wconf 84' lang='lat' dir='ltr'>Increpuit</span> <span class='ocrx_word' id='word_1_93' title='bbox 574 975 719 1026; x_wconf 74' lang='lat' dir='ltr'>malis,</span> <span class='ocrx_word' id='word_1_94' title='bbox 759 990 987 1031; x_wconf 86' lang='lat' dir='ltr'>morsuque</span> <span class='ocrx_word' id='word_1_95' title='bbox 1020 979 1161 1020; x_wconf 85' lang='lat' dir='ltr'>elusus</span> <span class='ocrx_word' id='word_1_96' title='bbox 1198 980 1315 1022; x_wconf 86' lang='lat' dir='ltr'>inani</span> <span class='ocrx_word' id='word_1_97' title='bbox 1351 984 1426 1021; x_wconf 88' lang='lat' dir='ltr'>est.</span> 
     </span>
    </p>
   </div>
   <div class='ocr_carea' id='block_1_11' title="bbox 1874 977 1956 1016">
    <p class='ocr_par' dir='ltr' id='par_1_13' title="bbox 1874 977 1956 1016">
     <span class='ocr_line' id='line_1_19' title="bbox 1874 977 1956 1016; baseline -0.012 0"><span class='ocrx_word' id='word_1_98' title='bbox 1874 977 1956 1016; x_wconf 84' lang='lat'>755</span> 
     </span>
    </p>
   </div>
   <div class='ocr_carea' id='block_1_12' title="bbox 324 1031 1679 1263">
    <p class='ocr_par' dir='ltr' id='par_1_14' title="bbox 324 1031 1679 1263">
     <span class='ocr_line' id='line_1_20' title="bbox 324 1031 1474 1091; baseline 0.006 -19"><span class='ocrx_word' id='word_1_99' title='bbox 324 1031 430 1072; x_wconf 86' lang='lat' dir='ltr'>Tum</span> <span class='ocrx_word' id='word_1_100' title='bbox 467 1045 566 1073; x_wconf 86' lang='lat' dir='ltr'>vero</span> <span class='ocrx_word' id='word_1_101' title='bbox 607 1033 800 1074; x_wconf 82' lang='lat' dir='ltr'>exoritur</span> <span class='ocrx_word' id='word_1_102' title='bbox 833 1034 993 1076; x_wconf 84' lang='lat' dir='ltr'>clamor</span> <span class='ocrx_word' id='word_1_103' title='bbox 1030 1036 1237 1090; x_wconf 79' lang='lat' dir='ltr'>ripaeque</span> <span class='ocrx_word' id='word_1_104' title='bbox 1271 1037 1474 1091; x_wconf 79' lang='lat' dir='ltr'>lacusque</span> 
     </span>
     <span class='ocr_line' id='line_1_21' title="bbox 326 1090 1598 1143; baseline 0.006 -14"><span class='ocrx_word' id='word_1_105' title='bbox 326 1090 595 1143; x_wconf 69' lang='lat' dir='ltr'>Itesponsant</span> <span class='ocrx_word' id='word_1_106' title='bbox 631 1090 765 1141; x_wconf 82' lang='lat' dir='ltr'>eirca,</span> <span class='ocrx_word' id='word_1_107' title='bbox 803 1095 846 1132; x_wconf 90' lang='lat' dir='ltr'>et</span> <span class='ocrx_word' id='word_1_108' title='bbox 882 1093 1047 1134; x_wconf 85' lang='lat' dir='ltr'>caelum</span> <span class='ocrx_word' id='word_1_109' title='bbox 1085 1098 1210 1136; x_wconf 84' lang='lat' dir='ltr'>tonat</span> <span class='ocrx_word' id='word_1_110' title='bbox 1241 1108 1363 1136; x_wconf 89' lang='lat' dir='ltr'>omne</span> <span class='ocrx_word' id='word_1_111' title='bbox 1398 1094 1598 1136; x_wconf 85' lang='lat' dir='ltr'>tumultu.</span> 
     </span>
     <span class='ocr_line' id='line_1_22' title="bbox 325 1146 1577 1205; baseline 0.004 -18"><span class='ocrx_word' id='word_1_112' title='bbox 325 1146 402 1188; x_wconf 91' lang='lat' dir='ltr'>Ille</span> <span class='ocrx_word' id='word_1_113' title='bbox 443 1147 569 1188; x_wconf 90' lang='lat' dir='ltr'>simul</span> <span class='ocrx_word' id='word_1_114' title='bbox 600 1146 766 1200; x_wconf 81' lang='lat' dir='ltr'>fugiens</span> <span class='ocrx_word' id='word_1_115' title='bbox 803 1149 984 1191; x_wconf 82' lang='lat' dir='ltr'>Rutulos</span> <span class='ocrx_word' id='word_1_116' title='bbox 1021 1151 1146 1193; x_wconf 89' lang='lat' dir='ltr'>simul</span> <span class='ocrx_word' id='word_1_117' title='bbox 1184 1152 1379 1205; x_wconf 81' lang='lat' dir='ltr'>increpat</span> <span class='ocrx_word' id='word_1_118' title='bbox 1421 1165 1577 1203; x_wconf 85' lang='lat' dir='ltr'>onmes,</span> 
     </span>
     <span class='ocr_line' id='line_1_23' title="bbox 325 1204 1679 1263; baseline 0.003 -19"><span class='ocrx_word' id='word_1_119' title='bbox 325 1204 505 1245; x_wconf 78' lang='lat' dir='ltr'>Nomine</span> <span class='ocrx_word' id='word_1_120' title='bbox 545 1219 754 1258; x_wconf 87' lang='lat' dir='ltr'>quemque</span> <span class='ocrx_word' id='word_1_121' title='bbox 790 1220 967 1259; x_wconf 81' lang='lat' dir='ltr'>vocans,</span> <span class='ocrx_word' id='word_1_122' title='bbox 999 1213 1234 1262; x_wconf 81' lang='lat' dir='ltr'>notumque</span> <span class='ocrx_word' id='word_1_123' title='bbox 1273 1210 1484 1263; x_wconf 81' lang='lat' dir='ltr'>efflagitat</span> <span class='ocrx_word' id='word_1_124' title='bbox 1525 1222 1679 1250; x_wconf 88' lang='lat' dir='ltr'>ensem.</span> 
     </span>
    </p>
   </div>
   <div class='ocr_carea' id='block_1_13' title="bbox 325 1263 1441 1321">
    <p class='ocr_par' dir='ltr' id='par_1_15' title="bbox 325 1263 1441 1321">
     <span class='ocr_line' id='line_1_24' title="bbox 325 1263 1441 1321; baseline 0.006 -19"><span class='ocrx_word' id='word_1_125' title='bbox 325 1263 489 1303; x_wconf 84' lang='lat' dir='ltr'>Aeneas</span> <span class='ocrx_word' id='word_1_126' title='bbox 527 1266 708 1304; x_wconf 89' lang='lat' dir='ltr'>mortem</span> <span class='ocrx_word' id='word_1_127' title='bbox 746 1267 895 1306; x_wconf 85' lang='lat' dir='ltr'>contra</span> <span class='ocrx_word' id='word_1_128' title='bbox 928 1279 1216 1321; x_wconf 88' lang='lat' dir='ltr'>praesensque</span> <span class='ocrx_word' id='word_1_129' title='bbox 1253 1268 1441 1309; x_wconf 87' lang='lat' dir='ltr'>minatur</span> 
     </span>
    </p>
   </div>
   <div class='ocr_carea' id='block_1_14' title="bbox 1876 1262 1960 1302">
    <p class='ocr_par' dir='ltr' id='par_1_16' title="bbox 1876 1262 1960 1302">
     <span class='ocr_line' id='line_1_25' title="bbox 1876 1262 1960 1302; baseline 0.012 -1"><span class='ocrx_word' id='word_1_130' title='bbox 1876 1262 1960 1302; x_wconf 78' lang='lat'>760</span> 
     </span>
    </p>
   </div>
   <div class='ocr_carea' id='block_1_15' title="bbox 327 1319 1586 1379">
    <p class='ocr_par' dir='ltr' id='par_1_17' title="bbox 327 1319 1586 1379">
     <span class='ocr_line' id='line_1_26' title="bbox 327 1319 1586 1379; baseline 0.004 -20"><span class='ocrx_word' id='word_1_131' title='bbox 327 1319 530 1371; x_wconf 83' lang='lat' dir='ltr'>Exitium,</span> <span class='ocrx_word' id='word_1_132' title='bbox 570 1320 605 1361; x_wconf 88' lang='lat' dir='ltr'>si</span> <span class='ocrx_word' id='word_1_133' title='bbox 642 1321 869 1375; x_wconf 87' lang='lat' dir='ltr'>quisquam</span> <span class='ocrx_word' id='word_1_134' title='bbox 906 1323 1053 1376; x_wconf 87' lang='lat' dir='ltr'>adeat,</span> <span class='ocrx_word' id='word_1_135' title='bbox 1089 1328 1310 1379; x_wconf 86' lang='lat' dir='ltr'>terretque</span> <span class='ocrx_word' id='word_1_136' title='bbox 1345 1326 1586 1374; x_wconf 86' lang='lat' dir='ltr'>trementes,</span> 
     </span>
    </p>
   </div>
   <div class='ocr_carea' id='block_1_16' title="bbox 327 1489 1119 1578">
    <p class='ocr_par' dir='ltr' id='par_1_18' title="bbox 327 1489 1119 1578">
     <span class='ocr_line' id='line_1_27' title="bbox 373 1489 1119 1534; baseline 0.009 -15"><span class='ocrx_word' id='word_1_137' title='bbox 373 1489 448 1521; x_wconf 73' lang='lat'>7⁴2.</span> <span class='ocrx_word' id='word_1_138' title='bbox 475 1500 605 1528; x_wconf 84' lang='lat' dir='ltr'>amens,</span> <span class='ocrx_word' id='word_1_139' title='bbox 641 1501 703 1522; x_wconf 90' lang='lat' dir='ltr'>non</span> <span class='ocrx_word' id='word_1_140' title='bbox 739 1495 901 1534; x_wconf 77' lang='lat' dir='ltr'>cognanS,</span> <span class='ocrx_word' id='word_1_141' title='bbox 940 1497 1023 1525; x_wconf 71' lang='lat' dir='ltr'>nillil</span> <span class='ocrx_word' id='word_1_142' title='bbox 1055 1498 1119 1526; x_wconf 81' lang='lat' dir='ltr'>sibi</span> 
     </span>
     <span class='ocr_line' id='line_1_28' title="bbox 327 1537 976 1578; baseline 0.008 -12"><span class='ocrx_word' id='word_1_143' title='bbox 327 1537 436 1572; x_wconf 77' lang='lat' dir='ltr'>sugam</span> <span class='ocrx_word' id='word_1_144' title='bbox 460 1546 533 1567; x_wconf 79' lang='lat' dir='ltr'>esse</span> <span class='ocrx_word' id='word_1_145' title='bbox 556 1538 755 1573; x_wconf 78' lang='lat' dir='ltr'>profuturam</span> <span class='ocrx_word' id='word_1_146' title='bbox 781 1541 820 1570; x_wconf 80' lang='lat' dir='ltr'>cf.</span> <span class='ocrx_word' id='word_1_147' title='bbox 844 1540 874 1578; x_wconf 84' lang='grc'>2,</span> <span class='ocrx_word' id='word_1_148' title='bbox 900 1540 976 1571; x_wconf 75' lang='lat'>314.</span> 
     </span>
    </p>
   </div>
   <div class='ocr_carea' id='block_1_17' title="bbox 326 1592 1120 2172">
    <p class='ocr_par' dir='ltr' id='par_1_19' title="bbox 327 1592 1118 1721">
     <span class='ocr_line' id='line_1_29' title="bbox 373 1592 1118 1639; baseline 0.009 -18"><span class='ocrx_word' id='word_1_149' title='bbox 373 1592 450 1623; x_wconf 78' lang='lat'>743.</span> <span class='ocrx_word' id='word_1_150' title='bbox 475 1592 571 1623; x_wconf 82' lang='lat' dir='ltr'>orbes</span> <span class='ocrx_word' id='word_1_151' title='bbox 608 1595 652 1625; x_wconf 76' lang='lat' dir='ltr'>ita</span> <span class='ocrx_word' id='word_1_152' title='bbox 685 1594 761 1625; x_wconf 76' lang='lat'>48¹.</span> <span class='ocrx_word' id='word_1_153' title='bbox 791 1612 829 1617; x_wconf 89' lang='lat'>—-</span> <span class='ocrx_word' id='word_1_154' title='bbox 859 1596 1018 1639; x_wconf 81' lang='lat' dir='ltr'>implicat</span> <span class='ocrx_word' id='word_1_155' title='bbox 1046 1599 1066 1628; x_wconf 86' lang='lat' dir='ltr'>i.</span> <span class='ocrx_word' id='word_1_156' title='bbox 1090 1608 1118 1628; x_wconf 85' lang='lat' dir='ltr'>e.</span> 
     </span>
     <span class='ocr_line' id='line_1_30' title="bbox 327 1640 1118 1679; baseline 0.008 -11"><span class='ocrx_word' id='word_1_157' title='bbox 327 1640 403 1669; x_wconf 75' lang='lat' dir='ltr'>facit</span> <span class='ocrx_word' id='word_1_158' title='bbox 435 1640 591 1674; x_wconf 81' lang='lat' dir='ltr'>implicito</span> <span class='ocrx_word' id='word_1_159' title='bbox 621 1650 729 1670; x_wconf 85' lang='lat' dir='ltr'>cursu.</span> <span class='ocrx_word' id='word_1_160' title='bbox 755 1658 792 1662; x_wconf 92' lang='lat'>—</span> <span class='ocrx_word' id='word_1_161' title='bbox 822 1641 987 1679; x_wconf 75' lang='lat' dir='ltr'>incertos,</span> <span class='ocrx_word' id='word_1_162' title='bbox 1020 1653 1118 1679; x_wconf 84' lang='lat' dir='ltr'>quum</span> 
     </span>
     <span class='ocr_line' id='line_1_31' title="bbox 327 1685 838 1721; baseline 0.008 -8"><span class='ocrx_word' id='word_1_163' title='bbox 327 1685 397 1720; x_wconf 77' lang='lat' dir='ltr'>ipse</span> <span class='ocrx_word' id='word_1_164' title='bbox 423 1686 558 1721; x_wconf 79' lang='lat' dir='ltr'>nesciat,</span> <span class='ocrx_word' id='word_1_165' title='bbox 582 1694 643 1720; x_wconf 84' lang='lat' dir='ltr'>quo</span> <span class='ocrx_word' id='word_1_166' title='bbox 667 1696 702 1715; x_wconf 84' lang='lat' dir='ltr'>se</span> <span class='ocrx_word' id='word_1_167' title='bbox 723 1692 838 1717; x_wconf 82' lang='lat' dir='ltr'>vertat.</span> 
     </span>
    </p>

    <p class='ocr_par' dir='ltr' id='par_1_20' title="bbox 326 1728 1120 1941">
     <span class='ocr_line' id='line_1_32' title="bbox 372 1728 1119 1773; baseline 0.007 -16"><span class='ocrx_word' id='word_1_168' title='bbox 372 1728 448 1758; x_wconf 75' lang='lat'>744.</span> <span class='ocrx_word' id='word_1_169' title='bbox 480 1728 604 1760; x_wconf 82' lang='lat' dir='ltr'>&#39;I&#39;eucri</span> <span class='ocrx_word' id='word_1_170' title='bbox 636 1729 743 1761; x_wconf 81' lang='lat' dir='ltr'>densa</span> <span class='ocrx_word' id='word_1_171' title='bbox 768 1735 800 1761; x_wconf 83' lang='lat' dir='ltr'><strong><em>M</em></strong></span> <span class='ocrx_word' id='word_1_172' title='bbox 837 1742 899 1763; x_wconf 87' lang='lat' dir='ltr'>rec.</span> <span class='ocrx_word' id='word_1_173' title='bbox 933 1731 1017 1773; x_wconf 78' lang='lat' dir='ltr'>Wg.</span> <span class='ocrx_word' id='word_1_174' title='bbox 1044 1733 1119 1768; x_wconf 74' lang='lat' dir='ltr'>(uui</span> 
     </span>
     <span class='ocr_line' id='line_1_33' title="bbox 326 1776 1118 1814; baseline 0.006 -11"><span class='ocrx_word' id='word_1_175' title='bbox 326 1784 398 1804; x_wconf 80' lang='lat' dir='ltr'>eum</span> <span class='ocrx_word' id='word_1_176' title='bbox 430 1784 463 1804; x_wconf 87' lang='lat' dir='ltr'>v.</span> <span class='ocrx_word' id='word_1_177' title='bbox 492 1776 635 1805; x_wconf 84' lang='lat' dir='ltr'>ordinem</span> <span class='ocrx_word' id='word_1_178' title='bbox 665 1786 738 1806; x_wconf 82' lang='lat' dir='ltr'>esse</span> <span class='ocrx_word' id='word_1_179' title='bbox 771 1779 848 1808; x_wconf 81' lang='lat' dir='ltr'>dicit</span> <span class='ocrx_word' id='word_1_180' title='bbox 880 1779 978 1807; x_wconf 85' lang='lat' dir='ltr'>etiam</span> <span class='ocrx_word' id='word_1_181' title='bbox 1003 1779 1037 1808; x_wconf 92' lang='lat' dir='ltr'>in</span> <span class='ocrx_word' id='word_1_182' title='bbox 1061 1780 1118 1814; x_wconf 83' lang='lat' dir='ltr'>P.)</span> 
     </span>
     <span class='ocr_line' id='line_1_34' title="bbox 330 1817 1120 1860; baseline 0.005 -11"><span class='ocrx_word' id='word_1_183' title='bbox 330 1817 395 1849; x_wconf 74' lang='lat' dir='ltr'>Iul.</span> <span class='ocrx_word' id='word_1_184' title='bbox 422 1819 530 1850; x_wconf 81' lang='lat' dir='ltr'>densa</span> <span class='ocrx_word' id='word_1_185' title='bbox 561 1819 685 1851; x_wconf 78' lang='lat' dir='ltr'>Teucri</span> <span class='ocrx_word' id='word_1_186' title='bbox 706 1832 769 1853; x_wconf 84' lang='lat' dir='ltr'>rec.</span> <span class='ocrx_word' id='word_1_187' title='bbox 797 1821 872 1860; x_wconf 65' lang='lat' dir='ltr'>Bb..</span> <span class='ocrx_word' id='word_1_188' title='bbox 908 1833 1010 1859; x_wconf 79' lang='lat' dir='ltr'>neque</span> <span class='ocrx_word' id='word_1_189' title='bbox 1042 1826 1120 1854; x_wconf 80' lang='lat' dir='ltr'>dicit</span> 
     </span>
     <span class='ocr_line' id='line_1_35' title="bbox 326 1867 1119 1901; baseline 0.009 -8"><span class='ocrx_word' id='word_1_190' title='bbox 326 1867 359 1894; x_wconf 90' lang='lat' dir='ltr'>in</span> <span class='ocrx_word' id='word_1_191' title='bbox 384 1867 500 1901; x_wconf 80' lang='lat' dir='ltr'>quihus</span> <span class='ocrx_word' id='word_1_192' title='bbox 516 1867 546 1895; x_wconf 78' lang='lat' dir='ltr'>id</span> <span class='ocrx_word' id='word_1_193' title='bbox 565 1867 641 1897; x_wconf 83' lang='lat' dir='ltr'>insit</span> <span class='ocrx_word' id='word_1_194' title='bbox 657 1871 737 1898; x_wconf 82' lang='lat' dir='ltr'>Mss.</span> <span class='ocrx_word' id='word_1_195' title='bbox 764 1871 960 1899; x_wconf 79' lang='lat' dir='ltr'>sumendum</span> <span class='ocrx_word' id='word_1_196' title='bbox 978 1875 1026 1899; x_wconf 82' lang='lat' dir='ltr'>est</span> <span class='ocrx_word' id='word_1_197' title='bbox 1044 1879 1119 1900; x_wconf 85' lang='lat' dir='ltr'>esse</span> 
     </span>
     <span class='ocr_line' id='line_1_36' title="bbox 327 1912 546 1941; baseline 0.005 -1"><span class='ocrx_word' id='word_1_198' title='bbox 327 1912 359 1940; x_wconf 90' lang='lat' dir='ltr'>in</span> <span class='ocrx_word' id='word_1_199' title='bbox 385 1913 546 1941; x_wconf 83' lang='lat' dir='ltr'>omnihus.</span> 
     </span>
    </p>

    <p class='ocr_par' dir='ltr' id='par_1_21' title="bbox 326 1956 1119 2172">
     <span class='ocr_line' id='line_1_37' title="bbox 372 1956 1118 1997; baseline 0.008 -12"><span class='ocrx_word' id='word_1_200' title='bbox 372 1956 449 1986; x_wconf 77' lang='lat'>745.</span> <span class='ocrx_word' id='word_1_201' title='bbox 471 1956 575 1995; x_wconf 76' lang='lat' dir='ltr'>palus</span> <span class='ocrx_word' id='word_1_202' title='bbox 599 1959 636 1987; x_wconf 77' lang='lat' dir='ltr'>cf.</span> <span class='ocrx_word' id='word_1_203' title='bbox 657 1957 708 1997; x_wconf 81' lang='lat'>10,</span> <span class='ocrx_word' id='word_1_204' title='bbox 723 1958 799 1989; x_wconf 78' lang='lat'>709.</span> <span class='ocrx_word' id='word_1_205' title='bbox 826 1970 932 1996; x_wconf 64' lang='lat' dir='ltr'>„quae</span> <span class='ocrx_word' id='word_1_206' title='bbox 956 1970 1040 1991; x_wconf 82' lang='lat' dir='ltr'>nunc</span> <span class='ocrx_word' id='word_1_207' title='bbox 1055 1970 1118 1991; x_wconf 84' lang='lat' dir='ltr'>non</span> 
     </span>
     <span class='ocr_line' id='line_1_38' title="bbox 326 2002 1119 2043; baseline 0.008 -12"><span class='ocrx_word' id='word_1_208' title='bbox 326 2002 482 2038; x_wconf 78' lang='lat' dir='ltr'>apparet“</span> <span class='ocrx_word' id='word_1_209' title='bbox 517 2005 548 2033; x_wconf 88' lang='lat' dir='ltr'>S.</span> <span class='ocrx_word' id='word_1_210' title='bbox 583 2004 617 2032; x_wconf 86' lang='lat' dir='ltr'>in</span> <span class='ocrx_word' id='word_1_211' title='bbox 656 2006 744 2040; x_wconf 78' lang='lat' dir='ltr'>aliql.</span> <span class='ocrx_word' id='word_1_212' title='bbox 773 2008 936 2036; x_wconf 77' lang='lat' dir='ltr'>Martialis</span> <span class='ocrx_word' id='word_1_213' title='bbox 980 2013 1119 2043; x_wconf 75' lang='lat' dir='ltr'>ternpore</span> 
     </span>
     <span class='ocr_line' id='line_1_39' title="bbox 327 2049 1119 2083; baseline 0.008 -6"><span class='ocrx_word' id='word_1_214' title='bbox 327 2049 454 2078; x_wconf 77' lang='lat' dir='ltr'>videtur</span> <span class='ocrx_word' id='word_1_215' title='bbox 472 2050 657 2083; x_wconf 73' lang='lat' dir='ltr'>exstitisse:</span> <span class='ocrx_word' id='word_1_216' title='bbox 683 2056 766 2080; x_wconf 79' lang='lat' dir='ltr'>certe</span> <span class='ocrx_word' id='word_1_217' title='bbox 789 2055 881 2081; x_wconf 79' lang='lat' dir='ltr'>habel</span> <span class='ocrx_word' id='word_1_218' title='bbox 897 2056 991 2083; x_wconf 86' lang='lat' dir='ltr'>haec:</span> <span class='ocrx_word' id='word_1_219' title='bbox 1025 2051 1119 2082; x_wconf 83' lang='lat' dir='ltr'>Lau-</span> 
     </span>
     <span class='ocr_line' id='line_1_40' title="bbox 328 2093 1119 2136; baseline 0.006 -14"><span class='ocrx_word' id='word_1_220' title='bbox 328 2093 461 2123; x_wconf 82' lang='lat' dir='ltr'>rentino</span> <span class='ocrx_word' id='word_1_221' title='bbox 487 2097 604 2135; x_wconf 70' lang='lat' dir='ltr'>turpes</span> <span class='ocrx_word' id='word_1_222' title='bbox 629 2094 665 2125; x_wconf 77' lang='lat' dir='ltr'>in</span> <span class='ocrx_word' id='word_1_223' title='bbox 691 2095 793 2127; x_wconf 73' lang='lat' dir='ltr'>litore</span> <span class='ocrx_word' id='word_1_224' title='bbox 815 2107 925 2128; x_wconf 80' lang='lat' dir='ltr'>ranas</span> <span class='ocrx_word' id='word_1_225' title='bbox 953 2096 1003 2136; x_wconf 81' lang='lat'>10,</span> <span class='ocrx_word' id='word_1_226' title='bbox 1023 2098 1119 2136; x_wconf 77' lang='grc'><strong>37,5.</strong></span> 
     </span>
     <span class='ocr_line' id='line_1_41' title="bbox 328 2141 789 2172; baseline 0.009 -4"><span class='ocrx_word' id='word_1_227' title='bbox 328 2142 418 2169; x_wconf 69' lang='lat' dir='ltr'>Ninia</span> <span class='ocrx_word' id='word_1_228' title='bbox 443 2141 539 2169; x_wconf 83' lang='lat' dir='ltr'>etiam</span> <span class='ocrx_word' id='word_1_229' title='bbox 566 2149 640 2171; x_wconf 89' lang='lat' dir='ltr'>esse</span> <span class='ocrx_word' id='word_1_230' title='bbox 662 2143 789 2172; x_wconf 72' lang='lat' dir='ltr'>dieitur.</span> 
     </span>
    </p>
   </div>
   <div class='ocr_carea' id='block_1_18' title="bbox 328 2216 1116 2308">
    <p class='ocr_par' dir='ltr' id='par_1_22' title="bbox 328 2216 1116 2308">
     <span class='ocr_line' id='line_1_42' title="bbox 328 2216 1116 2253; baseline 0.006 -5"><span class='ocrx_word' id='word_1_231' title='bbox 328 2217 527 2249; x_wconf 71' lang='lat'>746—790.</span> <span class='ocrx_word' id='word_1_232' title='bbox 577 2216 731 2249; x_wconf 84' lang='lat' dir='ltr'>Tandem</span> <span class='ocrx_word' id='word_1_233' title='bbox 762 2219 865 2250; x_wconf 85' lang='lat' dir='ltr'>armis</span> <span class='ocrx_word' id='word_1_234' title='bbox 896 2219 1012 2252; x_wconf 81' lang='lat' dir='ltr'>resecti</span> <span class='ocrx_word' id='word_1_235' title='bbox 1045 2230 1116 2253; x_wconf 82' lang='lat' dir='ltr'>cer-</span> 
     </span>
     <span class='ocr_line' id='line_1_43' title="bbox 551 2276 893 2308; baseline 0.009 -3"><span class='ocrx_word' id='word_1_236' title='bbox 551 2279 665 2305; x_wconf 81' lang='lat' dir='ltr'>tamen</span> <span class='ocrx_word' id='word_1_237' title='bbox 692 2276 893 2308; x_wconf 76' lang='lat' dir='ltr'>restituunt.</span> 
     </span>
    </p>
   </div>
   <div class='ocr_carea' id='block_1_19' title="bbox 323 2330 1119 3056">
    <p class='ocr_par' dir='ltr' id='par_1_23' title="bbox 323 2330 1119 3056">
     <span class='ocr_line' id='line_1_44' title="bbox 371 2330 1117 2371; baseline 0.008 -11"><span class='ocrx_word' id='word_1_238' title='bbox 371 2330 447 2361; x_wconf 73' lang='lat'>746.</span> <span class='ocrx_word' id='word_1_239' title='bbox 479 2330 548 2362; x_wconf 70' lang='lat' dir='ltr'>Nec</span> <span class='ocrx_word' id='word_1_240' title='bbox 567 2331 681 2362; x_wconf 81' lang='lat' dir='ltr'>minus</span> <span class='ocrx_word' id='word_1_241' title='bbox 697 2335 736 2363; x_wconf 83' lang='lat' dir='ltr'>cf.</span> <span class='ocrx_word' id='word_1_242' title='bbox 757 2332 782 2371; x_wconf 86' lang='grc'>1,</span> <span class='ocrx_word' id='word_1_243' title='bbox 804 2334 879 2364; x_wconf 82' lang='grc'><strong>633.</strong></span> <span class='ocrx_word' id='word_1_244' title='bbox 909 2352 947 2356; x_wconf 94' lang='lat'>—-</span> <span class='ocrx_word' id='word_1_245' title='bbox 971 2335 1117 2366; x_wconf 79' lang='lat' dir='ltr'>tardata</span> 
     </span>
     <span class='ocr_line' id='line_1_45' title="bbox 326 2377 1119 2417; baseline 0.006 -11"><span class='ocrx_word' id='word_1_246' title='bbox 326 2380 424 2417; x_wconf 70' lang='lat' dir='ltr'>Pnyh</span> <span class='ocrx_word' id='word_1_247' title='bbox 442 2377 587 2407; x_wconf 80' lang='lat' dir='ltr'>tardata</span> <span class='ocrx_word' id='word_1_248' title='bbox 613 2386 787 2409; x_wconf 79' lang='lat' dir='ltr'>correctum</span> <span class='ocrx_word' id='word_1_249' title='bbox 813 2381 846 2410; x_wconf 87' lang='lat' dir='ltr'>in</span> <span class='ocrx_word' id='word_1_250' title='bbox 871 2380 1036 2412; x_wconf 76' lang='lat' dir='ltr'>tardante</span> <span class='ocrx_word' id='word_1_251' title='bbox 1054 2380 1119 2411; x_wconf 79' lang='lat' dir='ltr'>Mc.</span> 
     </span>
     <span class='ocr_line' id='line_1_46' title="bbox 331 2422 1119 2459; baseline 0.008 -7"><span class='ocrx_word' id='word_1_252' title='bbox 331 2440 366 2443; x_wconf 88' lang='lat'>—</span> <span class='ocrx_word' id='word_1_253' title='bbox 404 2422 549 2453; x_wconf 75' lang='lat' dir='ltr'>tardata</span> <span class='ocrx_word' id='word_1_254' title='bbox 573 2433 635 2454; x_wconf 85' lang='lat' dir='ltr'>rec.</span> <span class='ocrx_word' id='word_1_255' title='bbox 665 2423 731 2454; x_wconf 86' lang='lat' dir='ltr'>Hn.</span> <span class='ocrx_word' id='word_1_256' title='bbox 761 2422 826 2454; x_wconf 82' lang='lat' dir='ltr'>Ld.</span> <span class='ocrx_word' id='word_1_257' title='bbox 856 2425 915 2456; x_wconf 68' lang='lat' dir='ltr'>Hb.</span> <span class='ocrx_word' id='word_1_258' title='bbox 969 2444 1006 2448; x_wconf 89' lang='lat'>—</span> <span class='ocrx_word' id='word_1_259' title='bbox 1062 2425 1119 2459; x_wconf 76' lang='lat' dir='ltr'>Gt.</span> 
     </span>
     <span class='ocr_line' id='line_1_47' title="bbox 326 2468 1119 2513; baseline 0.005 -15"><span class='ocrx_word' id='word_1_260' title='bbox 326 2470 408 2498; x_wconf 76' lang='lat' dir='ltr'>coni.</span> <span class='ocrx_word' id='word_1_261' title='bbox 451 2468 605 2498; x_wconf 83' lang='lat' dir='ltr'>&#39;l&#39;arnum</span> <span class='ocrx_word' id='word_1_262' title='bbox 643 2473 725 2500; x_wconf 80' lang='lat' dir='ltr'>ante</span> <span class='ocrx_word' id='word_1_263' title='bbox 761 2479 796 2500; x_wconf 72' lang='lat' dir='ltr'>se</span> <span class='ocrx_word' id='word_1_264' title='bbox 830 2475 991 2513; x_wconf 77' lang='lat' dir='ltr'>agentem</span> <span class='ocrx_word' id='word_1_265' title='bbox 1030 2473 1119 2509; x_wconf 78' lang='lat' dir='ltr'>[Me-</span> 
     </span>
     <span class='ocr_line' id='line_1_48' title="bbox 325 2513 1118 2555; baseline 0.005 -11"><span class='ocrx_word' id='word_1_266' title='bbox 325 2516 447 2550; x_wconf 74' lang='lat' dir='ltr'>truml)</span> <span class='ocrx_word' id='word_1_267' title='bbox 485 2513 532 2544; x_wconf 90' lang='grc' dir='ltr'><strong>ΡΙ.</strong></span> <span class='ocrx_word' id='word_1_268' title='bbox 558 2516 641 2544; x_wconf 85' lang='lat' dir='ltr'>coni.</span> <span class='ocrx_word' id='word_1_269' title='bbox 678 2514 824 2546; x_wconf 84' lang='lat' dir='ltr'>tardata</span> <span class='ocrx_word' id='word_1_270' title='bbox 858 2517 1034 2555; x_wconf 76' lang='lat' dir='ltr'>fatiscunt</span> <span class='ocrx_word' id='word_1_271' title='bbox 1066 2521 1118 2548; x_wconf 84' lang='lat' dir='ltr'>vel</span> 
     </span>
     <span class='ocr_line' id='line_1_49' title="bbox 326 2558 1118 2604; baseline 0.005 -14"><span class='ocrx_word' id='word_1_272' title='bbox 326 2560 491 2590; x_wconf 75' lang='lat' dir='ltr'>tardatus</span> <span class='ocrx_word' id='word_1_273' title='bbox 511 2558 655 2590; x_wconf 72' lang='lat' dir='ltr'>anhelat</span> <span class='ocrx_word' id='word_1_274' title='bbox 677 2560 831 2601; x_wconf 73' lang='lat' dir='ltr'>Spiritus</span> <span class='ocrx_word' id='word_1_275' title='bbox 858 2566 889 2593; x_wconf 77' lang='lat' dir='ltr'>et</span> <span class='ocrx_word' id='word_1_276' title='bbox 912 2573 1032 2604; x_wconf 72' lang='lat' dir='ltr'>genna</span> <span class='ocrx_word' id='word_1_277' title='bbox 1054 2573 1118 2601; x_wconf 76' lang='lat' dir='ltr'>„an</span> 
     </span>
     <span class='ocr_line' id='line_1_50' title="bbox 326 2608 1117 2650; baseline 0.004 -14"><span class='ocrx_word' id='word_1_278' title='bbox 326 2608 400 2643; x_wconf 71' lang='lat' dir='ltr'>Vgl.</span> <span class='ocrx_word' id='word_1_279' title='bbox 419 2608 452 2635; x_wconf 88' lang='lat' dir='ltr'>in</span> <span class='ocrx_word' id='word_1_280' title='bbox 475 2615 534 2635; x_wconf 89' lang='lat' dir='ltr'>suo</span> <span class='ocrx_word' id='word_1_281' title='bbox 553 2608 732 2642; x_wconf 84' lang='lat' dir='ltr'>exemplari</span> <span class='ocrx_word' id='word_1_282' title='bbox 756 2609 885 2643; x_wconf 80' lang='lat' dir='ltr'>reliquit</span> <span class='ocrx_word' id='word_1_283' title='bbox 904 2618 1117 2650; x_wconf 80' lang='lat' dir='ltr'>quamquam</span> 
     </span>
     <span class='ocr_line' id='line_1_51' title="bbox 324 2650 1117 2688; baseline 0.004 -6"><span class='ocrx_word' id='word_1_284' title='bbox 324 2675 332 2683; x_wconf 86' lang='lat'>.</span> <span class='ocrx_word' id='word_1_285' title='bbox 354 2675 386 2682; x_wconf 90' lang='lat'>..</span> <span class='ocrx_word' id='word_1_286' title='bbox 417 2650 605 2682; x_wconf 82' lang='lat' dir='ltr'>Interdum.</span> <span class='ocrx_word' id='word_1_287' title='bbox 642 2660 745 2688; x_wconf 82' lang='lat' dir='ltr'>eaque</span> <span class='ocrx_word' id='word_1_288' title='bbox 786 2655 894 2684; x_wconf 83' lang='lat' dir='ltr'>Tucca</span> <span class='ocrx_word' id='word_1_289' title='bbox 931 2660 958 2685; x_wconf 76' lang='lat' dir='ltr'>el</span> <span class='ocrx_word' id='word_1_290' title='bbox 995 2656 1117 2685; x_wconf 81' lang='lat' dir='ltr'>Varius</span> 
     </span>
     <span class='ocr_line' id='line_1_52' title="bbox 325 2695 1116 2738; baseline 0.006 -13"><span class='ocrx_word' id='word_1_291' title='bbox 325 2706 380 2734; x_wconf 73' lang='lat' dir='ltr'>per</span> <span class='ocrx_word' id='word_1_292' title='bbox 393 2695 703 2738; x_wconf 78' lang='lat' dir='ltr'>tardantesagitta</span> <span class='ocrx_word' id='word_1_293' title='bbox 719 2701 893 2734; x_wconf 78' lang='lat' dir='ltr'>explevere</span> <span class='ocrx_word' id='word_1_294' title='bbox 909 2710 950 2730; x_wconf 82' lang='lat' dir='ltr'>ex</span> <span class='ocrx_word' id='word_1_295' title='bbox 959 2702 989 2737; x_wconf 85' lang='grc'>5,</span> <span class='ocrx_word' id='word_1_296' title='bbox 1005 2700 1069 2729; x_wconf 81' lang='lat'>395</span> <span class='ocrx_word' id='word_1_297' title='bbox 1081 2700 1116 2730; x_wconf 72' lang='lat'>?“</span> 
     </span>
     <span class='ocr_line' id='line_1_53' title="bbox 326 2744 1116 2776; baseline 0.005 -4"><span class='ocrx_word' id='word_1_298' title='bbox 326 2746 359 2772; x_wconf 80' lang='lat' dir='ltr'>Id</span> <span class='ocrx_word' id='word_1_299' title='bbox 384 2748 433 2772; x_wconf 81' lang='lat' dir='ltr'>est</span> <span class='ocrx_word' id='word_1_300' title='bbox 460 2744 606 2773; x_wconf 75' lang='lat' dir='ltr'>criticam</span> <span class='ocrx_word' id='word_1_301' title='bbox 639 2744 792 2774; x_wconf 77' lang='lat' dir='ltr'>factitare.</span> <span class='ocrx_word' id='word_1_302' title='bbox 840 2748 986 2776; x_wconf 79' lang='lat' dir='ltr'>Facilius</span> <span class='ocrx_word' id='word_1_303' title='bbox 1010 2752 1116 2776; x_wconf 80' lang='lat' dir='ltr'>muta-</span> 
     </span>
     <span class='ocr_line' id='line_1_54' title="bbox 325 2787 1115 2827; baseline 0.006 -10"><span class='ocrx_word' id='word_1_304' title='bbox 325 2792 416 2818; x_wconf 77' lang='lat' dir='ltr'>batur</span> <span class='ocrx_word' id='word_1_305' title='bbox 451 2789 484 2818; x_wconf 86' lang='lat' dir='ltr'>in</span> <span class='ocrx_word' id='word_1_306' title='bbox 526 2787 687 2827; x_wconf 84' lang='lat' dir='ltr'>tardata,</span> <span class='ocrx_word' id='word_1_307' title='bbox 729 2798 825 2825; x_wconf 86' lang='lat' dir='ltr'>qnam</span> <span class='ocrx_word' id='word_1_308' title='bbox 866 2792 898 2821; x_wconf 90' lang='lat' dir='ltr'>in</span> <span class='ocrx_word' id='word_1_309' title='bbox 937 2790 1115 2822; x_wconf 77' lang='lat' dir='ltr'>tardante.</span> 
     </span>
     <span class='ocr_line' id='line_1_55' title="bbox 326 2832 1114 2875; baseline 0.008 -13"><span class='ocrx_word' id='word_1_310' title='bbox 326 2837 431 2869; x_wconf 71' lang='lat' dir='ltr'>Neque</span> <span class='ocrx_word' id='word_1_311' title='bbox 458 2832 593 2875; x_wconf 79' lang='lat' dir='ltr'>sagitta</span> <span class='ocrx_word' id='word_1_312' title='bbox 615 2843 670 2869; x_wconf 88' lang='lat' dir='ltr'>pro</span> <span class='ocrx_word' id='word_1_313' title='bbox 698 2834 839 2865; x_wconf 81' lang='lat' dir='ltr'>vulnere</span> <span class='ocrx_word' id='word_1_314' title='bbox 864 2839 980 2867; x_wconf 83' lang='lat' dir='ltr'>dicitur</span> <span class='ocrx_word' id='word_1_315' title='bbox 1001 2847 1042 2867; x_wconf 87' lang='lat' dir='ltr'>ex</span> <span class='ocrx_word' id='word_1_316' title='bbox 1058 2846 1114 2867; x_wconf 85' lang='lat' dir='ltr'>sa-</span> 
     </span>
     <span class='ocr_line' id='line_1_56' title="bbox 324 2881 1112 2917; baseline 0.008 -9"><span class='ocrx_word' id='word_1_317' title='bbox 324 2882 401 2913; x_wconf 65' lang='lat' dir='ltr'>gina</span> <span class='ocrx_word' id='word_1_318' title='bbox 420 2886 497 2915; x_wconf 77' lang='lat' dir='ltr'>orto,</span> <span class='ocrx_word' id='word_1_319' title='bbox 524 2881 579 2909; x_wconf 76' lang='lat' dir='ltr'>sed</span> <span class='ocrx_word' id='word_1_320' title='bbox 595 2883 697 2910; x_wconf 80' lang='lat' dir='ltr'>tardat</span> <span class='ocrx_word' id='word_1_321' title='bbox 714 2882 834 2917; x_wconf 78' lang='lat' dir='ltr'>sagitta</span> <span class='ocrx_word' id='word_1_322' title='bbox 851 2884 948 2913; x_wconf 78' lang='lat' dir='ltr'>etiam</span> <span class='ocrx_word' id='word_1_323' title='bbox 966 2888 1112 2914; x_wconf 77' lang='lat' dir='ltr'>extracta</span> 
     </span>
     <span class='ocr_line' id='line_1_57' title="bbox 323 2926 1110 2963; baseline 0.009 -11"><span class='ocrx_word' id='word_1_324' title='bbox 323 2931 351 2952; x_wconf 72' lang='lat'>‹21</span> <span class='ocrx_word' id='word_1_325' title='bbox 374 2926 528 2955; x_wconf 73' lang='lat' dir='ltr'>imerdum</span> <span class='ocrx_word' id='word_1_326' title='bbox 545 2933 649 2961; x_wconf 72' lang='lat' dir='ltr'>genua</span> <span class='ocrx_word' id='word_1_327' title='bbox 664 2927 809 2963; x_wconf 52' lang='lat' dir='ltr'>impedio</span> <span class='ocrx_word' id='word_1_328' title='bbox 835 2927 981 2958; x_wconf 79' lang='lat' dir='ltr'>tardata</span> <span class='ocrx_word' id='word_1_329' title='bbox 1004 2934 1110 2960; x_wconf 85' lang='lat' dir='ltr'>autem</span> 
     </span>
     <span class='ocr_line' id='line_1_58' title="bbox 323 2973 1110 3016; baseline 0.01 -19"><span class='ocrx_word' id='word_1_330' title='bbox 323 2979 437 3001; x_wconf 62' lang='lat' dir='ltr'>gmina.</span> <span class='ocrx_word' id='word_1_331' title='bbox 488 2974 569 3006; x_wconf 79' lang='lat' dir='ltr'>quod</span> <span class='ocrx_word' id='word_1_332' title='bbox 614 2977 699 3002; x_wconf 78' lang='lat' dir='ltr'>recte</span> <span class='ocrx_word' id='word_1_333' title='bbox 739 2974 859 3003; x_wconf 86' lang='lat' dir='ltr'>monuit</span> <span class='ocrx_word' id='word_1_334' title='bbox 908 2973 1003 3016; x_wconf 76' lang='lat' dir='ltr'>Wg..</span> <span class='ocrx_word' id='word_1_335' title='bbox 1045 2984 1110 3006; x_wconf 90' lang='lat' dir='ltr'>non</span> 
     </span>
     <span class='ocr_line' id='line_1_59' title="bbox 323 3015 1106 3056; baseline 0.011 -14"><span class='ocrx_word' id='word_1_336' title='bbox 323 3015 474 3044; x_wconf 70' lang='lat' dir='ltr'>inwrssum</span> <span class='ocrx_word' id='word_1_337' title='bbox 500 3018 674 3052; x_wconf 75' lang='lat' dir='ltr'>impediunt</span> <span class='ocrx_word' id='word_1_338' title='bbox 698 3020 857 3049; x_wconf 82' lang='lat' dir='ltr'>nominem</span> <span class='ocrx_word' id='word_1_339' title='bbox 882 3022 937 3049; x_wconf 86' lang='lat' dir='ltr'>sed</span> <span class='ocrx_word' id='word_1_340' title='bbox 970 3029 1106 3056; x_wconf 84' lang='lat' dir='ltr'>semper.</span> 
     </span>
    </p>
   </div>
   <div class='ocr_carea' id='block_1_20' title="bbox 1164 1494 1962 1582">
    <p class='ocr_par' dir='ltr' id='par_1_24' title="bbox 1164 1494 1962 1582">
     <span class='ocr_line' id='line_1_60' title="bbox 1210 1494 1962 1538; baseline -0.009 -10"><span class='ocrx_word' id='word_1_341' title='bbox 1210 1498 1286 1529; x_wconf 77' lang='lat'>747.</span> <span class='ocrx_word' id='word_1_342' title='bbox 1317 1506 1525 1538; x_wconf 70' lang='lat' dir='ltr'>cursumque</span> <span class='ocrx_word' id='word_1_343' title='bbox 1544 1497 1730 1531; x_wconf 59' lang='lat' dir='ltr'>recusanu</span> <span class='ocrx_word' id='word_1_344' title='bbox 1758 1503 1823 1524; x_wconf 86' lang='lat' dir='ltr'>non</span> <span class='ocrx_word' id='word_1_345' title='bbox 1847 1494 1962 1523; x_wconf 80' lang='lat' dir='ltr'>valent</span> 
     </span>
     <span class='ocr_line' id='line_1_61' title="bbox 1164 1550 1642 1582; baseline -0.008 -7"><span class='ocrx_word' id='word_1_346' title='bbox 1164 1554 1302 1582; x_wconf 88' lang='lat' dir='ltr'>currere,</span> <span class='ocrx_word' id='word_1_347' title='bbox 1325 1550 1359 1574; x_wconf 81' lang='lat' dir='ltr'>ut</span> <span class='ocrx_word' id='word_1_348' title='bbox 1383 1554 1443 1573; x_wconf 82' lang='lat' dir='ltr'>nos</span> <span class='ocrx_word' id='word_1_349' title='bbox 1468 1551 1642 1580; x_wconf 82' lang='lat' dir='ltr'>versagen.</span> 
     </span>
    </p>
   </div>
   <div class='ocr_carea' id='block_1_21' title="bbox 1164 1604 1958 1695">
    <p class='ocr_par' dir='ltr' id='par_1_25' title="bbox 1164 1604 1958 1695">
     <span class='ocr_line' id='line_1_62' title="bbox 1209 1604 1958 1646; baseline -0.008 -6"><span class='ocrx_word' id='word_1_350' title='bbox 1209 1610 1286 1641; x_wconf 73' lang='grc'><strong>749.</strong></span> <span class='ocrx_word' id='word_1_351' title='bbox 1312 1612 1438 1641; x_wconf 86' lang='lat' dir='ltr'>Similis</span> <span class='ocrx_word' id='word_1_352' title='bbox 1464 1610 1661 1646; x_wconf 77' lang='lat' dir='ltr'>comparatio</span> <span class='ocrx_word' id='word_1_353' title='bbox 1681 1611 1741 1639; x_wconf 78' lang='lat' dir='ltr'>ov.</span> <span class='ocrx_word' id='word_1_354' title='bbox 1756 1610 1800 1638; x_wconf 84' lang='lat' dir='ltr'>M.</span> <span class='ocrx_word' id='word_1_355' title='bbox 1825 1605 1856 1645; x_wconf 90' lang='grc'>1,</span> <span class='ocrx_word' id='word_1_356' title='bbox 1880 1604 1958 1635; x_wconf 82' lang='grc'><strong>533.</strong></span> 
     </span>
     <span class='ocr_line' id='line_1_63' title="bbox 1164 1656 1584 1695; baseline -0.002 -9"><span class='ocrx_word' id='word_1_357' title='bbox 1164 1656 1195 1695; x_wconf 90' lang='grc'>7,</span> <span class='ocrx_word' id='word_1_358' title='bbox 1221 1657 1298 1695; x_wconf 78' lang='grc'>785,</span> <span class='ocrx_word' id='word_1_359' title='bbox 1323 1663 1351 1687; x_wconf 75' lang='lat' dir='ltr'>et</span> <span class='ocrx_word' id='word_1_360' title='bbox 1377 1659 1463 1693; x_wconf 81' lang='lat' dir='ltr'>apud</span> <span class='ocrx_word' id='word_1_361' title='bbox 1487 1657 1584 1686; x_wconf 84' lang='lat' dir='ltr'>alios.</span> 
     </span>
    </p>
   </div>
   <div class='ocr_carea' id='block_1_22' title="bbox 1164 1719 1960 1852">
    <p class='ocr_par' dir='ltr' id='par_1_26' title="bbox 1164 1719 1960 1852">
     <span class='ocr_line' id='line_1_64' title="bbox 1211 1719 1960 1763; baseline -0.008 -10"><span class='ocrx_word' id='word_1_362' title='bbox 1211 1723 1287 1755; x_wconf 82' lang='lat'>750.</span> <span class='ocrx_word' id='word_1_363' title='bbox 1313 1723 1524 1763; x_wconf 82' lang='lat' dir='ltr'>formidine,</span> <span class='ocrx_word' id='word_1_364' title='bbox 1564 1731 1646 1759; x_wconf 81' lang='lat' dir='ltr'>quae</span> <span class='ocrx_word' id='word_1_365' title='bbox 1676 1722 1708 1752; x_wconf 78' lang='lat' dir='ltr'>fit</span> <span class='ocrx_word' id='word_1_366' title='bbox 1737 1721 1822 1757; x_wconf 79' lang='lat' dir='ltr'>ipsis</span> <span class='ocrx_word' id='word_1_367' title='bbox 1845 1719 1960 1756; x_wconf 85' lang='lat' dir='ltr'>pennis</span> 
     </span>
     <span class='ocr_line' id='line_1_65' title="bbox 1165 1767 1960 1806; baseline -0.008 -6"><span class='ocrx_word' id='word_1_368' title='bbox 1165 1772 1322 1806; x_wconf 75' lang='lat' dir='ltr'>puniceis.</span> <span class='ocrx_word' id='word_1_369' title='bbox 1369 1772 1466 1800; x_wconf 86' lang='lat' dir='ltr'>Tales</span> <span class='ocrx_word' id='word_1_370' title='bbox 1512 1777 1635 1805; x_wconf 83' lang='lat' dir='ltr'>pennae</span> <span class='ocrx_word' id='word_1_371' title='bbox 1679 1769 1721 1797; x_wconf 75' lang='lat' dir='ltr'>ad</span> <span class='ocrx_word' id='word_1_372' title='bbox 1765 1767 1960 1797; x_wconf 78' lang='lat' dir='ltr'>territandas</span> 
     </span>
     <span class='ocr_line' id='line_1_66' title="bbox 1164 1809 1867 1852; baseline -0.01 -5"><span class='ocrx_word' id='word_1_373' title='bbox 1164 1817 1251 1847; x_wconf 81' lang='lat' dir='ltr'>feras</span> <span class='ocrx_word' id='word_1_374' title='bbox 1277 1824 1374 1852; x_wconf 84' lang='lat' dir='ltr'>saepe</span> <span class='ocrx_word' id='word_1_375' title='bbox 1399 1820 1625 1845; x_wconf 79' lang='lat' dir='ltr'>memorantur.</span> <span class='ocrx_word' id='word_1_376' title='bbox 1663 1813 1711 1843; x_wconf 80' lang='lat' dir='ltr'>Cf.</span> <span class='ocrx_word' id='word_1_377' title='bbox 1737 1810 1768 1850; x_wconf 74' lang='lat'>4,</span> <span class='ocrx_word' id='word_1_378' title='bbox 1791 1809 1867 1841; x_wconf 87' lang='grc'><strong>121.</strong></span> 
     </span>
    </p>
   </div>
   <div class='ocr_carea' id='block_1_23' title="bbox 1165 1866 1960 2138">
    <p class='ocr_par' dir='ltr' id='par_1_27' title="bbox 1165 1866 1960 2138">
     <span class='ocr_line' id='line_1_67' title="bbox 1211 1866 1960 1908; baseline -0.005 -8"><span class='ocrx_word' id='word_1_379' title='bbox 1211 1871 1288 1902; x_wconf 82' lang='grc'><strong>751.</strong></span> <span class='ocrx_word' id='word_1_380' title='bbox 1319 1875 1466 1902; x_wconf 83' lang='lat' dir='ltr'>venator</span> <span class='ocrx_word' id='word_1_381' title='bbox 1499 1869 1595 1901; x_wconf 79' lang='lat' dir='ltr'>cunis</span> <span class='ocrx_word' id='word_1_382' title='bbox 1621 1866 1846 1908; x_wconf 77' lang='lat' dir='ltr'>‚,venaticus‚“</span> <span class='ocrx_word' id='word_1_383' title='bbox 1871 1870 1903 1897; x_wconf 88' lang='lat' dir='ltr'>S.</span> <span class='ocrx_word' id='word_1_384' title='bbox 1924 1871 1960 1897; x_wconf 87' lang='lat' dir='ltr'>ut</span> 
     </span>
     <span class='ocr_line' id='line_1_68' title="bbox 1165 1912 1960 1951; baseline -0.008 -3"><span class='ocrx_word' id='word_1_385' title='bbox 1165 1922 1310 1948; x_wconf 86' lang='lat' dir='ltr'>venator</span> <span class='ocrx_word' id='word_1_386' title='bbox 1339 1915 1456 1948; x_wconf 84' lang='lat' dir='ltr'>Lacon</span> <span class='ocrx_word' id='word_1_387' title='bbox 1479 1920 1511 1947; x_wconf 80' lang='lat' dir='ltr'>et</span> <span class='ocrx_word' id='word_1_388' title='bbox 1540 1914 1662 1946; x_wconf 77' lang='lat' dir='ltr'>Umber</span> <span class='ocrx_word' id='word_1_389' title='bbox 1686 1915 1820 1951; x_wconf 81' lang='lat' dir='ltr'>(canis)</span> <span class='ocrx_word' id='word_1_390' title='bbox 1844 1914 1903 1943; x_wconf 90' lang='lat' dir='ltr'>Sil.</span> <span class='ocrx_word' id='word_1_391' title='bbox 1929 1912 1960 1949; x_wconf 85' lang='lat'>3,</span> 
     </span>
     <span class='ocr_line' id='line_1_69' title="bbox 1165 1961 1959 1999; baseline -0.006 -6"><span class='ocrx_word' id='word_1_392' title='bbox 1165 1964 1241 1994; x_wconf 75' lang='grc'><strong>295.</strong></span> <span class='ocrx_word' id='word_1_393' title='bbox 1268 1966 1354 1993; x_wconf 83' lang='lat' dir='ltr'>Male</span> <span class='ocrx_word' id='word_1_394' title='bbox 1376 1968 1447 1999; x_wconf 77' lang='lat' dir='ltr'>post</span> <span class='ocrx_word' id='word_1_395' title='bbox 1473 1971 1576 1992; x_wconf 61' lang='lat' dir='ltr'>cursu</span> <span class='ocrx_word' id='word_1_396' title='bbox 1601 1968 1726 1992; x_wconf 82' lang='lat' dir='ltr'>conuna</span> <span class='ocrx_word' id='word_1_397' title='bbox 1748 1961 1886 1997; x_wconf 81' lang='lat' dir='ltr'>ponitur,</span> <span class='ocrx_word' id='word_1_398' title='bbox 1923 1963 1959 1988; x_wconf 84' lang='lat' dir='ltr'>ut</span> 
     </span>
     <span class='ocr_line' id='line_1_70' title="bbox 1166 2006 1960 2040; baseline -0.006 -1"><span class='ocrx_word' id='word_1_399' title='bbox 1166 2013 1311 2040; x_wconf 84' lang='lat' dir='ltr'>venator</span> <span class='ocrx_word' id='word_1_400' title='bbox 1335 2014 1365 2039; x_wconf 83' lang='lat' dir='ltr'>et</span> <span class='ocrx_word' id='word_1_401' title='bbox 1398 2006 1496 2038; x_wconf 80' lang='lat' dir='ltr'>canis</span> <span class='ocrx_word' id='word_1_402' title='bbox 1517 2009 1640 2038; x_wconf 79' lang='lat' dir='ltr'>diversi</span> <span class='ocrx_word' id='word_1_403' title='bbox 1669 2008 1745 2037; x_wconf 80' lang='lat' dir='ltr'>sint.</span> <span class='ocrx_word' id='word_1_404' title='bbox 1791 2008 1837 2035; x_wconf 77' lang='lat' dir='ltr'>Ita</span> <span class='ocrx_word' id='word_1_405' title='bbox 1873 2006 1960 2035; x_wconf 84' lang='lat' dir='ltr'>enim</span> 
     </span>
     <span class='ocr_line' id='line_1_71' title="bbox 1165 2052 1960 2089; baseline -0.008 -3"><span class='ocrx_word' id='word_1_406' title='bbox 1165 2058 1298 2086; x_wconf 85' lang='lat' dir='ltr'>Aeneas</span> <span class='ocrx_word' id='word_1_407' title='bbox 1334 2064 1406 2085; x_wconf 90' lang='lat' dir='ltr'>cum</span> <span class='ocrx_word' id='word_1_408' title='bbox 1441 2056 1566 2084; x_wconf 78' lang='lat' dir='ltr'>duobus</span> <span class='ocrx_word' id='word_1_409' title='bbox 1599 2057 1854 2089; x_wconf 79' lang='lat' dir='ltr'>compararetur3</span> <span class='ocrx_word' id='word_1_410' title='bbox 1901 2052 1960 2081; x_wconf 78' lang='lat' dir='ltr'>sed</span> 
     </span>
     <span class='ocr_line' id='line_1_72' title="bbox 1165 2101 1956 2138; baseline -0.008 -6"><span class='ocrx_word' id='word_1_411' title='bbox 1165 2106 1370 2138; x_wconf 79' lang='lat' dir='ltr'>comparatur</span> <span class='ocrx_word' id='word_1_412' title='bbox 1396 2109 1470 2131; x_wconf 88' lang='lat' dir='ltr'>cum</span> <span class='ocrx_word' id='word_1_413' title='bbox 1491 2108 1580 2136; x_wconf 82' lang='lat' dir='ltr'>cane,</span> <span class='ocrx_word' id='word_1_414' title='bbox 1604 2101 1733 2129; x_wconf 85' lang='lat' dir='ltr'>Turnus</span> <span class='ocrx_word' id='word_1_415' title='bbox 1751 2106 1825 2128; x_wconf 86' lang='lat' dir='ltr'>cum</span> <span class='ocrx_word' id='word_1_416' title='bbox 1848 2105 1956 2127; x_wconf 80' lang='lat' dir='ltr'>cervo.</span> 
     </span>
    </p>
   </div>
   <div class='ocr_carea' id='block_1_24' title="bbox 1166 2154 1960 2237">
    <p class='ocr_par' dir='ltr' id='par_1_28' title="bbox 1166 2154 1960 2237">
     <span class='ocr_line' id='line_1_73' title="bbox 1212 2154 1960 2192; baseline -0.004 -6"><span class='ocrx_word' id='word_1_417' title='bbox 1212 2157 1287 2188; x_wconf 83' lang='grc'><strong>752.</strong></span> <span class='ocrx_word' id='word_1_418' title='bbox 1314 2155 1454 2187; x_wconf 77' lang='lat' dir='ltr'>insidiis</span> <span class='ocrx_word' id='word_1_419' title='bbox 1479 2166 1523 2187; x_wconf 85' lang='lat' dir='ltr'>sc.</span> <span class='ocrx_word' id='word_1_420' title='bbox 1549 2163 1737 2192; x_wconf 82' lang='lat' dir='ltr'>pennarum,</span> <span class='ocrx_word' id='word_1_421' title='bbox 1762 2162 1846 2190; x_wconf 81' lang='lat' dir='ltr'>quas</span> <span class='ocrx_word' id='word_1_422' title='bbox 1871 2154 1960 2183; x_wconf 83' lang='lat' dir='ltr'>timet</span> 
     </span>
     <span class='ocr_line' id='line_1_74' title="bbox 1166 2200 1958 2237; baseline -0.005 -4"><span class='ocrx_word' id='word_1_423' title='bbox 1166 2205 1237 2233; x_wconf 83' lang='lat' dir='ltr'>sine</span> <span class='ocrx_word' id='word_1_424' title='bbox 1266 2212 1397 2234; x_wconf 81' lang='lat' dir='ltr'>caussa.</span> <span class='ocrx_word' id='word_1_425' title='bbox 1447 2203 1500 2233; x_wconf 91' lang='lat' dir='ltr'>Sic</span> <span class='ocrx_word' id='word_1_426' title='bbox 1524 2203 1652 2232; x_wconf 81' lang='lat' dir='ltr'>Turnus</span> <span class='ocrx_word' id='word_1_427' title='bbox 1675 2201 1834 2231; x_wconf 84' lang='lat' dir='ltr'>Troianos</span> <span class='ocrx_word' id='word_1_428' title='bbox 1858 2200 1958 2237; x_wconf 84' lang='lat' dir='ltr'>timet,</span> 
     </span>
    </p>
   </div>
   <div class='ocr_carea' id='block_1_25' title="bbox 1164 2252 1958 2428">
    <p class='ocr_par' dir='ltr' id='par_1_29' title="bbox 1165 2252 1380 2286">
     <span class='ocr_line' id='line_1_75' title="bbox 1165 2252 1380 2286; baseline 0 -7"><span class='ocrx_word' id='word_1_429' title='bbox 1165 2255 1194 2279; x_wconf 77' lang='lat' dir='ltr'>et</span> <span class='ocrx_word' id='word_1_430' title='bbox 1222 2252 1380 2286; x_wconf 80' lang='lat' dir='ltr'>paludem.</span> 
     </span>
    </p>

    <p class='ocr_par' dir='ltr' id='par_1_30' title="bbox 1164 2300 1958 2428">
     <span class='ocr_line' id='line_1_76' title="bbox 1211 2300 1958 2346; baseline -0.004 -12"><span class='ocrx_word' id='word_1_431' title='bbox 1211 2305 1287 2335; x_wconf 75' lang='lat'>753.</span> <span class='ocrx_word' id='word_1_432' title='bbox 1312 2304 1416 2346; x_wconf 74' lang='lat' dir='ltr'>sugit</span> <span class='ocrx_word' id='word_1_433' title='bbox 1455 2302 1672 2346; x_wconf 74' lang='lat' dir='ltr'>refugitque.</span> <span class='ocrx_word' id='word_1_434' title='bbox 1718 2304 1765 2334; x_wconf 84' lang='lat' dir='ltr'>ef.</span> <span class='ocrx_word' id='word_1_435' title='bbox 1807 2301 1839 2341; x_wconf 74' lang='lat'>4,</span> <span class='ocrx_word' id='word_1_436' title='bbox 1880 2300 1958 2332; x_wconf 75' lang='lat'>438.</span> 
     </span>
     <span class='ocr_line' id='line_1_77' title="bbox 1164 2347 1958 2389; baseline -0.004 -8"><span class='ocrx_word' id='word_1_437' title='bbox 1164 2350 1243 2381; x_wconf 86' lang='lat' dir='ltr'>vias</span> <span class='ocrx_word' id='word_1_438' title='bbox 1282 2353 1320 2382; x_wconf 85' lang='lat' dir='ltr'>ef.</span> <span class='ocrx_word' id='word_1_439' title='bbox 1361 2352 1392 2389; x_wconf 82' lang='lat'>5,</span> <span class='ocrx_word' id='word_1_440' title='bbox 1436 2350 1512 2380; x_wconf 80' lang='grc'><strong>235.</strong></span> <span class='ocrx_word' id='word_1_441' title='bbox 1542 2366 1580 2371; x_wconf 91' lang='lat'>-—</span> <span class='ocrx_word' id='word_1_442' title='bbox 1616 2347 1741 2380; x_wconf 79' lang='lat' dir='ltr'>Umber</span> <span class='ocrx_word' id='word_1_443' title='bbox 1770 2347 1870 2379; x_wconf 79' lang='lat' dir='ltr'>canis</span> <span class='ocrx_word' id='word_1_444' title='bbox 1909 2353 1958 2379; x_wconf 75' lang='lat' dir='ltr'>est</span> 
     </span>
     <span class='ocr_line' id='line_1_78' title="bbox 1164 2395 1504 2428; baseline -0.009 0"><span class='ocrx_word' id='word_1_445' title='bbox 1164 2399 1337 2428; x_wconf 78' lang='lat' dir='ltr'>venaticus</span> <span class='ocrx_word' id='word_1_446' title='bbox 1361 2398 1400 2427; x_wconf 86' lang='lat' dir='ltr'>cf.</span> <span class='ocrx_word' id='word_1_447' title='bbox 1427 2395 1504 2426; x_wconf 82' lang='grc'><strong>751.</strong></span> 
     </span>
    </p>
   </div>
   <div class='ocr_carea' id='block_1_26' title="bbox 1162 2452 1958 2762">
    <p class='ocr_par' dir='ltr' id='par_1_31' title="bbox 1162 2452 1958 2762">
     <span class='ocr_line' id='line_1_79' title="bbox 1210 2452 1957 2491; baseline -0.004 -9"><span class='ocrx_word' id='word_1_448' title='bbox 1210 2452 1286 2484; x_wconf 73' lang='grc'><strong>754.</strong></span> <span class='ocrx_word' id='word_1_449' title='bbox 1313 2455 1377 2491; x_wconf 81' lang='lat' dir='ltr'>„Hi</span> <span class='ocrx_word' id='word_1_450' title='bbox 1393 2455 1452 2483; x_wconf 79' lang='lat' dir='ltr'>duo</span> <span class='ocrx_word' id='word_1_451' title='bbox 1472 2462 1590 2484; x_wconf 83' lang='lat' dir='ltr'>versus</span> <span class='ocrx_word' id='word_1_452' title='bbox 1604 2455 1736 2483; x_wconf 75' lang='lat' dir='ltr'>verbum</span> <span class='ocrx_word' id='word_1_453' title='bbox 1755 2453 1797 2481; x_wconf 81' lang='lat' dir='ltr'>ad</span> <span class='ocrx_word' id='word_1_454' title='bbox 1820 2453 1957 2480; x_wconf 81' lang='lat' dir='ltr'>verbum</span> 
     </span>
     <span class='ocr_line' id='line_1_80' title="bbox 1163 2497 1958 2535; baseline -0.005 -6"><span class='ocrx_word' id='word_1_455' title='bbox 1163 2506 1239 2530; x_wconf 81' lang='lat' dir='ltr'>sunt</span> <span class='ocrx_word' id='word_1_456' title='bbox 1273 2500 1423 2530; x_wconf 80' lang='lat' dir='ltr'>translati</span> <span class='ocrx_word' id='word_1_457' title='bbox 1458 2501 1495 2529; x_wconf 82' lang='lat' dir='ltr'>de</span> <span class='ocrx_word' id='word_1_458' title='bbox 1534 2497 1745 2535; x_wconf 77' lang='lat' dir='ltr'>Apollonio.“</span> <span class='ocrx_word' id='word_1_459' title='bbox 1769 2499 1801 2526; x_wconf 90' lang='lat' dir='ltr'>S.</span> <span class='ocrx_word' id='word_1_460' title='bbox 1848 2497 1958 2526; x_wconf 74' lang='lat' dir='ltr'>Verba</span> 
     </span>
     <span class='ocr_line' id='line_1_81' title="bbox 1163 2537 1956 2581; baseline -0.006 -6"><span class='ocrx_word' id='word_1_461' title='bbox 1163 2551 1236 2576; x_wconf 84' lang='lat' dir='ltr'>sum</span> <span class='ocrx_word' id='word_1_462' title='bbox 1264 2544 1294 2581; x_wconf 85' lang='grc'>2,</span> <span class='ocrx_word' id='word_1_463' title='bbox 1320 2544 1384 2574; x_wconf 81' lang='grc'>278</span> <span class='ocrx_word' id='word_1_464' title='bbox 1411 2537 1460 2580; x_wconf 73' lang='grc' dir='ltr'>(ὃς</span> <span class='ocrx_word' id='word_1_465' title='bbox 1482 2537 1542 2575; x_wconf 79' lang='grc' dir='ltr'>ὅτε</span> <span class='ocrx_word' id='word_1_466' title='bbox 1558 2566 1566 2574; x_wconf 93' lang='grc'>.</span> <span class='ocrx_word' id='word_1_467' title='bbox 1585 2567 1593 2573; x_wconf 98' lang='grc'>.</span> <span class='ocrx_word' id='word_1_468' title='bbox 1613 2565 1620 2573; x_wconf 95' lang='grc'>.</span> <span class='ocrx_word' id='word_1_469' title='bbox 1648 2537 1751 2578; x_wconf 77' lang='grc' dir='ltr'><strong><em>κύνες</em></strong></span> <span class='ocrx_word' id='word_1_470' title='bbox 1769 2564 1777 2572; x_wconf 92' lang='grc'>.</span> <span class='ocrx_word' id='word_1_471' title='bbox 1795 2565 1803 2572; x_wconf 93' lang='grc'>.</span> <span class='ocrx_word' id='word_1_472' title='bbox 1818 2564 1826 2572; x_wconf 90' lang='grc'>.</span> <span class='ocrx_word' id='word_1_473' title='bbox 1845 2539 1956 2578; x_wconf 82' lang='grc'><strong>(280)</strong></span> 
     </span>
     <span class='ocr_line' id='line_1_82' title="bbox 1163 2581 1958 2627; baseline -0.005 -7"><span class='ocrx_word' id='word_1_474' title='bbox 1163 2587 1302 2627; x_wconf 78' lang='grc' dir='ltr'>θείωσι,</span> <span class='ocrx_word' id='word_1_475' title='bbox 1333 2584 1473 2620; x_wconf 80' lang='grc' dir='ltr'><strong>τυτθὸν</strong></span> <span class='ocrx_word' id='word_1_476' title='bbox 1507 2583 1546 2620; x_wconf 83' lang='grc' dir='ltr'>δὲ</span> <span class='ocrx_word' id='word_1_477' title='bbox 1579 2581 1821 2627; x_wconf 80' lang='grc' dir='ltr'><em>τιταινόμενοι</em></span> <span class='ocrx_word' id='word_1_478' title='bbox 1849 2582 1958 2627; x_wconf 82' lang='grc' dir='ltr'><em>μετό-</em></span> 
     </span>
     <span class='ocr_line' id='line_1_83' title="bbox 1162 2626 1958 2677; baseline -0.003 -12"><span class='ocrx_word' id='word_1_479' title='bbox 1162 2634 1294 2666; x_wconf 66' lang='grc' dir='ltr'><em>πισθεν</em></span> <span class='ocrx_word' id='word_1_480' title='bbox 1318 2629 1431 2677; x_wconf 77' lang='grc' dir='ltr'><strong><em>ἄκρῃς</em></strong></span> <span class='ocrx_word' id='word_1_481' title='bbox 1463 2629 1501 2666; x_wconf 81' lang='grc' dir='ltr'>ἐν</span> <span class='ocrx_word' id='word_1_482' title='bbox 1532 2628 1692 2674; x_wconf 78' lang='grc' dir='ltr'><em>γενύεσσι</em></span> <span class='ocrx_word' id='word_1_483' title='bbox 1723 2627 1842 2673; x_wconf 74' lang='grc' dir='ltr'><em>μάτην</em></span> <span class='ocrx_word' id='word_1_484' title='bbox 1867 2626 1958 2673; x_wconf 71' lang='grc' dir='ltr'><em>ἀροί-</em></span> 
     </span>
     <span class='ocr_line' id='line_1_84' title="bbox 1162 2674 1954 2721; baseline -0.005 -10"><span class='ocrx_word' id='word_1_485' title='bbox 1162 2677 1279 2721; x_wconf 83' lang='grc' dir='ltr'><em>βησαν</em></span> <span class='ocrx_word' id='word_1_486' title='bbox 1314 2674 1479 2717; x_wconf 80' lang='grc' dir='ltr'><strong>ὀδόντας.</strong></span> <span class='ocrx_word' id='word_1_487' title='bbox 1527 2682 1628 2710; x_wconf 80' lang='lat' dir='ltr'>Vides</span> <span class='ocrx_word' id='word_1_488' title='bbox 1654 2680 1731 2715; x_wconf 81' lang='lat' dir='ltr'>quid</span> <span class='ocrx_word' id='word_1_489' title='bbox 1762 2680 1848 2709; x_wconf 82' lang='lat' dir='ltr'>dicat</span> <span class='ocrx_word' id='word_1_490' title='bbox 1879 2681 1954 2708; x_wconf 86' lang='lat' dir='ltr'>Ser-</span> 
     </span>
     <span class='ocr_line' id='line_1_85' title="bbox 1162 2728 1840 2762; baseline -0.003 -6"><span class='ocrx_word' id='word_1_491' title='bbox 1162 2728 1238 2756; x_wconf 82' lang='lat' dir='ltr'>vius</span> <span class='ocrx_word' id='word_1_492' title='bbox 1262 2730 1394 2757; x_wconf 81' lang='lat' dir='ltr'>verbum</span> <span class='ocrx_word' id='word_1_493' title='bbox 1418 2729 1458 2756; x_wconf 80' lang='lat' dir='ltr'>ad</span> <span class='ocrx_word' id='word_1_494' title='bbox 1480 2729 1617 2757; x_wconf 82' lang='lat' dir='ltr'>verbum</span> <span class='ocrx_word' id='word_1_495' title='bbox 1638 2733 1840 2762; x_wconf 85' lang='lat' dir='ltr'>expressum.</span> 
     </span>
    </p>
   </div>
   <div class='ocr_carea' id='block_1_27' title="bbox 1155 2778 1955 3063">
    <p class='ocr_par' dir='ltr' id='par_1_32' title="bbox 1159 2778 1955 2870">
     <span class='ocr_line' id='line_1_86' title="bbox 1206 2778 1955 2824; baseline 0 -13"><span class='ocrx_word' id='word_1_496' title='bbox 1206 2782 1282 2813; x_wconf 83' lang='grc'><strong>758.</strong></span> <span class='ocrx_word' id='word_1_497' title='bbox 1310 2781 1483 2824; x_wconf 82' lang='lat' dir='ltr'>increpat,</span> <span class='ocrx_word' id='word_1_498' title='bbox 1519 2784 1674 2820; x_wconf 81' lang='lat' dir='ltr'>obiurgat.</span> <span class='ocrx_word' id='word_1_499' title='bbox 1700 2798 1745 2803; x_wconf 82' lang='lat'>—</span> <span class='ocrx_word' id='word_1_500' title='bbox 1767 2778 1870 2812; x_wconf 73' lang='lat' dir='ltr'>simul</span> <span class='ocrx_word' id='word_1_501' title='bbox 1890 2780 1955 2821; x_wconf 83' lang='lat' dir='ltr'>fu-</span> 
     </span>
     <span class='ocr_line' id='line_1_87' title="bbox 1159 2827 1747 2870; baseline -0.002 -12"><span class='ocrx_word' id='word_1_502' title='bbox 1159 2827 1263 2870; x_wconf 79' lang='lat' dir='ltr'>giens</span> <span class='ocrx_word' id='word_1_503' title='bbox 1287 2827 1391 2859; x_wconf 75' lang='lat' dir='ltr'>simul</span> <span class='ocrx_word' id='word_1_504' title='bbox 1417 2827 1501 2859; x_wconf 82' lang='lat' dir='ltr'>incr.</span> <span class='ocrx_word' id='word_1_505' title='bbox 1525 2830 1565 2859; x_wconf 85' lang='lat' dir='ltr'>cf.</span> <span class='ocrx_word' id='word_1_506' title='bbox 1593 2828 1645 2868; x_wconf 83' lang='lat'>10,</span> <span class='ocrx_word' id='word_1_507' title='bbox 1669 2827 1747 2858; x_wconf 74' lang='lat'>8³6.</span> 
     </span>
    </p>

    <p class='ocr_par' dir='ltr' id='par_1_33' title="bbox 1155 2881 1951 3063">
     <span class='ocr_line' id='line_1_88' title="bbox 1203 2881 1951 2922; baseline -0.001 -9"><span class='ocrx_word' id='word_1_508' title='bbox 1203 2883 1279 2914; x_wconf 81' lang='grc'><strong>761.</strong></span> <span class='ocrx_word' id='word_1_509' title='bbox 1305 2887 1409 2916; x_wconf 82' lang='lat' dir='ltr'>terret</span> <span class='ocrx_word' id='word_1_510' title='bbox 1436 2887 1620 2916; x_wconf 76' lang='lat' dir='ltr'>trementes</span> <span class='ocrx_word' id='word_1_511' title='bbox 1649 2885 1688 2916; x_wconf 79' lang='lat' dir='ltr'>cf.</span> <span class='ocrx_word' id='word_1_512' title='bbox 1721 2882 1752 2922; x_wconf 74' lang='lat'>6,</span> <span class='ocrx_word' id='word_1_513' title='bbox 1774 2881 1828 2912; x_wconf 81' lang='lat'>22.</span> <span class='ocrx_word' id='word_1_514' title='bbox 1851 2899 1896 2904; x_wconf 87' lang='lat'>—</span> <span class='ocrx_word' id='word_1_515' title='bbox 1920 2881 1951 2913; x_wconf 74' lang='lat' dir='ltr'>si</span> 
     </span>
     <span class='ocr_line' id='line_1_89' title="bbox 1159 2928 1948 2971; baseline -0.004 -11"><span class='ocrx_word' id='word_1_516' title='bbox 1159 2928 1344 2971; x_wconf 73' lang='lat' dir='ltr'>quisquam</span> <span class='ocrx_word' id='word_1_517' title='bbox 1370 2929 1491 2967; x_wconf 52' lang='lat' dir='ltr'>adeam</span> <span class='ocrx_word' id='word_1_518' title='bbox 1541 2931 1650 2966; x_wconf 81' lang='lat' dir='ltr'>itaque</span> <span class='ocrx_word' id='word_1_519' title='bbox 1685 2933 1733 2959; x_wconf 76' lang='lat' dir='ltr'>est</span> <span class='ocrx_word' id='word_1_520' title='bbox 1765 2929 1948 2965; x_wconf 77' lang='lat' dir='ltr'>quicunque</span> 
     </span>
     <span class='ocr_line' id='line_1_90' title="bbox 1155 2976 1948 3013; baseline -0.003 -8"><span class='ocrx_word' id='word_1_521' title='bbox 1155 2977 1260 3013; x_wconf 82' lang='lat' dir='ltr'>adeat,</span> <span class='ocrx_word' id='word_1_522' title='bbox 1297 2977 1380 3006; x_wconf 83' lang='lat' dir='ltr'>nihil</span> <span class='ocrx_word' id='word_1_523' title='bbox 1404 2977 1490 3006; x_wconf 81' lang='lat' dir='ltr'>enim</span> <span class='ocrx_word' id='word_1_524' title='bbox 1519 2976 1752 3006; x_wconf 75' lang='lat' dir='ltr'>indefinitarum</span> <span class='ocrx_word' id='word_1_525' title='bbox 1777 2979 1825 3003; x_wconf 81' lang='lat' dir='ltr'>est</span> <span class='ocrx_word' id='word_1_526' title='bbox 1849 2983 1948 3009; x_wconf 69' lang='lat' dir='ltr'>gene-</span> 
     </span>
     <span class='ocr_line' id='line_1_91' title="bbox 1155 3018 1948 3063; baseline -0.003 -12"><span class='ocrx_word' id='word_1_527' title='bbox 1155 3023 1258 3052; x_wconf 85' lang='lat' dir='ltr'>ralius</span> <span class='ocrx_word' id='word_1_528' title='bbox 1282 3029 1380 3058; x_wconf 85' lang='lat' dir='ltr'>quam</span> <span class='ocrx_word' id='word_1_529' title='bbox 1403 3020 1588 3063; x_wconf 79' lang='lat' dir='ltr'>qaisquam</span> <span class='ocrx_word' id='word_1_530' title='bbox 1613 3020 1653 3050; x_wconf 79' lang='lat' dir='ltr'>cf.</span> <span class='ocrx_word' id='word_1_531' title='bbox 1679 3022 1731 3049; x_wconf 79' lang='lat' dir='ltr'>Gr.</span> <span class='ocrx_word' id='word_1_532' title='bbox 1756 3019 1788 3055; x_wconf 74' lang='lat' dir='ltr'>S.</span> <span class='ocrx_word' id='word_1_533' title='bbox 1812 3018 1889 3058; x_wconf 85' lang='grc'>386,</span> <span class='ocrx_word' id='word_1_534' title='bbox 1916 3018 1948 3050; x_wconf 78' lang='lat'>4.</span> 
     </span>
    </p>
   </div>
  </div>
 </body>
</html>
