2023 3350
217 58 298 98 526

787 58 825 90 P.
854 57 1050 90 VIRGILII
1076 58 1286 92 MAROMS

216 170 272 211 Et
304 169 511 219 timicam,
550 168 667 209 molli
703 172 843 210 mater
881 183 1011 223 quam
1045 176 1221 214 neverat
1256 186 1382 225 auro,

213 226 495 280 Implexdtque
530 226 668 266 sinum
709 226 912 279 sanguis:
954 230 1045 268 tum
1086 229 1175 271 vita
1211 244 1288 284 per
1322 245 1450 273 auras

218 283 437 326 Concessit
475 286 640 323 maesta
676 283 732 325 ad
769 283 918 325 Manes
959 298 1199 340 corpusque
1243 289 1432 343 reliquit.

214 342 270 382 At
307 353 406 381 vero
442 343 490 381 ut
533 340 701 381 voltum
739 341 848 382 vidit
882 342 1106 384 morientis
1149 349 1192 385 et
1238 359 1333 399 ora,

216 399 303 438 Ora
335 397 472 438 modis
509 397 789 440 Anchisiades
826 399 1035 452 pallentia
1073 401 1211 453 miris,

213 455 425 508 Ingemuit
459 455 666 497 miserans
704 456 911 510 graviter,
954 457 1238 512 dextramque
1279 460 1493 512 tetendit,

213 513 269 554 Et
308 515 491 553 mentem
529 513 698 566 patriae
738 514 914 556 strinxit
948 515 1126 568 pietatis
1162 517 1318 571 imago.

214 569 323 620 Quid
359 569 438 611 tibi
474 585 604 622 1111110,
643 571 885 613 miserande
918 586 1045 625 puer,
1084 587 1163 626 pro
1199 574 1399 616 laudibus
1438 575 1552 627 istis,

213 627 324 678 Quid
363 628 458 682 pius
497 628 661 669 Aeneas
705 632 830 670 tanta
870 628 993 672 dabit
1028 631 1173 672 indole
1208 632 1417 686 dignum?

212 686 365 737 Arma,
404 685 559 739 quibus
596 686 804 738 laetatus,
853 686 965 729 habe
1003 691 1102 740 tua;
1142 692 1270 743 teque
1310 694 1538 744 parentum

212 743 411 784 Manibus
447 747 489 784 et
527 744 679 795 cineri,
722 744 757 785 si
795 758 880 798 qua
919 749 982 787 est
1024 759 1075 787 ea
1115 760 1238 798 cura,
1278 748 1464 789 remitto.

214 800 308 842 Hoc
348 805 492 842 tamen
529 801 680 842 infelix
718 802 919 844 miseram
966 803 1161 845 solabere
1193 809 1395 847 mortem:

212 860 382 900 Aeneae
422 859 568 912 magni
610 859 765 901 dextra
806 860 935 902 cadis.

215 916 476 958 Cunctantes
518 917 675 968 socios,
719 921 762 958 et
806 921 924 960 terra
963 918 1161 961 sublevat
1192 920 1354 974 ipsum,

213 974 428 1028 Sanguine
468 978 716 1028 turpantem
749 980 943 1030 comptos
985 976 1037 1018 de
1075 992 1194 1019 more
1231 979 1421 1033 capillos.

325 1033 495 1073 interea
533 1033 700 1085 genitor
738 1032 927 1074 Tiberini
968 1034 1024 1075 ad
1066 1034 1252 1078 fluminis
1286 1036 1446 1077 undam

215 1089 400 1132 Volnera
431 1090 624 1132 siccabat
660 1090 868 1144 lymphis,
908 1105 1149 1146 corpusque
1192 1094 1363 1135 levabat

214 1148 392 1190 Arboris
429 1148 605 1189 acclinis
648 1152 817 1190 trunco.

259 1322 338 1352 818.

260 1380 337 1409 819.

260 1436 338 1465 822.

259 1492 339 1522 823.

363 1321 462 1353 molli
487 1332 575 1354 auro
600 1324 642 1353 cf.
668 1333 700 1354 v.
727 1324 802 1354 138.

364 1377 437 1409 vila
463 1381 504 1410 cf.
530 1380 581 1419 12,
609 1381 692 1410 952.

362 1435 474 1466 modis
497 1435 595 1467 miris
620 1438 662 1466 cf.
690 1437 718 1475 1,
746 1437 821 1467 354.

365 1491 538 1533 ingemuit
561 1492 725 1533 grauiter
752 1499 782 1524 ut
806 1503 838 1524 v.
862 1493 938 1525 739.
975 1498 1012 1525 In

215 1540 300 1568 alius
329 1547 422 1575 03511,
453 1539 527 1573 qnid
554 1539 616 1568 sibi
641 1541 704 1575 ipsi
728 1542 832 1576 possit
860 1543 1011 1571 accidere

214 1586 345 1620 cogitat.
372 1600 415 1605 ——
442 1582 601 1614 dextram
642 1585 806 1625 tetendit,
839 1592 869 1616 ut
905 1590 1014 1616 solent

213 1632 251 1665 ii,
287 1631 340 1665 qui
370 1631 468 1659 simul
498 1635 529 1658 ei
560 1632 691 1660 horrent
723 1637 754 1660 et
781 1633 1012 1670 miserescunt,

214 1684 314 1711 supra
349 1684 422 1705 eum
458 1676 512 1710 qui
545 1684 669 1706 caussa
708 1683 757 1706 est
797 1680 942 1708 horroris
983 1685 1014 1708 et

213 1722 476 1757 misericordiae,
525 1730 655 1751 manum
705 1725 859 1762 tendere,
908 1726 1014 1754 0011115

213 1769 246 1796 10
266 1768 374 1803 ipsum
398 1767 526 1796 defixis.

258 1822 336 1852 824.
364 1821 505 1853 strinxit
533 1821 578 1851 Μ.
607 1832 672 1853 rec.
694 1822 759 1853 Lsl.
783 1826 868 1860 quod
886 1827 1014 1855 videtur

214 1872 409 1899 translatum
438 1877 457 1898 a
479 1868 510 1905 9,
538 1867 624 1906 294,
658 1871 711 1899 ubi
745 1871 830 1899 idem
856 1879 905 1907 v.;
952 1874 1011 1901 sed

213 1918 300 1945 solet
326 1916 454 1944 variare
479 1916 551 1950 Vgl.
574 1915 606 1944 in
637 1923 701 1945 uno
734 1919 883 1946 alterove
910 1926 1012 1946 voca-

214 1964 289 1990 bulo
324 1961 365 1990 cf.
393 1961 432 1997 6,
463 1960 540 1989 901.
590 1959 697 1990 subiit
742 1971 770 1991 c.
816 1965 1012 1992 translatum

214 2008 343 2036 videtur
367 2013 409 2035 ex
436 2004 465 2042 2,
481 2006 548 2035 560
572 2015 636 2036 rec.
659 2005 744 2047 Wg.
773 2005 836 2037 Rb.
862 2007 953 2039 subit
972 2012 1011 2038 R.

213 2051 343 2082 ofiett.
375 2050 497 2092 imago
513 2056 562 2080 est
586 2054 739 2088 cogitatio
758 2055 864 2083 animo
884 2055 1012 2084 obiecta

213 2100 258 2128 ita
282 2099 313 2134 2,
340 2098 416 2126 560.
439 2099 470 2134 6,
497 2097 573 2127 405.
622 2100 661 2128 Ut
691 2105 798 2128 autem
819 2101 869 2129 1110
891 2109 1011 2130 versus

213 2150 300 2174 recte
327 2145 536 2181 intelligatur,
559 2150 657 2180 poeta
678 2148 826 2176 Aeneam
847 2145 914 2174 822
934 2148 1013 2176 dixit

215 2187 465 2220 Anchisiaden.

258 2246 336 2275 825.
359 2254 422 2285 pro
452 2243 618 2276 laudibus
650 2248 692 2276 cf.
728 2246 762 2284 1,
807 2247 884 2277 461.
938 2247 1014 2279 istis

213 2293 255 2322 cf.
278 2293 309 2328 9,
335 2291 414 2320 252.
465 2292 569 2328 „Quia
596 2297 626 2321 et
653 2299 765 2323 contra
788 2294 953 2324 fortiorem
981 2301 1011 2324 et

213 2347 271 2374 pro
296 2339 397 2373 patris
420 2340 527 2367 salute
542 2338 696 2368 dimicare
715 2345 854 2369 conatus
871 2340 956 2370 051.“
977 2344 1009 2370 S.

214 2385 295 2420 Quid
326 2391 388 2419 ego
414 2384 486 2419 tibi,
530 2385 626 2413 0111115
657 2393 708 2413 me
738 2386 844 2420 pietas
885 2393 1008 2425 movet,

213 2431 301 2459 aliud
327 2434 496 2465 praestare
523 2438 680 2467 possum,
723 2439 817 2466 quam
854 2437 884 2460 ut
919 2440 1010 2462 arma

213 2477 269 2505 tibi
298 2476 479 2510 relinquam
510 2480 540 2503 et
572 2477 611 2504 ad
645 2480 721 2505 tuos
750 2478 856 2506 sinam
888 2486 1010 2514 corpus

212 2522 338 2558 referri,
366 2526 398 2550 ut
422 2521 509 2550 iusto
536 2521 650 2550 funere
676 2524 874 2557 sepeliaris?

259 2577 338 2607 827.
364 2577 489 2615 „Moris
517 2578 601 2607 enim
629 2579 752 2617 fuerat,
796 2586 825 2610 ut
852 2590 924 2610 cum
958 2582 1009 2611 1115

213 2626 311 2653 rebus
338 2625 487 2652 homines
510 2625 741 2662 sepelirentur,
772 2635 855 2661 quas
881 2628 1010 2657 dilexe-

214 2674 284 2699 rant
310 2669 414 2699 vivi.'·‘
439 2672 472 2698 S.
523 2670 571 2699 Cf.
598 2669 630 2707 6,
658 2670 739 2699 221.

258 2726 335 2755 828.
363 2723 393 2755 si
421 2734 490 2766 qua
525 2728 575 2755 est
605 2735 647 2755 ea
678 2736 784 2757 cura.-
832 2728 860 2757 si
894 2729 924 2757 111
958 2730 1014 2758 tibi

214 2777 322 2807 potest
351 2772 449 2801 ullius
484 2773 637 2801 momenti
667 2774 786 2811 videri,
823 2782 917 2809 quem
945 2776 1012 2804 vita

214 2819 368 2853 spoliavi.
416 2815 478 2846 Ld.
492 2819 635 2853 explicat
654 2818 780 2857 ut7,4,
805 2828 878 2849 eam
898 2829 1012 2850 curam

214 2863 278 2891 iam
304 2871 382 2892 esse
408 2864 740 2898 praestantissimam.

259 2917 337 2948 829.
363 2921 484 2949 similis
514 2922 677 2950 sententia
709 2921 767 2957 11,
799 2922 867 2951 688
888 2923 1010 2952 Camil·-

216 2966 278 2997 130,
301 2970 329 2993 et
344 2967 484 2995 Achillis
512 2968 572 2995 Ov.
592 2970 634 2996 Μ.
665 2966 716 2999 12,
741 2967 798 2997 80.
832 2971 1008 3005 Nontnrpe

1772 291 1857 330 820

1776 575 1858 615 825

996 862 1197 915 Increpat
1236 863 1351 904 ultro
1776 860 1858 899 830

880 1149 1036 1191 Procul
1078 1164 1204 1193 aerea
1236 1152 1368 1194 ramis
1777 1147 1858 1187 835

1061 1334 1140 1356 esse
1166 1334 1186 1355 a
1214 1327 1284 1355 viro
1314 1326 1386 1355 sorti
1414 1324 1503 1354 vinci
1529 1324 1628 1353 etiam
1646 1323 1762 1351 Pallas
1779 1320 1860 1349 dixit

1062 1380 1095 1400 v.
1120 1371 1197 1401 450.
1224 1370 1385 1412 Increpat
1409 1368 1523 1400 ultro:
1567 1372 1646 1405 Ipse
1668 1370 1861 1397 exhortatur

1062 1422 1095 1446 ut
1119 1420 1267 1447 Lausum
1288 1420 1411 1446 honore
1437 1416 1591 1452 afficiant,
1624 1422 1683 1443 eos
1718 1414 1772 1448 qui
1794 1414 1859 1442 tale

1060 1465 1100 1492 ab
1116 1466 1212 1492 hoste
1232 1472 1297 1492 non
1314 1467 1527 1498 exspectant;
1551 1462 1626 1490 inde
1646 1461 1860 1492 cunctantes,

1060 1517 1125 1537 non
1151 1511 1310 1538 audentes
1340 1510 1441 1538 adire.
1480 1510 1528 1536 De
1556 1505 1649 1536 ultro
1674 1505 1717 1535 cf.
1746 1505 1799 1543 12,
1827 1504 1858 1534 3.

1105 1587 1182 1616 831.
1209 1591 1361 1628 comptos
1391 1586 1433 1617 de
1462 1595 1554 1616 more
1585 1583 1859 1626 capillos„anti-

1059 1642 1122 1668 quo
1151 1634 1277 1662 scilicet
1306 1642 1410 1670 more,
1447 1641 1510 1668 quo
1536 1633 1598 1661 viri
1631 1632 1717 1660 sicut
1741 1631 1859 1660 mulie-

1061 1687 1114 1708 res
1140 1682 1378 1714 componebant
1416 1680 1576 1715 capillos,
1617 1679 1705 1712 quod
1742 1684 1857 1705 verum

1061 1733 1139 1753 esse
1161 1730 1192 1753 et
1215 1726 1348 1754 statuae
1370 1727 1547 1753 nonnullae
1573 1724 1776 1757 antiquorum
1798 1723 1857 1751 do-

1060 1775 1132 1799 cent
1159 1772 1191 1799 et
1223 1779 1396 1807 personae,
1429 1778 1512 1805 quas
1538 1771 1569 1798 in
1602 1769 1781 1804 tragoediis
1807 1769 1858 1796 vi-

1062 1817 1175 1844 demus
1203 1816 1329 1845 51101105
1355 1817 1387 1845 10
1408 1817 1549 1850 utroque
1574 1822 1671 1851 sexu,
1699 1815 1856 1849 quantum

1061 1863 1101 1891 ad
1128 1866 1277 1891 ornatum
1302 1863 1440 1898 pertinet
1464 1858 1616 1897 capitis.“
1641 1862 1675 1889 S.

1060 1950 1125 1982 833
1144 1970 1187 1973 -
1206 1950 1282 1983 908.
1317 1949 1512 1983 Mezentius
1535 1947 1607 1981 filio
1640 1957 1742 1980 caeso
1769 1946 1858 1979 nihil

1058 2018 1128 2050 iam
1163 2018 1252 2050 vitae
1283 2017 1432 2060 cupidus
1471 2017 1507 2049 in
1543 2025 1698 2060 pugnam
1730 2014 1861 2048 recedit

1235 2092 1268 2119 et
1293 2086 1335 2119 ah
1360 2086 1480 2118 Aenea
1502 2084 1683 2118 occiditur.

1106 2157 1184 2187 834.
1215 2155 1366 2186 1111110111
1384 2154 1535 2187 siccabat
1557 2153 1717 2196 lymphis.
1743 2157 1859 2193 „Nove

1061 2205 1383 2239 etpliysicelocutus
1394 2203 1574 2240 est,flnxus
1585 2202 1669 2230 enim
1685 2201 1858 2236 sanguinis

1061 2258 1217 2284 aquarum
1255 2250 1374 2284 frigore
1413 2246 1631 2277 continetur.“
1665 2250 1698 2276 S.
1747 2247 1858 2276 secuti

1059 2301 1133 2324 sunt
1159 2297 1215 2324 alii
1245 2296 1293 2324 510
1320 2298 1401 2323 Stat.
1426 2297 1529 2323 Theb.
1559 2291 1589 2331 1,
1623 2292 1689 2321 527
1716 2290 1858 2322 iuvenes

1056 2339 1179 2370 siccati
1210 2339 1358 2370 vulnera
1396 2337 1555 2380 lymphis.
1600 2338 1651 2376 10,
1685 2338 1752 2368 716
1792 2347 1858 2367 1111-

1057 2384 1197 2416 dantem
1239 2383 1396 2416 lacrimis
1443 2384 1574 2415 siccare
1611 2393 1766 2414 cruorem
1804 2381 1856 2421 (!]

1056 2430 1196 2461 leuabat
1224 2435 1286 2472 ybc
1315 2435 1347 2460 S.
1383 2429 1531 2460 lavabat
1559 2432 1658 2460 MPR.
1705 2426 1858 2460 Acclinis

1058 2479 1097 2506 de
1124 2478 1308 2507 hominibus
1335 2478 1469 2514 dicitur,
1514 2474 1658 2506 acclivis
1691 2478 1729 2505 de
1760 2476 1855 2505 locis.

1058 2524 1106 2554 Cf.
1141 2526 1255 2554 Claud.
1292 2525 1392 2553 Cous.
1429 2526 1463 2552 Ρ.
1496 2528 1525 2551 01
1559 2524 1595 2551 Ο.
1635 2520 1701 2551 114
1734 2519 1858 2550 arbore

1056 2567 1171 2605 fultus
1210 2566 1361 2599 acclines
1404 2567 1579 2598 humeros.
1627 2570 1699 2598 Val.
1736 2569 1782 2597 1³⁸1.
1828 2566 1857 2603 1,

1060 2615 1122 2644 147
1144 2613 1359 2655 acclinisque
1386 2612 1509 2655 tapeti.

1104 2694 1182 2724 835.
1208 2692 1334 2724 Procul
1351 2695 1425 2730 quid
1442 2696 1495 2733 sit,
1520 2703 1564 2724 ex
1594 2694 1746 2724 cuiusvis
1775 2700 1856 2728 pen-

1059 2743 1111 2770 det
1138 2741 1275 2776 iudicio;
1324 2749 1491 2775 nunquam
1521 2744 1630 2770 autem
1658 2736 1781 2781 procul
1811 2746 1854 2766 ex

1058 2787 1196 2816 dicentis
1222 2791 1329 2815 mente
1354 2792 1403 2815 est
1429 2784 1541 2823 iuxta,
1570 2790 1603 2814 ut
1626 2788 1659 2814 11.
1685 2787 1706 2813 l.
1728 2788 1757 2812 et
1781 2785 1852 2812 Ecl.

1057 2832 1091 2870 6,
1122 2832 1160 2861 16
1184 2834 1323 2861 habetur
1355 2835 1394 2861 ab
1422 2833 1545 2869 aliquo,
1575 2831 1630 2865 qui
1651 2837 1734 2859 suas
1755 2834 1852 2858 notas

1058 2879 1227 2908 Servianis
1250 2879 1369 2907 intulit.
1420 2877 1470 2907 Ita
1495 2878 1534 2915 3,
1560 2875 1612 2905 14.
1653 2874 1691 2913 5,
1719 2872 1792 2903 124.
1821 2873 1852 2911 6,

1060 2924 1110 2952 to.
1136 2932 1193 2959 per
1214 2922 1316 2953 iusta
1340 2925 1540 2960 explicatur,
1576 2928 1661 2956 quae
1686 2920 1853 2950 notionum

1056 2970 1203 2999 inversio
1227 2971 1324 3005 plane
1350 2971 1494 2999 absurda
1514 2972 1574 2997 est.
