2023 3350
227 146 280 185 98

776 144 830 176 P.
855 143 1054 177 VIRGILII
1077 144 1287 180 MARONIS

228 258 287 300 Ut
319 257 490 299 tandem
529 259 629 298 ante
667 255 815 297 oculos
850 256 986 298 evasit
1021 260 1065 299 et
1098 271 1174 300 ora
1211 261 1451 312 parentum,

228 315 444 366 Concidit,
487 328 537 355 ac
570 313 705 354 multo
743 313 875 354 vitam
915 328 1012 355 cum
1049 315 1255 369 sanguine
1291 315 1416 358 fudit.

228 373 308 413 Hic
338 372 549 422 Priamus,
591 383 849 424 quamquam
885 371 930 412 in
967 371 1108 414 media
1145 373 1232 414 iam
1264 378 1401 416 morte
1440 376 1623 427 tenetur,

226 430 321 471 Non
359 433 501 469 tamen
537 427 761 479 abstinuit,
800 441 878 468 1100
913 429 1009 470 voci
1042 430 1218 483 iraeque
1253 432 1456 485 pepercit.

226 489 282 527 At.
319 486 400 526 tibi
433 500 511 539 pro
545 484 720 536 scelere,
762 486 996 538 exclamat,
1036 501 1115 540 pro
1147 487 1307 530 talibus
1343 490 1470 542 ausis,

1780 460 1861 530 535

226 544 300 593 Di,
341 544 376 584 si
414 557 499 596 qua
538 546 602 583 est
642 542 760 584 caelo
797 543 957 596 pietas,
999 557 1109 597 quae
1143 545 1250 587 talia
1289 550 1419 600 curet,

226 601 477 642 Persolvant
511 603 654 653 grates
690 600 841 654 dignas
882 606 923 642 et
958 602 1150 655 praemia
1186 602 1370 646 reddant

226 658 401 709 Debita,
441 657 513 711 qui
550 657 643 698 nati
681 671 827 699 coram
863 673 930 700 me
967 673 1138 701 cernere
1173 660 1307 702 letum

226 716 385 757 Fecisti
421 719 463 755 et
498 715 663 768 patrios
702 715 889 757 foedasti
922 716 1070 759 funere
1101 717 1254 759 voltus.

228 774 284 814 At
318 787 401 813 non
438 772 527 822 ille,
569 776 711 814 satum
749 787 832 827 quo
870 777 914 815 te
949 775 1158 826 mentiris,
1198 775 1386 817 Achilles

1782 778 1864 817 540

226 830 339 871 Talis
373 830 417 871 in
452 829 576 871 hoste
615 829 697 871 fuit
731 830 922 884 Priamo,
963 832 1038 874 sed
1072 832 1168 873 iura
1200 832 1413 886 fidemque

228 888 442 941 Supplicis
478 887 667 939 erubuit,
711 902 952 943 corpusque
993 904 1206 944 exsangue
1245 891 1440 944 sepulcro

227 945 431 987 Reddidit
463 945 723 987 Hectoreum
764 960 915 1001 meque
953 948 997 989 in
1029 962 1124 990 mea
1162 962 1294 1002 regna
1329 948 1505 990 remisit.

228 1004 297 1045 Sic
331 1003 446 1044 fatus
483 1003 642 1055 senior,
679 1004 897 1058 telumque
932 1005 1089 1047 inbelle
1124 1005 1214 1047 31110
1248 1006 1338 1047 ictu
1395 1040 1397 1043 .

229 1061 438 1112 Coniecit,
480 1075 610 1103 rauco
647 1062 764 1115 quod
797 1063 993 1116 protinus
1032 1077 1130 1105 aere
1167 1064 1398 1117 repulsum,

1782 1065 1862 1103 545

227 1120 284 1160 Et
320 1132 482 1160 summo
521 1119 649 1173 clipei
680 1120 971 1174 nequidquam
1010 1121 1195 1163 umbone
1231 1121 1446 1175 pependit.

228 1177 306 1219 Cui
341 1176 529 1230 Pyrrhus
543 1189 551 1217 :

610 1176 783 1218 Referes
823 1192 925 1232 ergo
964 1179 1088 1231 haec,
1126 1183 1168 1220 et
1204 1180 1378 1221 nuntius
1415 1179 1499 1221 ibis

227 1233 400 1276 Pelidae
438 1234 644 1287 genitori3
684 1235 748 1275 illi
786 1250 881 1277 mea
918 1237 1063 1278 tristia
1102 1235 1219 1278 facta

229 1293 574 1346 Degeneremque
611 1292 935 1346 Neoptolemum
971 1308 1148 1336 narrare
1184 1297 1407 1336 memento.

275 1420 351 1450 533.
377 1417 413 1449 in
437 1418 554 1450 media
578 1423 684 1450 morte
707 1422 725 1450 i.
749 1431 777 1450 e.
801 1422 833 1450 in
858 1423 1024 1458 praesenti

231 1467 345 1496 mortis
371 1467 528 1502 periculo.
584 1463 644 1495 Ld.
668 1468 758 1497 affert
778 1469 844 1497 Cic.
863 1470 931 1498 Cat.
951 1468 982 1507 4,
1003 1469 1024 1498 9

231 1509 379 1541 Habetis
406 1509 576 1541 consulem
604 1520 644 1541 ex
668 1510 832 1552 plurimis
860 1512 1025 1554 periculis

230 1559 263 1587 et
282 1554 420 1587 insidiis
447 1560 552 1597 atque
580 1565 620 1586 ex
645 1557 760 1587 media
788 1562 895 1589 morte
917 1568 1025 1589 reser—

230 1605 362 1633 vatum.
401 1604 493 1632 Verr.
515 1603 545 1640 5,
565 1602 585 1632 6
618 1600 669 1632 Tu
688 1612 804 1633 seruos
825 1603 871 1634 ad
890 1603 1025 1646 suppli-

230 1646 321 1678 cium
349 1646 419 1677 iam
443 1646 595 1679 traditos
624 1657 664 1678 ex
689 1647 805 1679 media
827 1653 935 1681 morte
959 1649 1025 1681 eri-

227 1703 310 1735 pere
332 1703 372 1723 ac
400 1702 538 1724 servare
562 1703 668 1724 ausus
693 1703 737 1724 es.

276 1738 353 1769 534.
381 1737 452 1768 uoci
478 1737 618 1779 iraeque
642 1738 795 1780 pepercit
820 1741 859 1770 cf.
888 1741 922 1778 1,
948 1741 1026 1770 257.

276 1794 352 1825 535.
379 1794 425 1825 At
451 1800 560 1831 aptum
585 1797 802 1832 increpationi
826 1798 865 1827 cf.
895 1798 923 1837 1,
950 1797 1025 1827 543.

231 1858 275 1862 —
298 1849 361 1881 pro
386 1838 517 1871 talibus
543 1840 640 1871 ausis
665 1843 706 1871 cf.
739 1843 793 1881 12,
818 1843 895 1873 351.

278 1896 354 1926 536.
385 1894 424 1926 Si
444 1906 511 1937 qua
530 1900 579 1928 est
595 1896 691 1928 caelo
706 1897 820 1939 pietas
842 1900 881 1929 cf.
907 1900 933 1937 1,
950 1900 1026 1929 603.

232 1959 276 1965 -—
300 1945 395 1972 curet
420 1943 460 1972 cf.
488 1947 539 1973 Gr.
565 1944 587 1979 ἕ
615 1944 698 1983 418,
731 1945 755 1974 1.

276 1999 353 2028 539.
386 1996 510 2029 Facere
532 2008 603 2029 011111
626 2002 786 2036 particula
810 2005 847 2032 ut
869 2003 1027 2038 iungitur,

232 2047 363 2080 quando
389 2049 513 2082 autem,
548 2051 580 2075 ut
606 2049 637 2075 11.
666 2049 705 2083 1.,
740 2050 830 2076 nulla
864 2054 913 2077 est
947 2057 1026 2077 con-

232 2091 308 2128 silii,
333 2091 392 2119 sed
417 2092 511 2119 1110110
538 2092 585 2120 rei
606 2093 741 2121 effectae
769 2094 922 2129 cogitatio
949 2094 1027 2130 (110-

233 2145 295 2171 que
326 2136 411 2164 enim
436 2138 584 2171 Pyrrhus
614 2138 644 2166 id
677 2140 858 2173 quaesivit,
895 2144 926 2168 ut
952 2145 1027 2168 ante

233 2184 336 2218 pedes
360 2182 480 2210 Priami
499 2183 584 2212 filius
607 2184 769 2221 caderet),
800 2187 907 2214 locutn
931 2187 1028 2214 habet

233 2229 330 2256 etiam
353 2227 542 2257 infinitivus.
591 2229 644 2258 Sic
672 2237 723 2265 ap.
750 2232 842 2259 Varr.
871 2233 906 2260 R.
933 2233 970 2260 R.
994 2230 1026 2267 3,

231 2273 253 2302 5
283 2271 448 2302 Arborum
476 2270 684 2303 desiderium
713 2284 920 2305 macrescere
940 2274 1029 2311 facit

232 2316 409 2354 volucres3
435 2320 529 2348 Lucr.
552 2319 583 2357 3,
611 2319 670 2348 101
704 2318 804 2359 Quod
823 2320 940 2360 faciat
964 2330 1028 2351 nos

232 2362 348 2393 vivere
367 2372 441 2393 cum
460 2372 582 2400 sensu‚·
606 2365 637 2402 6,
651 2365 718 2395 266
736 2364 902 2396 Flamina
919 2366 1029 2397 abun-

233 2407 318 2439 dare
337 2411 375 2439 ut
394 2408 544 2447 faceret,
569 2419 777 2451 camposque
796 2415 942 2448 natare3
968 2415 1027 2442 Ov.

235 2458 309 2484 Her.
337 2455 387 2493 l7,
416 2453 479 2484 174
506 2453 611 2485 Illum
628 2456 749 2494 forma
775 2455 895 2487 timere
914 2457 1029 2496 facit3

233 2504 274 2530 M.
300 2500 339 2537 6,
372 2500 443 2529 108.
474 2517 518 2522 —-
553 2499 721 2532 Foedasti
743 2501 872 2541 funere
896 2501 1028 2541 vultus,

233 2547 265 2575 in
294 2547 346 2575 1113
372 2547 484 2575 verbis
515 2555 580 2576 non
607 2555 691 2583 opus
718 2552 769 2577 est
798 2550 837 2577 de
865 2551 1026 2584 adsperso

235 2593 396 2627 sanguine
413 2593 576 2629 cogitare;
601 2593 760 2630 foedatur,
784 2595 939 2629 polluitur
952 2596 1027 2633 iam,

236 2639 321 2671 quod
345 2643 498 2673 spectare
519 2638 646 2673 cogitur
671 2638 789 2675 funus3
814 2637 861 2669 ita
879 2638 1028 2678 foedare

236 2681 412 2722 sanguine
435 2682 512 2712 502.
561 2684 609 2713 Cf.
634 2685 693 2713 Ov.
716 2687 758 2713 M.
784 2683 822 2723 3,
847 2685 924 2715 523.
974 2687 1028 2715 Sic

236 2730 277 2756 Μ.
310 2728 345 2763 7,
379 2727 422 2757 34
456 2729 537 2758 dixit
564 2726 689 2759 Oculos
719 2727 870 2760 videndo
894 2740 1028 2761 consce-

237 2770 348 2800 Ierare
371 2778 398 2801 et
426 2775 496 2803 Liv.
522 2773 575 2813 40,
600 2775 622 2804 8
650 2773 761 2805 Aures
783 2775 1026 2816 conscelerare,

237 2819 320 2852 quod
345 2819 454 2848 vident
479 2824 509 2848 et
535 2821 669 2850 audiunt
694 2824 818 2851 scelus.

282 2871 357 2901 541.
384 2871 467 2902 talis
491 2873 526 2904 in
550 2873 646 2907 hoste
667 2877 707 2906 cs.
732 2879 784 2906 Gr.
810 2876 832 2912 S
854 2876 937 2916 334,
963 2880 1025 2907 An.

237 2916 267 2946 4.
296 2933 340 2937 --
367 2915 467 2953 Iura.
495 2928 576 2954 quae
601 2927 677 2951 sunt
699 2923 857 2960 supplici,
888 2928 918 2952 et
943 2932 1026 2958 quae

238 2963 379 2991 defendit
409 2960 497 2998 Ζεῦς
523 2960 659 3002 ἱκέσιος.
689 2982 735 2989 —
763 2966 901 3005 Fidem,
930 2977 1026 3004 quam

236 3009 389 3037 Priamus
414 3010 522 3043 posuit
545 3011 577 3040 in
597 3014 743 3050 Achille,
769 3011 924 3051 erubuit,
953 3023 1025 3044 cum

237 3056 360 3089 pudore
392 3055 549 3090 respexit.
615 3055 765 3090 Erubuit
796 3060 909 3098 etiam,
941 3062 1026 3096 quod

1071 1431 1089 1452 a
1114 1428 1202 1452 tanto
1235 1431 1313 1458 rege
1341 1425 1533 1458 rogabatur,
1564 1425 1595 1450 et
1620 1429 1639 1450 a
1665 1429 1745 1451 sene
1771 1422 1866 1450 iuve-

1070 1470 1121 1498 nis
1144 1469 1185 1498 cf.
1208 1471 1300 1498 Hotn.
1325 1470 1362 1497 Il.
1388 1467 1449 1505 24,
1475 1467 1540 1496 517
1566 1475 1616 1502 sq.

1116 1514 1193 1543 542.
1222 1512 1432 1543 Erubescere
1456 1521 1483 1541 c.
1504 1514 1699 1542 accusativo
1724 1513 1785 1549 (cf.
1803 1512 1866 1549 31]

1071 1568 1124 1596 ap.
1157 1562 1350 1590 Ciceronem
1382 1559 1500 1594 legitur
1525 1560 1599 1588 Vat.
1632 1559 1690 1596 16,
1723 1558 1783 1597 39,
1821 1560 1867 1588 ita

1071 1611 1197 1642 tamen,
1234 1611 1269 1634 ut
1291 1606 1508 1635 accusativus
1532 1605 1573 1634 sit
1597 1607 1696 1640 longe
1721 1612 1866 1634 remotus

1072 1660 1091 1681 a
1117 1654 1237 1687 verbo,
1275 1656 1304 1680 et
1339 1653 1440 1680 multa
1470 1651 1536 1679 alia
1563 1653 1664 1679 verba
1691 1651 1867 1680 transitiva

1071 1698 1282 1727 intercedant.
1331 1697 1474 1731 saepius
1498 1697 1709 1731 posteriores,
1737 1701 1768 1725 ut
1788 1699 1866 1727 Seu.

1071 1746 1130 1779 Ep.
1175 1743 1236 1772 95:
1303 1739 1560 1772 Grammaticus
1592 1751 1661 1771 non
1702 1739 1868 1773 erubescit

1072 1786 1325 1825 soloecismum,
1358 1785 1387 1817 si
1412 1785 1522 1816 sciens
1542 1785 1656 1825 facit‚·
1689 1785 1867 1826 erubescit,

1074 1832 1103 1864 si
1127 1832 1291 1863 nesciens.
1341 1835 1448 1869 Quare
1476 1833 1571 1861 etiam
1601 1831 1868 1863 erubescendum

1074 1880 1189 1908 dicitur
1212 1881 1252 1915 id,
1278 1880 1309 1908 in
1333 1888 1395 1914 quo
1418 1881 1679 1907 erubescendum
1700 1883 1762 1916 est,
1787 1873 1865 1909 Hor.

1074 1927 1109 1955 C.
1130 1925 1159 1957 1.
1185 1924 1239 1961 27,
1270 1925 1318 1954 15.
1364 1926 1447 1955 Veli.
1472 1923 1504 1960 2,
1534 1923 1604 1952 130.
1650 1922 1765 1954 Causa
1785 1923 1869 1955 belli

1075 1968 1304 2000 erubescenda
1323 1973 1371 2000 est
1391 1973 1475 1999 Flor.
1502 1969 1534 2006 2,
1564 1969 1615 2007 14,
1640 1968 1670 1999 3.
1714 1967 1867 2001 Erubuit

1072 2024 1190 2056 preces
1223 2018 1337 2046 Claud.
1371 2018 1409 2045 R.
1441 2018 1477 2045 P.
1515 2015 1548 2053 l,
1578 2015 1632 2044 68.
1683 2016 1730 2046 Cf.
1757 2018 1810 2045 Gr.
1843 2016 1866 2052 S

1073 2062 1150 2091 295.

1118 2106 1195 2136 543.
1228 2105 1361 2147 Corpus
1379 2104 1585 2137 Hectoreum
1610 2106 1630 2135 i.
1655 2115 1685 2136 e.
1703 2108 1867 2137 Hectoris.

1074 2154 1128 2182 Sic
1159 2161 1211 2188 ap.
1245 2154 1314 2182 Til).
1352 2152 1390 2190 3,
1422 2153 1460 2189 6,
1491 2151 1536 2181 24
1574 2150 1727 2181 Cadmea
1756 2157 1868 2184 mater

1074 2204 1124 2227 est
1157 2199 1287 2235 Cadmi,
1319 2206 1371 2234 ap.
1404 2200 1464 2227 Ov.
1497 2200 1538 2226 M.
1575 2197 1636 2233 10,
1670 2196 1691 2226 3
1728 2195 1867 2238 Orphea

1074 2253 1140 2274 vox
1166 2245 1287 2279 Orphei
1310 2248 1341 2272 et
1372 2243 1424 2281 ll,
1452 2243 1516 2272 155
1542 2240 1721 2283 Apollinei
1744 2247 1869 2275 cantus

1074 2296 1150 2320 sunt
1170 2290 1345 2325 Apollinis.
1393 2289 1440 2319 Cf.
1465 2286 1542 2317 584.

1119 2334 1197 2364 544.
1227 2333 1310 2363 Sine
1345 2331 1433 2370 ictu,
1478 2342 1543 2363 non
1576 2334 1636 2370 ita,
1679 2339 1712 2363 ut
1745 2337 1866 2366 vulnus

1073 2381 1207 2415 faceret,
1233 2382 1291 2409 sed
1312 2380 1407 2415 clipei
1429 2387 1505 2409 aere
1530 2381 1699 2414 repulsum
1716 2380 1749 2409 in
1765 2382 1867 2420 corio,

1075 2428 1158 2462 quod
1186 2428 1306 2461 clypeo
1331 2427 1502 2454 obductum
1529 2430 1615 2462 erat,
1642 2426 1762 2454 haesit.

1119 2470 1195 2500 546.
1222 2473 1254 2501 et
1289 2479 1421 2500 summo
1456 2474 1539 2500 lllss.
1577 2486 1623 2490 —
1663 2479 1699 2500 00
1735 2480 1867 2502 summo

1076 2513 1139 2546 Rb.
1165 2525 1212 2546 30.
1240 2518 1325 2551 quod
1341 2518 1491 2546 Donatus
1513 2524 1548 2545 cc
1566 2516 1660 2552 [sive
1681 2516 1717 2552 e)
1741 2518 1867 2553 legisse

1073 2563 1239 2598 videatur,
1271 2564 1354 2597 quod
1379 2571 1422 2591 ex
1448 2562 1554 2591 Servii
1580 2563 1691 2591 verbis
1716 2572 1781 2592 non
1807 2571 1868 2599 ap-

1074 2612 1176 2644 paret,
1202 2612 1234 2636 ut
1258 2609 1356 2637 huius
1383 2608 1573 2643 scriptionis
1597 2609 1776 2638 auctoritas
1799 2609 1868 2638 fere

1075 2654 1116 2682 sit
1142 2655 1250 2689 nulla;
1287 2661 1326 2683 cz·
1352 2662 1484 2683 summo
1510 2650 1575 2682 Ld.
1622 2654 1732 2682 Facile
1755 2660 1866 2683 autem

1073 2701 1136 2728 1100
1161 2701 1234 2728 1000
1262 2703 1294 2728 ut
1325 2698 1391 2728 544
1422 2701 1462 2728 ad
1495 2699 1698 2734 participium
1731 2702 1866 2729 verbum

1075 2746 1317 2774 substantivum
1342 2747 1391 2775 est
1415 2745 1599 2780 supplebis.
1647 2744 1695 2774 cf.
1721 2744 1759 2782 5,
1787 2744 1865 2774 362.

1118 2788 1194 2819 547.
1222 2788 1365 2829 Referes
1389 2798 1494 2831 ergo:
1530 2792 1578 2819 De
1600 2797 1637 2818 re
1657 2790 1696 2819 cf.
1722 2789 1761 2828 3,
1787 2790 1865 2820 717.

1073 2838 1227 2864 Futurum
1253 2841 1360 2865 autem
1395 2844 1460 2865 non
1485 2844 1542 2871 pro
1568 2836 1758 2870 imperativo
1784 2837 1867 2865 dici-

1073 2886 1139 2918 tur,
1180 2886 1212 2910 ut
1236 2884 1320 2910 solet
1348 2882 1521 2918 explicari,
1556 2882 1614 2910 sed
1640 2888 1707 2910 rem
1733 2881 1866 2920 indicat,

1073 2934 1157 2960 quae
1188 2932 1277 2956 certo
1309 2927 1376 2963 fiet,
1412 2935 1476 2956 non
1507 2933 1590 2961 quae
1622 2926 1773 2956 facienda
1803 2932 1864 2957 est.

1072 2975 1161 3001 Inest
1183 2978 1289 3001 autem
1313 2974 1431 3001 acerba
1454 2972 1572 3001 irrisio.

1118 3017 1195 3047 548.
1223 3015 1339 3047 tristia
1359 3017 1482 3056 facta:
1506 3017 1699 3055 inhonesta,
1721 3018 1837 3054 turpia.

1118 3062 1194 3093 549.
1222 3061 1428 3104 degenerem
1473 3059 1734 3103 Neoptolemum
1780 3071 1866 3093 nar-

1920 237 1926 240 ι
1914 89 1925 96 l
1916 47 1919 49 ’

1963 649 1973 855 ζ

1970 880 1974 912 t*
