2023 3350
767 85 1006 119 AENEIDOS
1033 88 1120 120 Lm.
1150 60 1217 121 vi
1728 90 1810 128 313

155 200 373 243 Adversos
410 201 571 255 legere,
616 203 660 242 et
699 201 945 242 venientum
986 200 1151 243 discere
1186 201 1342 243 voltus.
1728 204 1750 242 7
1759 204 1810 242 55

272 259 398 300 Nunc
433 273 535 313 age,
573 257 843 300 Dardaniam
881 259 1050 313 prolem
1094 273 1205 314 quae
1245 259 1401 302 deinde
1440 261 1650 314 sequatur

156 316 332 367 Gloria,
373 317 447 371 qui
485 320 691 358 maneant
727 318 842 358 Itala
880 317 932 358 de
974 321 1100 371 gente
1134 322 1329 371 nepotes,

157 374 355 416 Illustres
390 375 556 416 animas
594 379 877 429 nostrumque
909 376 953 416 in
988 389 1141 416 nomen
1180 376 1331 427 ituras,

157 432 398 486 Expediam
439 433 587 484 dictis,
631 437 674 474 et
710 437 754 474 te
789 438 865 475 tua
899 433 993 474 fata
1032 433 1209 474 docebo.

155 490 253 542 Ille,
291 491 427 542 vides,
466 505 576 544 pura
612 491 775 533 iuvenis
813 491 887 545 qui
926 491 1081 532 nititur
1117 491 1259 533 hasta.
1730 490 1812 529 760

158 548 362 590 Proxima
397 553 516 590 sorte
556 553 675 590 tenet
710 549 820 591 lucis
856 550 974 600 loca3

1015 549 1180 602 primus
1215 549 1271 590 ad
1309 562 1438 590 auras

156 606 386 648 Aetherias
418 606 531 648 Italo
571 608 827 648 commixtus
873 607 1082 660 sanguine
1119 610 1267 660 surget

159 664 333 716 Silvius,
378 665 595 706 Albanum
629 679 803 715 nomen,
842 669 919 706 tua
954 669 1155 718 postuma
1195 665 1352 718 proles,

158 723 293 773 Quem
327 722 407 764 tibi
443 723 653 777 longaevo
687 738 829 765 serum
866 723 1043 764 Lavinia
1081 723 1266 763 coniunx

160 781 329 822 Educet
365 781 483 822 silvis
519 795 663 835 regem
701 795 937 835 regumque
971 784 1207 834 parentem,
1730 783 1812 822 765

158 839 284 881 Unde
323 853 457 893 genus
493 840 645 893 Longa
684 844 882 880 nostrum
919 838 1215 879 dominabitur
1248 837 1371 879 Alba.

159 897 387 938 Proximus
424 897 498 938 isse
537 898 715 948 Procas,
755 897 969 938 Troianae
1003 896 1141 949 gloria
1181 896 1333 949 gentis.

160 955 218 997 Et
255 954 415 1009 Capys,
460 959 502 996 eh
535 956 757 1006 Numitor,
798 959 840 996 et
875 955 949 1008 qui
979 958 1023 994 te
1058 954 1230 994 nomine
1268 953 1422 995 reddet

161 1012 319 1055 Silvius
354 1014 543 1065 Aeneas,
580 1014 746 1067 pariter
788 1014 951 1067 pietate
987 1011 1053 1053 vel
1087 1011 1219 1052 armis

160 1070 396 1125 Egregius,
435 1071 471 1113 si
503 1085 694 1126 unquam
727 1070 996 1125 regnandam
1031 1069 1248 1123 acceperit
1283 1067 1452 1109 Albam.
1732 1071 1813 1108 770

208 1211 285 1242 756.
314 1210 451 1250 deinde,
481 1217 626 1242 nostrum
652 1209 742 1241 nach
770 1209 897 1240 diesem
924 1211 963 1240 cf.

162 1257 240 1289 561.
267 1258 333 1287 890
358 1260 449 1289 alibi.

208 1304 286 1335 757.
316 1303 409 1335 Itala
439 1303 480 1335 de
503 1307 610 1345 gente
636 1305 675 1334 cf.
706 1301 741 1340 1,
768 1301 844 1332 686.

209 1350 287 1380 758.
314 1350 427 1380 ituras
461 1352 500 1382 cf.
537 1350 613 1380 6s0.
656 1366 694 1370 —
733 1348 767 1378 in
806 1351 963 1377 noctram

163 1406 287 1427 nomen
316 1398 336 1426 i.
356 1407 383 1427 e.
411 1398 444 1426 in
466 1403 610 1427 nostram
626 1401 762 1432 gentem.
813 1396 866 1424 Sic
885 1396 961 1424 Luc.

162 1443 199 1482 6,
225 1443 288 1472 375
330 1442 454 1472 Venire
480 1442 514 1472 in
542 1452 665 1472 nomen
690 1439 856 1473 atterius.
888 1443 964 1470 Tac.

162 1491 204 1520 A.
241 1489 277 1527 3,
315 1488 356 1518 30
391 1487 426 1519 in
458 1497 581 1518 nomen
615 1485 783 1523 adscivit,
819 1492 849 1516 et
879 1488 964 1515 Plin.

162 1538 220 1572 Ep.
257 1534 296 1573 8,
339 1534 377 1564 18
413 1533 448 1564 in
488 1544 612 1564 nomen
654 1532 866 1574 assumpcit,
909 1542 964 1569 pro

162 1579 360 1620 adoptavit.

210 1626 287 1656 759.
315 1624 497 1665 expediam
519 1626 614 1655 dictis
632 1625 670 1655 cf.
692 1623 722 1660 3.
746 1623 822 1654 460.
845 1641 883 1645 —-
903 1627 965 1654 tua

155 1672 264 1713 frua,-
289 1674 396 1709 ipsius
418 1673 504 1702 enim
525 1673 593 1701 fata
612 1677 698 1701 sunt.
723 1679 807 1707 quae
827 1672 966 1706 posteris

163 1721 316 1750 eveniunt
341 1720 380 1749 cf.
407 1717 484 1747 718.

209 1764 286 1794 760.
313 1763 389 1800 ille,
431 1762 547 1799 vfdes,
589 1772 691 1803 pura.
750 1765 830 1792 Tale
868 1760 966 1791 vides

163 1812 330 1841 enuntiato
357 1811 498 1840 relativo
523 1818 623 1845 saepe
650 1819 712 1839 non
738 1811 882 1838 iunctum
909 1810 964 1837 seti

162 1858 317 1887 iniectum
343 1862 402 1890 est.
428 1862 459 1885 ut
483 1857 548 1884 Cir.
577 1855 642 1883 26&
671 1854 744 1885 ltte.
774 1853 880 1890 vides,
907 1864 967 1882 no-

164 1902 246 1933 stri»-
266 1901 325 1942 qui
344 1900 519 1931 moenibus
540 1899 671 1930 aesidet
691 1899 810 1930 hostis.
845 1903 905 1929 Ov.
922 1903 965 1929 M.

164 1947 200 1984 7,
232 1947 297 1977 756
325 1947 386 1977 dat
410 1944 513 1976 simut
540 1950 570 1976 et
599 1945 771 1979 iaculum.
806 1945 968 1975 manibus

164 1992 267 2034 qnod,
294 1991 416 2027 cei-uic.
441 1990 618 2022 habemns.
668 1994 722 2022 Sic
750 1993 895 2021 alacrius
920 1993 967 2021 ef-

164 2041 313 2070 feruntur
345 2043 461 2069 verba.
497 2046 594 2074 quam
626 2039 653 2067 si
685 2047 704 2068 a
735 2042 834 2068 verbo
873 2037 967 2066 vides-

165 2088 391 2122 dependerent.
442 2080 600 2120 Cfsquae
623 2086 664 2113 ad
690 2083 767 2113 750.
803 2099 843 2104 -
875 2092 966 2123 pura

165 2138 224 2163 etc.
253 2133 296 2166 ..i.
324 2142 350 2162 e.
378 2133 450 2161 sine
475 2132 567 2160 ferro.
617 2133 698 2160 Nam
719 2134 777 2160 hoc
794 2131 854 2159 fuit
875 2138 968 2165 prae-

166 2180 268 2209 mium
288 2180 372 2214 apud
394 2179 537 2207 maiores
555 2178 637 2206 eius.
665 2178 720 2212 qui
736 2182 812 2206 tunc
829 2177 969 2212 primum

167 2226 307 2254 vicisset
338 2226 371 2253 in
403 2225 543 2260 proelio.v
581 2224 665 2252 sicut
692 2225 737 2252 ait
762 2223 901 2252 varros‘·
936 2224 967 2250 S.

167 2272 261 2300 Adde
290 2273 377 2300 Suet.
405 2271 519 2300 Claud.
555 2267 596 2297 28
630 2277 729 2308 quem
760 2266 970 2297 Britannico

169 2313 344 2355 triumpho
389 2314 480 2346 inter
520 2313 694 2343 militares
737 2312 828 2343 viros
867 2311 971 2343 hasta

167 2370 259 2402 pura
294 2359 450 2391 dorinvit.
499 2363 595 2397 Prop.
633 2359 671 2397 4,
706 2359 744 2397 3,
776 2359 819 2389 68
851 2363 914 2388 tua
942 2382 969 2388 ..

169 2405 311 2436 domitis
348 2405 490 2437 Parthis
526 2429 555 2436 ..
588 2415 680 2446 pura
713 2403 972 2446 triumphantes

168 2450 272 2483 hasta
299 2456 466 2492 sequatur
495 2461 610 2493 equos·

215 2497 291 2528 761.
318 2497 483 2538 proxima
510 2514 549 2518 —
578 2496 653 2527 loca
679 2500 863 2534 explicatur
887 2498 971 2527 satis

170 2545 325 2574 versibus
348 2545 568 2580 sequentibus.
626 2541 701 2574 Lux
729 2550 758 2573 et
783 2542 895 2572 lumen
924 2545 973 2573 di-

169 2592 253 2621 citur
276 2592 364 2625 vitag
393 2595 425 2620 ut
451 2588 497 2619 ad
524 2599 642 2625 auras,
671 2588 717 2618 ad
743 2587 900 2627 aethera,
926 2586 973 2619 acl

169 2635 324 2675 caelum,
359 2634 421 2666 sub
455 2643 608 2665 convexa
639 2634 689 2665 ire
718 2640 767 2665 est
794 2637 898 2665 vitam
923 2636 973 2664 in-

169 2683 269 2720 gredi.

217 2727 295 2757 763.
323 2728 451 2756 Silvius
475 2727 611 2756 Aeneae
644 2727 731 2756 tilius
762 2736 804 2756 ex
827 2728 975 2757 Lavinia

169 2783 282 2804 uxore.
312 2775 386 2810 Vgl.
402 2781 499 2808 qtuuu
518 2774 665 2802 Ascanio
682 2774 755 2802 sive
770 2776 852 2806 Iulo.
872 2775 973 2803 Creu-

170 2828 229 2850 sae
263 2821 345 2854 tilio.
387 2820 469 2848 satis
507 2820 632 2848 nobiles
671 2820 705 2847 in
737 2820 881 2848 carmine
913 2828 972 2848 suo

170 2872 280 2902 partes
305 2867 484 2895 tribuisset.
510 2867 593 2900 quod
619 2866 718 2894 totius
737 2866 893 2895 carminis
920 2873 974 2895 ra-

174 2913 216 2942 tio
241 2913 387 2949 flagitare
413 2913 596 2946 videbatur,
622 2916 652 2940 et
675 2914 715 2941 ab
736 2912 807 2947 ipso
824 2913 895 2941 Iulo
912 2913 974 2940 Al-

172 2961 248 2988 bam
280 2959 445 2988 conditum
480 2958 522 2986 iri
555 2958 695 2986 dixisset
726 2954 763 2991 1.
792 2954 877 2986 271:
915 2961 976 2988 hoc

172 3006 243 3035 loco
265 3007 306 3034 ab
332 3013 372 3034 ea
396 3004 584 3034 narratione
604 3003 749 3042 recessit,
774 3004 975 3039 proximam-

1011 1219 1073 1246 que
1096 1211 1234 1239 Aeneae
1265 1210 1502 1245 posteritatem,
1534 1217 1627 1243 reges
1651 1210 1813 1240 Albanos.

1012 1262 1044 1286 ut
1078 1257 1152 1285 alii.
1193 1258 1231 1284 tle
1268 1258 1371 1284 altero
1401 1257 1534 1284 Aeneae
1568 1256 1632 1284 filio
1670 1256 1812 1284 deduxit.

1012 1304 1101 1338 Quae
1126 1310 1165 1331 ea
1191 1304 1229 1330 de
1255 1311 1288 1331 re
1312 1303 1465 1331 diversae
1489 1302 1671 1331 exstiterint
1698 1308 1813 1330 narra-

1012 1350 1126 1378 tiones.
1157 1351 1249 1382 legas
1273 1350 1358 1383 apud
1380 1349 1451 1377 Liv.
1481 1348 1507 1376 1.
1531 1348 1559 1376 3.
1610 1349 1717 1382 Atque
1737 1356 1814 1376 con-

1012 1397 1097 1424 sulto
1123 1400 1199 1430 puto
1224 1396 1306 1423 duas
1332 1395 1537 1423 narrationes
1556 1394 1695 1423 miscuit.
1723 1399 1754 1422 ut
1779 1394 1813 1422 iti

1014 1442 1163 1470 Palladio
1187 1441 1225 1469 cf.
1248 1440 1278 1471 ⁶2.
1306 1440 1380 1469 1⁶5⁴.
1431 1442 1624 1469 Manendum
1648 1445 1694 1469 est
1719 1447 1814 1474 prae-

1013 1492 1116 1519 terea.
1163 1488 1245 1523 quott
1277 1490 1317 1516 ab
1349 1488 1499 1516 omnibus
1530 1494 1632 1522 paene
1667 1487 1814 1519 traditur,

1014 1535 1154 1562 Silvium
1183 1539 1293 1562 natum
1319 1542 1393 1563 esse
1419 1538 1487 1569 post
1514 1534 1648 1561 Aeneae
1671 1537 1813 1561 mortem.

1014 1582 1091 1608 Inde
1134 1581 1231 1609 etiatn
1279 1582 1370 1608 Serv.
1417 1577 1603 1619 posthuma
1652 1579 1814 1613 explicat:

1014 1629 1230 1661 ..posthumus
1258 1632 1305 1655 est
1328 1631 1398 1661 post
1424 1626 1642 1654 humationem
1671 1625 1816 1660 parentis

1014 1678 1177 1702 creatus?
1227 1674 1296 1700 Non
1331 1678 1438 1701 tamen
1473 1680 1544 1701 cum
1578 1680 1614 1699 eo
1646 1674 1725 1699 Mss.
1763 1671 1815 1699 vi-

1015 1720 1128 1747 dentur
1153 1719 1355 1747 consentire.
1387 1727 1490 1753 neque
1521 1718 1678 1747 consentit
1705 1717 1814 1750 Virgi-

1014 1765 1079 1792 lius
1104 1773 1134 1792 v.
1162 1762 1227 1791 764
1255 1770 1283 1792 et
1306 1767 1487 1802 pmtnmm
1512 1764 1655 1798 explicat
1681 1764 1817 1792 Caesel-

1016 1811 1081 1838 tius
1101 1811 1162 1838 ita:
1196 1811 1382 1839 ..postuma
1400 1810 1512 1844 inquit.
1534 1811 1641 1844 proles
1658 1818 1721 1837 non
1741 1816 1814 1837 eum

1014 1856 1186 1889 significat.
1199 1857 1252 1890 qui
1266 1861 1354 1890 patre
1370 1861 1503 1885 mortuo.
1519 1856 1573 1883 sed
1588 1855 1643 1890 qui
1656 1861 1815 1889 postremo

1014 1904 1084 1931 loco
1107 1908 1203 1931 natus
1223 1908 1293 1931 est'·
1311 1910 1362 1937 ap.
1388 1904 1468 1931 Geli.
1490 1900 1520 1934 2.
1549 1900 1597 1931 16.
1617 1902 1700 1935 quod
1719 1904 1816 1936 caput

1015 1953 1112 1977 totum
1138 1950 1231 1984 legas
1257 1950 1294 1977 tle
1318 1951 1376 1977 lioc
1403 1950 1471 1977 loco
1492 1948 1657 1981 scriptum.
1685 1963 1724 1966 —
1754 1945 1816 1975 A!-

1016 1992 1142 2022 bnnnm
1161 2003 1302 2022 nomen:
1322 2002 1396 2023 nam
1410 1994 1550 2026 ..mansit
1563 1994 1690 2022 Silvius
1704 1997 1818 2028 postea

1014 2040 1164 2069 omnibus
1197 2049 1373 2077 cognomen
1405 2041 1460 2076 qui
1484 2041 1593 2069 Albae
1617 2038 1816 2075 regnarunt*

1014 2087 1090 2114 Liv.
1127 2084 1160 2118 t.
1196 2085 1225 2114 3.
1279 2086 1317 2115 A.
1350 2095 1402 2115 71..·
1438 2087 1538 2123 „quia
1569 2094 1681 2114 omnes
1716 2085 1817 2114 Silvii

1016 2132 1093 2160 dicti
1120 2137 1228 2160 sums·
1255 2134 1287 2160 S.

1063 2175 1139 2205 764.
1167 2185 1291 2206 serum.
1335 2178 1381 2206 Cf.
1401 2175 1432 2211 S,
1459 2174 1535 2208 ⁵81,
1562 2174 1621 2205 ubi
1644 2184 1722 2204 mea
1740 2173 1818 2205 sola

1017 2225 1048 2250 et
1076 2231 1153 2250 sera
1179 2221 1342 2262 voluptas
1369 2224 1522 2251 Evander
1548 2222 1624 2251 dicit
1653 2230 1755 2251 senex
1780 2223 1819 2250 de

1016 2270 1168 2297 Pallante
1192 2277 1261 2297 suo.

1066 2313 1143 2343 755.
1172 2314 1311 2348 educet,
1346 2310 1508 2341 educabit
1535 2312 1575 2342 cf.
1601 2311 1639 2349 8,
1672 2310 1748 2342 413.
1776 2329 1816 2333 —

1019 2358 1139 2389 silvis.-
1165 2362 1247 2389 ratio
1273 2360 1414 2388 nominis
1437 2359 1633 2394 explicandi.
1683 2359 1758 2388 Liv.
1788 2356 1817 2395 1,

1021 2405 1038 2434 3
1071 2407 1214 2435 Silvium
1237 2408 1372 2435 Aeneae
1405 2405 1480 2434 dicit
1513 2410 1670 2440 nepotem.
1705 2420 1744 2424 -—
1780 2407 1820 2433 Et

1019 2453 1090 2488 ipse
1120 2454 1284 2490 regnabit.
1320 2456 1350 2481 et
1380 2454 1420 2480 ab
1447 2460 1484 2480 eo
1519 2451 1613 2480 multi
1636 2458 1729 2487 reges
1753 2451 1819 2479 ori-

1018 2499 1126 2536 ginem
1152 2501 1277 2529 ducent.

1066 2543 1143 2573 766.
1172 2543 1280 2578 unde.
1307 2552 1328 2573 a
1352 2551 1413 2578 quo
1439 2542 1478 2572 cf.
1506 2539 1543 2579 8,
1570 2539 1624 2570 71.

1067 2589 1145 2619 767.
1177 2588 1306 2619 Procas·
1333 2586 1524 2628 prosimus.
1573 2590 1684 2623 Neque
1707 2596 1820 2618 omnes

1019 2645 1123 2672 neque
1148 2645 1210 2672 quo
1235 2637 1366 2666 vixisse
1388 2635 1577 2664 dicebantur
1601 2635 1723 2669 ordine,
1745 2643 1821 2670 pro-

1020 2683 1110 2716 tulit.
1151 2685 1207 2712 sed
1246 2690 1303 2711 eos
1344 2682 1398 2716 qui
1435 2689 1478 2709 ex
1512 2680 1582 2708 ilus
1620 2681 1820 2716 temporibus

1019 2737 1138 2758 nomen
1163 2730 1295 2764 aliquod
1318 2731 1409 2756 erant
1434 2727 1550 2761 adepti.

1068 2773 1144 2804 768.
1179 2774 1313 2814 Capys:
1350 2774 1443 2802 Hunc
1476 2773 1619 2801 nominat
1642 2772 1821 2810 Anchises,

1021 2822 1104 2855 quod
1130 2829 1242 2850 carum
1267 2820 1369 2855 patris
1400 2819 1506 2854 ipsius
1531 2821 1668 2848 habebat
1693 2826 1819 2847 nomen.

1068 2864 1145 2896 770.
1176 2864 1361 2907 Egregius
1387 2865 1459 2900 pari
1482 2866 1591 2899 modo,
1618 2865 1693 2893 sive
1718 2865 1823 2899 pieta-

1020 2915 1101 2950 tem,
1134 2913 1208 2942 sive
1231 2912 1451 2941 fortitudinem
1474 2916 1615 2946 spectas.
1664 2910 1739 2939 Noli
1760 2918 1821 2945 pu-

1021 2962 1091 2988 tare
1121 2967 1195 2989 cum
1218 2959 1334 2987 Aenea
1375 2957 1506 2986 institui
1535 2956 1821 2991 comparationem.

1021 3020 1067 3025 —-
1095 3002 1126 3034 εἰ
1152 3012 1318 3044 unquam.
1369 3003 1506 3032 Servius
1533 3004 1575 3032 ad
1604 3005 1691 3032 hunc
1714 3003 1823 3032 locum
