2023 3350
766 112 1007 149 AENEIDOS
1039 117 1126 151 LIB.
1153 117 1193 150 V.

151 224 356 268 Mutabat
394 240 593 280 versans,
639 226 850 271 Siculisne
885 228 1096 272 resideret
1133 230 1261 284 arvis,

152 283 325 326 Oblitus
361 283 572 338 fatorum,
613 285 806 329 Italasne
844 291 1090 341 capesseret
1128 302 1240 330 oras.

150 341 259 383 Tum
298 342 441 384 senior
475 343 663 396 Nautes,
708 359 842 386 unum
881 346 1079 388 Tritonia
1112 346 1257 388 Pallas

151 399 291 450 Quem
328 399 481 442 docuit
517 401 742 455 multaque
778 403 992 457 insignem
1030 403 1224 446 reddidit
1262 406 1368 446 arte.
1410 415 1475 436 -·

151 457 271 500 Haec
309 471 518 512 responsa
557 458 692 501 dabat
726 460 793 502 vel
826 475 938 515 quae
969 462 1253 516 portenderet
1289 462 1358 504 ira

150 515 311 569 Magna
346 515 472 558 deum
504 517 571 558 vel
608 531 721 571 quae
758 518 950 560 fatorum
988 523 1189 573 posceret
1228 519 1348 562 ordo.
1384 545 1442 550 —

149 573 280 628 Isque
316 573 383 616 his
422 575 612 617 Aeneam
654 575 821 618 solatus
857 576 1037 619 vocibus
1072 577 1185 619 infit:

150 631 262 673 Nate
295 631 395 685 dea,
438 647 522 687 quo
560 632 653 675 fata
690 634 873 676 trahunt
917 635 1253 690 retrahuntque,
1296 648 1549 690 sequamur3

151 689 372 743 Quidquid
413 691 512 742 erit,
556 692 802 745 superanda
838 693 975 735 omnis
1010 693 1187 735 fortuna
1222 692 1400 735 ferendo
1443 697 1519 736 est.

149 747 229 789 Est
267 747 349 789 tibi
386 748 633 791 Dardanius
673 749 844 792 divinae
881 751 1030 806 stirpis
1064 752 1260 793 Acestes:

150 805 275 847 Hunc
314 819 420 859 cape
453 807 643 849 consiliis
680 808 845 849 socium
881 812 924 850 et
967 809 1179 863 coniunge
1216 808 1450 861 volentem3

150 863 263 905 Huic
298 864 441 916 trade,
487 865 656 907 amissis
698 869 906 920 superant
947 867 1021 920 qui
1059 866 1262 918 navibus,
1308 869 1350 908 et
1386 881 1495 921 quos

149 921 402 963 Pertaesum
438 923 586 977 magni
628 923 789 978 incepti
829 938 1060 978 rerumque
1098 928 1274 966 tuarum
1316 928 1394 976 est,

150 980 491 1033 Longaevosque
531 994 653 1023 senes
692 995 743 1023 ac
785 981 922 1024 fessas
959 996 1148 1035 aequore
1185 985 1348 1023 matres

150 1038 208 1079 Et
247 1037 459 1092 quidquid
497 1042 641 1080 tecum
676 1039 913 1081 invalidum
947 1043 1230 1093 metuensque
1270 1037 1425 1092 pericli
1463 1042 1540 1092 est,

150 1095 323 1149 Delige3
369 1099 433 1148 et,
479 1096 547 1138 his
588 1096 780 1138 habeant
816 1097 964 1149 terris,

156 1153 319 1196 Urbem
359 1154 647 1208 appellabunt
684 1155 894 1209 permisso
930 1154 1102 1196 nomine
1140 1154 1355 1196 Acestam.

267 1211 443 1254 Talibus
474 1212 674 1254 incensus
715 1212 842 1255 dictis
880 1212 1062 1255 senioris
1102 1211 1242 1264 amici,

196 1350 274 1382 702.
301 1350 460 1383 mutabat
493 1361 658 1390 versans,
699 1355 738 1384 cf.
773 1351 850 1384 418.
903 1351 956 1384 Pl.

149 1399 233 1428 coni.
261 1395 301 1428 Ν.
328 1396 361 1428 h.
391 1396 543 1441 ingenti,
570 1408 603 1429 π.
630 1397 652 1429 i.
676 1408 710 1441 p.
740 1409 766 1430 c.
797 1397 958 1431 Nutabat

151 1453 309 1474 versans,

197 1487 276 1520 703.
308 1488 498 1532 Capessere
530 1495 579 1520 est
612 1492 741 1520 tendere
781 1491 814 1520 in
854 1491 893 1520 cf.
927 1488 958 1528 4,

151 1533 227 1565 346.
256 1552 295 1556 —-
324 1544 368 1566 ne
389 1553 434 1557 —
459 1545 503 1566 ne
526 1537 565 1566 cf.
597 1534 625 1574 1,
652 1535 727 1566 308.

196 1580 274 1611 704.
306 1579 441 1613 Nautes
471 1584 583 1619 „Bene
608 1585 758 1612 daturum
782 1583 958 1612 consilium

148 1632 179 1657 et
201 1631 240 1657 ab
264 1632 370 1658 aetate
397 1634 427 1658 et
452 1636 473 1658 a
497 1630 665 1664 prudentia
690 1634 720 1658 et
754 1636 775 1658 a
800 1629 958 1664 religione

148 1676 359 1704 commendat.
409 1676 498 1710 Quod
525 1680 633 1704 autem
661 1675 736 1705 dicit
768 1683 867 1714 quem
896 1673 959 1704 do—

150 1718 223 1750 cuit
251 1717 392 1759 Pallas,
434 1721 578 1757 tingitur,
618 1722 696 1757 quia
727 1721 798 1755 ipse
820 1721 958 1749 Romam

150 1767 337 1796 Palladium
364 1768 485 1796 detulit.
521 1767 631 1802 (Idem
655 1772 684 1797 et
707 1767 877 1795 Minervae
902 1775 958 1795 sa-

154 1814 312 1842 cerdotem
338 1821 411 1842 eum
436 1813 541 1842 fuisse
568 1818 678 1843 narrat
704 1813 798 1841 Dion.
827 1812 857 1849 6,
881 1811 956 1848 69.)

153 1859 242 1888 Unde
266 1859 457 1888 Nautiorum
492 1859 621 1889 familia
653 1860 824 1888 Minervae
861 1866 958 1888 sacra

156 1905 322 1941 retinebat,
339 1906 422 1940 quod
439 1905 539 1934 etiam
557 1906 662 1934 Varro
681 1906 770 1934 docet
795 1905 828 1933 in
852 1905 957 1943 libris,

152 1958 234 1985 quos
258 1951 296 1979 de
322 1950 460 1979 familiis
484 1951 635 1980 Troianis
661 1949 828 1986 scripsit.“
855 1952 887 1979 S.

197 1993 275 2025 705.
301 1994 484 2036 multaque
499 1993 675 2037 insignem
693 1993 852 2026 reddidit
871 1997 957 2026 arte.

154 2043 244 2072 Haec
266 2044 368 2071 verba
387 2041 594 2076 explicantur
619 2042 771 2071 versibus
792 2043 956 2076 sequenti-

153 2090 229 2125 lnts;
254 2090 332 2118 haec
357 2087 514 2124 (Pallas)
540 2088 571 2116 ei
597 2094 758 2122 responsa
788 2088 899 2125 dabat,
925 2091 959 2117 ut

155 2134 351 2170 intelligeret
377 2137 408 2162 et
431 2133 507 2168 quid
531 2142 573 2162 ex
596 2134 802 2170 singulorum
827 2134 959 2162 deorum

153 2181 203 2209 ira
218 2184 302 2209 esset
318 2180 450 2218 factum,
477 2179 597 2214 etquid
614 2188 656 2209 ex
681 2179 747 2208 fato
773 2182 859 2208 esset
882 2187 958 2209 con-

153 2226 310 2255 stitutum.
373 2226 428 2255 Sic
460 2225 630 2262 distinguit
661 2226 775 2254 Claud.
815 2225 851 2253 B.
891 2226 957 2253 Get.

153 2270 310 2309 sensata
331 2269 518 2309 vocabant,
536 2279 594 2300 seu
615 2268 742 2312 grauis
768 2268 822 2300 ira
846 2267 959 2299 deum.

154 2319 205 2346 Ita
232 2317 330 2346 etiam
355 2320 415 2347 hoc
439 2319 510 2348 loco
536 2317 614 2353 quid
638 2317 719 2345 illud
745 2316 883 2345 navium
909 2316 960 2344 in-

157 2363 306 2392 cendium
328 2363 534 2400 signiticaret,
558 2363 730 2392 intellexit.
765 2362 812 2392 Cf.
834 2360 865 2400 2,
883 2360 958 2391 182.

154 2411 238 2438 Nota
259 2412 364 2438 tamen
385 2413 589 2447 structuram,
610 2416 708 2445 quam
725 2412 820 2444 poeta
835 2412 960 2437 mutare

155 2458 186 2483 et
212 2458 338 2484 vertere
359 2462 457 2490 quam
483 2457 583 2492 longa
607 2456 738 2491 periodo
768 2455 802 2483 in
823 2455 960 2489 scripto-

157 2499 204 2529 ris
225 2501 342 2530 maluit
359 2502 487 2530 modum
509 2501 688 2536 complecti.
716 2503 830 2536 Itaque
852 2504 962 2536 partes

157 2546 315 2575 orationis
350 2547 508 2576 dissecuit
544 2548 637 2576 nulla
674 2547 785 2576 addita
825 2547 961 2576 coniun-

157 2592 273 2630 ctione,
303 2595 333 2621 et
359 2592 428 2622 levi
454 2594 649 2622 anacolutho
674 2593 861 2622 inchoatam
887 2599 961 2622 ora-

156 2638 276 2667 tionem
312 2638 437 2675 omisit,
475 2645 553 2667 mox
590 2639 628 2667 de
656 2638 778 2675 integro
811 2646 958 2667 orsurus.

157 2683 204 2713 Cf.
236 2681 264 2721 1,
286 2681 339 2713 29.
390 2684 445 2713 Sic
475 2684 627 2719 apposuit
652 2684 840 2723 enuntiata,
878 2691 961 2719 quae

158 2733 251 2759 erant
276 2730 497 2765 componenda
524 2728 553 2767 6,
584 2727 646 2758 601
676 2733 707 2758 et
732 2728 807 2758 603.

202 2773 278 2804 706.
308 2772 405 2805 Haec
435 2774 612 2815 MPRybcz
651 2783 714 2805 rec.
759 2772 845 2816 Wg.
894 2772 961 2804 hac

157 2819 190 2851 cl
229 2830 293 2852 rec.
325 2819 388 2851 Rb.
419 2818 484 2850 Ld.
516 2821 537 2850 i.
564 2830 591 2850 e.
626 2824 689 2851 hac
714 2824 783 2850 arte
814 2823 850 2850 N.
878 2821 963 2850 dedit

159 2874 335 2902 responsa3
358 2870 522 2897 structura
544 2867 628 2897 satis
651 2867 753 2905 facili,
772 2868 829 2896 sed
849 2872 963 2897 aucto-

156 2913 251 2943 ritate
273 2915 375 2943 nulla.
433 2910 484 2942 Pl.
515 2914 598 2943 coni.
628 2911 676 2943 Et
700 2921 784 2948 resp.
809 2916 869 2943 etc.

203 2957 280 2989 707.
306 2961 449 2990 Poscunt
476 2959 544 2989 fata
571 2957 602 2998 7,
629 2956 695 2988 272
729 2963 760 2989 et
786 2962 963 2994 poscuntur

158 3003 234 3034 fatis
258 3006 406 3035 homines
431 3003 463 3042 8,
492 3002 544 3034 12.

204 3047 280 3080 708.
311 3049 392 3091 Infit
417 3051 614 3082 defectivum
639 3053 688 3080 est
713 3049 754 3080 cf.
772 3051 824 3080 Gr.
847 3050 869 3087 ἓ
889 3048 964 3089 181,

1732 122 1814 163 253

1731 410 1814 450 705

1730 697 1814 736 710

1728 987 1810 1027 715

1005 1097 1118 1149 sine,
1162 1096 1333 1138 moenia
1369 1095 1494 1150 fessi3

1007 1325 1045 1383 4..
1069 1370 1106 1374 —
1135 1356 1191 1383 Est
1221 1358 1251 1383 et
1284 1361 1358 1384 cum
1388 1353 1474 1382 infin.
1502 1350 1619 1391 farier
1659 1350 1713 1392 11,
1738 1351 1815 1399 242,

1006 1405 1035 1429 et
1066 1401 1140 1429 sine
1173 1409 1210 1429 co
1246 1398 1306 1437 10,
1334 1397 1408 1428 100.
1436 1397 1503 1428 860
1536 1403 1566 1428 et
1595 1401 1707 1439 ovid,
1751 1410 1815 1431 non

1006 1448 1093 1482 apud
1119 1447 1308 1481 scriptorem
1335 1450 1460 1480 praeter
1484 1445 1626 1474 Livium.

1053 1490 1131 1521 710.
1163 1489 1346 1532 Quidquid
1381 1489 1446 1521 erit
1487 1491 1507 1519 i.
1542 1500 1568 1520 e.
1605 1494 1817 1528 quodcunque

1007 1539 1104 1567 etiam
1129 1539 1264 1575 accidet,
1292 1542 1325 1566 ut
1351 1536 1381 1575 2,
1407 1535 1461 1566 77.
1502 1538 1584 1567 Nam
1609 1539 1679 1574 ipse
1702 1540 1817 1578 nescit,

1007 1593 1110 1620 neque
1143 1585 1229 1613 enim
1270 1584 1476 1613 vaticinandi
1513 1583 1543 1612 ei
1578 1588 1627 1613 est
1660 1589 1816 1624 potestas,

1009 1632 1065 1660 sed
1090 1631 1246 1666 intelligit
1271 1634 1371 1665 recte,
1401 1630 1430 1659 si
1455 1636 1539 1665 quae
1564 1630 1609 1658 dii
1633 1633 1814 1661 ostendunt.

1009 1692 1047 1696 —
1089 1674 1247 1706 Fereudo
1282 1676 1427 1706 activum
1457 1679 1505 1705 est
1536 1675 1576 1705 cf.
1611 1678 1663 1706 Gr.
1695 1678 1717 1713 ἕ
1749 1676 1815 1707 439

1004 1724 1069 1752 An.
1094 1720 1124 1751 6.

1052 1765 1129 1796 711.
1156 1769 1204 1797 De
1227 1768 1348 1797 Aceste
1371 1767 1410 1798 cf.
1440 1765 1492 1796 37.

1053 1811 1131 1842 712.
1164 1811 1352 1854 Coniunge
1378 1810 1567 1851 volentem,
1598 1818 1632 1843 ut
1656 1816 1737 1845 velit
1759 1815 1817 1846 tibi

1005 1867 1025 1889 a
1048 1860 1198 1889 consiliis
1223 1868 1307 1888 esse.

1052 1903 1129 1934 713.
1160 1904 1340 1944 Sapei-ant
1371 1908 1421 1933 est
1454 1910 1668 1943 „supersunt,
1701 1914 1816 1942 super-

1006 1949 1141 1981 fluuntf‘
1167 1952 1198 1980 S.
1222 1951 1261 1980 cf.
1286 1949 1316 1989 2,
1341 1948 1419 1979 597.

1052 1996 1130 2026 715.
1157 1998 1197 2026 Ut
1217 1994 1414 2038 longaevos
1439 2004 1549 2033 seneS,
1576 1998 1623 2026 ita
1646 1998 1729 2027 dixit
1746 1999 1816 2028 Til).

1006 2040 1037 2081 1,
1063 2041 1095 2081 8,
1121 2042 1164 2071 50
1195 2046 1326 2072 veteres
1352 2051 1460 2072 senes.
1510 2045 1621 2079 Neque
1643 2048 1751 2074 tamen
1776 2053 1816 2075 ea

1008 2092 1058 2118 est
1083 2089 1286 2118 abundantia
1309 2090 1492 2118 verborum.

1053 2132 1130 2163 716.
1162 2131 1346 2174 Quidquid
1371 2139 1435 2173 est,
1464 2135 1648 2171 quicunque
1673 2140 1749 2166 sunt
1774 2136 1815 2166 cf.

1008 2177 1040 2218 1,
1063 2178 1139 2208 601.

1052 2223 1128 2254 718.
1154 2220 1325 2265 permisso
1363 2221 1524 2260 nomine,·
1565 2227 1586 2255 i.
1621 2235 1647 2255 e.
1683 2236 1745 2262 quo
1783 2232 1816 2256 tu

1006 2274 1118 2301 urbem
1160 2271 1316 2300 concedes
1351 2271 1524 2304 appellari.
1565 2287 1603 2291 —
1650 2271 1816 2302 Acestam

1006 2317 1081 2347 fecit
1105 2316 1284 2353 Virgilius,
1310 2316 1391 2344 alibi
1415 2320 1464 2344 est
1489 2317 1652 2355 Aegesta,
1676 2320 1814 2354 Egesta;

1008 2365 1146 2400 Segesta
1176 2361 1346 2390 Romanis.
1397 2361 1463 2391 Cic.
1492 2363 1585 2392 Verr.
1615 2360 1646 2399 4,
1672 2361 1726 2401 33,
1751 2362 1813 2393 72:

1009 2411 1169 2448 „Segesta
1197 2411 1246 2437 est
1269 2408 1422 2442 oppidum
1449 2413 1602 2442 pervetus
1627 2408 1659 2437 in
1687 2410 1814 2447 Sicilia,

1009 2456 1093 2491 quod
1114 2457 1154 2484 ab
1181 2455 1297 2483 Aenea
1319 2452 1464 2490 fugiente
1489 2461 1511 2482 a
1536 2455 1635 2483 Troia
1659 2459 1756 2490 atque
1780 2457 1814 2485 in

1008 2504 1091 2531 haec
1117 2503 1190 2530 loca
1215 2500 1368 2529 veniente
1392 2499 1553 2529 conditum
1578 2508 1652 2529 esse
1684 2502 1816 2531 demon-

1008 2551 1122 2577 strant.
1172 2548 1285 2581 Itaque
1309 2546 1482 2582 Segestani
1514 2554 1578 2574 non
1610 2548 1717 2576 solum
1743 2556 1817 2583 per-

1007 2597 1107 2629 petua
1152 2592 1308 2622 societate
1353 2595 1448 2626 atque
1491 2592 1653 2630 amicitia,
1699 2602 1815 2623 verum

1007 2640 1107 2669 etiam
1138 2638 1330 2675 cognatione
1362 2645 1398 2666 se
1427 2645 1499 2666 cum
1525 2640 1642 2673 populo
1667 2639 1815 2669 Romano

1013 2686 1204 2716 coniunctos
1229 2692 1304 2713 esse
1328 2682 1560 2712 arbitrantur.“
1599 2685 1692 2714 Adde
1713 2685 1744 2724 5,
1762 2683 1817 2724 47,

1011 2730 1087 2760 125.
1127 2732 1166 2759 In
1192 2733 1270 2759 urbe
1292 2731 1428 2766 Segesta
1449 2733 1519 2758 erat
1544 2723 1645 2769 ἱερὸν
1659 2726 1817 2763 Αἰνείου.

1008 2777 1102 2806 Dion.
1132 2773 1173 2814 1,
1199 2774 1253 2804 53.
1302 2776 1381 2803 Inde
1405 2775 1610 2812 explicatur,
1649 2778 1732 2812 quod
1761 2785 1818 2807 eos

1009 2823 1218 2860 Thucydides
1244 2825 1339 2851 vocat
1365 2823 1522 2851 barbaros
1544 2819 1574 2860 6,
1602 2818 1653 2851 11.

1012 2899 1136 2932 719—
1153 2899 1230 2931 745.
1280 2897 1377 2930 Idem
1404 2898 1572 2941 praecipit
1599 2898 1724 2932 umbra
1743 2899 1818 2932 An-

1351 2944 1476 2977 chisae.

1057 3001 1135 3033 719.
1168 3001 1256 3033 Tum
1291 3012 1371 3034 vero
1405 3009 1478 3040 post
1512 3006 1724 3042 participium
1763 3013 1816 3042 ap.

1011 3052 1091 3080 Sall.
1119 3050 1188 3079 Cat.
1216 3047 1257 3078 61
1292 3049 1449 3089 consecto
1473 3049 1609 3092 proelio
1640 3053 1714 3082 tum
1740 3060 1820 3082 vcro
