2044 3329
259 130 316 156 xx
928 122 1197 156 PRAEFATIO.

263 256 444 294 annexa,
493 243 537 284 in
565 255 650 296 qua
686 244 858 296 poetam
890 236 946 279 ad
984 235 1207 290 pristinam
1242 238 1285 277 et
1319 235 1611 287 incorruptam
1641 231 1864 285 orthogra-

262 311 406 366 phiam
438 311 639 353 reducere
669 324 713 351 se
744 307 950 362 gloriatus
979 307 1055 355 est⁷
1087 304 1328 358 scripsisset
1367 303 1594 357 Veryilz'um‚
1623 301 1666 342 in
1701 300 1763 342 ed.
1787 300 1865 341 mi-

263 393 375 429 nore,
402 379 445 420 in
485 392 570 432 qua
601 377 784 432 probare
820 373 959 416 adhuc
998 385 1043 414 se
1085 372 1291 427 Vergilium
1328 370 1567 421 confirmat,
1601 369 1742 423 pergit
1775 369 1867 422 ipse

262 436 433 498 „in'hac
461 446 629 500 quidem
655 444 837 486 editione
860 441 924 483 uti
950 454 1036 482 non
1064 454 1156 482 sum
1181 453 1319 491 ausus,
1351 440 1655 492 circumspecto
1683 436 1867 491 pruden-

262 515 415 557 tissimi
443 513 737 566 Redemptoris
772 510 929 552 iudicio
964 509 1226 550 obsecutus.“
1284 508 1400 558 Quae
1435 507 1592 549 talibus
1630 505 1868 548 rationibus

264 584 378 625 cedit
430 582 639 624 sententia
697 580 766 620 vix
814 578 966 619 nititur
1024 576 1157 617 firmis
1213 577 1483 630 argumentis.
1570 577 1710 630 Atque
1762 574 1869 615 haec

264 651 439 705 scriptio
502 649 689 704 Verqz'lius
741 647 1000 700 Wagnerum
1061 645 1185 686 docet
1227 645 1425 687 vocabuli
1470 645 1693 699 originem,
1750 658 1867 699 verqo

265 720 393 769 enim,
424 718 569 767 Werk‚
606 730 696 758 esse
727 729 873 758 vocem
903 715 1127 766 Celticam,
1162 717 1210 755 ut
1233 714 1458 767 Virgilium
1485 713 1644 755 dictum
1672 727 1762 755 esse
1791 712 1868 754 ho-

264 787 418 828 minem
446 786 652 828 rusticum
676 790 896 839 appareat.
913 784 952 837 3)
1011 784 1102 825 Iam
1134 783 1287 823 mirum
1317 796 1403 824 non
1427 786 1500 834 est,
1532 783 1567 824 si
1596 784 1725 824 etiam
1752 783 1868 823 Maro

263 859 328 897 est
356 855 562 897 Celticum
577 855 630 908 4).
658 879 715 885 —
743 854 892 907 Hagen
906 851 1020 894 Ihrb.
1038 853 1144 893 1867
1158 866 1197 905 p.
1215 854 1295 892 608
1324 864 1477 891 nomen
1496 851 1700 905 quilium
1723 854 1871 892 natum

264 938 354 966 esse
384 924 511 965 sumit
541 923 709 965 saeculo
734 936 862 971 nono,
906 925 948 964 et
982 921 1026 962 in
1066 920 1237 961 scholiis
1268 918 1550 961 Bernensibus
1572 919 1615 960 in
1645 920 1734 961 vita
1763 933 1872 973 quae

263 993 307 1033 in
343 993 396 1034 iis
434 992 594 1045 scripta
629 995 693 1034 est
726 991 880 1046 Virqilii
914 1003 1067 1031 nomen
1107 988 1257 1030 deduci
1301 992 1376 1030 aut
1417 1002 1443 1029 a
1477 990 1590 1044 vz'rqa
1627 991 1702 1029 aut
1740 1002 1766 1029 a
1792 1002 1872 1029 ver.

266 1061 434 1116 (Itaque
462 1064 644 1114 utraque
672 1060 885 1114 scriptura
909 1063 951 1100 et
977 1059 1020 1099 in
1045 1059 1063 1098 ί
1088 1061 1130 1098 et
1150 1057 1194 1098 in
1225 1073 1243 1098 e
1267 1061 1369 1099 nota
1394 1060 1488 1098 erat
1513 1057 1551 1097 ei
1579 1056 1652 1110 qui
1671 1056 1871 1111 scripsit.)

266 1129 383 1171 Idem
448 1143 577 1182 quum
638 1143 781 1170 verum
844 1141 998 1169 nomen
1052 1130 1163 1168 esset
1200 1125 1429 1179 Vergilius,
1488 1125 1657 1179 Virgilii
1719 1139 1874 1167 nomen

266 1201 415 1239 natum
444 1212 534 1239 esse
563 1196 667 1238 dicit
692 1211 717 1238 a
744 1197 956 1238 Parthenio
989 1195 1200 1245 Suetonii,
1240 1208 1457 1248 nunquam
1496 1197 1637 1236 autem
1666 1195 1873 1248 scriptum

267 1280 358 1308 esse
393 1281 507 1321 vet-90
537 1266 611 1308 sed
634 1267 756 1321 vz‘rqo.
802 1265 962 1307 Contra
999 1264 1128 1305 sentit
1166 1263 1330 1305 Ritschl
1365 1265 1476 1318 virqo
1506 1262 1561 1304 ab
1590 1263 1712 1305 initio
1744 1263 1875 1304 fuisse

266 1350 394 1390 verqo.
455 1335 535 1385 Qui
562 1349 691 1389 quum
721 1347 831 1375 anno
867 1336 973 1374 1868
1001 1333 1180 1373 miratus
1207 1335 1328 1383 esset,
1357 1331 1472 1386 quod
1496 1331 1720 1385 quisquam
1739 1331 1875 1373 nollet

266 1404 460 1457 accipere
503 1404 728 1458 Verqz‘lium,
778 1416 888 1444 anno
932 1403 1037 1442 1869
1073 1401 1117 1442 in
1156 1400 1376 1453 Philologo
1416 1415 1456 1454 p.
1492 1403 1567 1441 141
1605 1399 1732 1442 alius:
1785 1400 1874 1452 „Ob

266 1472 403 1527 Virgil
431 1472 533 1514 oder
564 1472 708 1525 Vergil
736 1471 892 1524 richtig
921 1470 1002 1521 sei,
1042 1469 1099 1511 ist
1135 1469 1361 1523 eigentlich
1389 1468 1500 1510 noch
1522 1468 1673 1511 immer
1695 1469 1874 1523 streitig,

269 1541 324 1582 ob
359 1541 469 1582 wohl
502 1540 608 1582 viele
643 1540 710 1581 die
744 1540 880 1593 Frage
934 1537 1002 1579 fiir
1045 1538 1315 1580 entschieden
1364 1536 1573 1579 erachten.
1633 1538 1748 1580 Ganz
1784 1553 1876 1580 ver-

268 1609 435 1663 geblich
474 1608 577 1650 aber
631 1607 754 1650 sucht
796 1622 895 1649 man
934 1606 1045 1649 nach
1085 1607 1299 1648 Auskunft
1342 1606 1447 1648 iiber
1487 1606 1564 1648 das
1609 1606 1876 1650 Vei-haltniss

267 1677 413 1719 beider
437 1679 619 1719 Formen
648 1691 699 1718 zu
726 1676 949 1718 einander:
975 1675 1061 1717 und
1090 1675 1199 1718 doch
1226 1676 1283 1716 ist
1309 1675 1376 1716 die
1402 1674 1536 1717 Sache
1563 1689 1668 1729 ganz
1696 1677 1875 1720 einfach.

268 1746 367 1788 Man
392 1746 546 1799 sprach
572 1745 658 1787 und
695 1745 861 1787 schrieb
898 1746 1066 1787 allezeit
1103 1746 1235 1799 virqa,
1273 1744 1449 1798 υίνφιῖα,
1485 1746 1716 1800 vz'rqullum,
1751 1748 1876 1802 vz‘ryo,

269 1814 403 1856 daher
431 1814 524 1856 sind
562 1814 673 1856 auch
713 1815 895 1870 Vz'rqilius
938 1814 1041 1855 oder
1078 1814 1279 1868 Virqz‘m'us
1315 1813 1378 1854 als
1420 1812 1487 1853 die
1521 1815 1877 1868 urspriinglichen

269 1883 448 1924 Formen
475 1897 525 1924 zu
549 1882 817 1924 betrachten:
851 1883 955 1924 aber
982 1881 1207 1935 friihzeitig
1232 1881 1455 1934 gelangten
1484 1881 1576 1923 hier
1602 1882 1669 1924 die
1698 1883 1879 1926 Formen

278 1952 466 2005 Veryz'lz‘us
496 1950 582 1991 und
606 1951 807 2006 Veryim‘us
835 1966 908 1992 zur
938 1951 1133 2003 Geltung‚
1171 1950 1263 1991 weil
1290 1964 1387 1991 man
1416 1964 1470 1991 an
1498 1949 1573 1991 der
1601 1950 1877 2007 dreimaligen

268 2019 600 2072 Wiederholung
639 2018 712 2060 des
738 2019 894 2061 Vocals
929 2019 944 2060 i
982 2020 1160 2060 Anstoss
1194 2018 1357 2059 nahm.“
1416 2018 1494 2059 Est
1528 2019 1660 2073 igitur
1695 2021 1878 2064 dissimi-

268 2088 385 2129 latio.
438 2087 495 2128 At
523 2087 566 2127 in
601 2100 701 2128 voce
732 2088 934 2128 dissimilis
966 2088 984 2128 i
1015 2087 1126 2128 redit
1174 2087 1345 2140 quater!
1402 2088 1554 2141 Itaque
1587 2088 1776 2131 videmus
1805 2103 1878 2132 eos

270 2157 343 2210 qui
376 2155 558 2209 probent
595 2156 779 2210 Veryz'lz'us
810 2156 986 2197 diversis
1016 2156 1152 2197 modis
1181 2156 1406 2198 defendere
1435 2160 1477 2199 et
1504 2157 1716 2210 explicare
1743 2173 1879 2213 neque

270 2229 431 2267 certum
456 2224 557 2278 quid
588 2238 713 2278 posse
743 2224 904 2266 afferre.

384 2295 473 2335 Iam
502 2307 600 2334 vero
627 2292 681 2334 ab
712 2293 1042 2335 auctoritatibus
1070 2296 1336 2334 transeamus
1365 2292 1421 2333 ad
1458 2293 1665 2345 rationes,
1718 2298 1761 2336 et
1792 2295 1878 2337 for-

269 2377 381 2404 mam
429 2363 633 2418 Veryz'lz'mn
667 2375 719 2402 ne
753 2361 914 2404 firmari
956 2362 1128 2415 quidem
1162 2375 1287 2416 posse
1330 2361 1456 2403 certis
1498 2362 1670 2416 scriptis
1706 2362 1878 2405 demon-

383 2548 418 2583 3]
446 2546 495 2577 Cf.
528 2545 641 2577 Gl'uck
673 2545 726 2577 die
758 2544 812 2576 bei
847 2545 881 2578 C.
913 2545 1027 2577 Julius
1052 2545 1175 2576 Caesar
1200 2544 1491 2577 vorkonnnenden
1523 2544 1711 2577 celtisehen
1735 2546 1876 2578 Namcn.

272 2602 445 2634 Miinchen
475 2603 570 2635 1857.

388 2660 419 2698 4)
446 2661 507 2698 „In
534 2659 781 2700 Erwiederung
805 2658 918 2691 seiner
944 2657 1022 2698 (Th.
1051 2659 1287 2696 Mommsens)
1312 2658 1435 2699 Frage,
1472 2667 1540 2690 was
1574 2657 1755 2700 cigentlich
1780 2659 1876 2691 Maro

271 2714 425 2750 bedeute‚
452 2715 517 2746 will
543 2715 597 2747 ich
618 2715 677 2747 ihn
703 2714 765 2747 auf
786 2714 996 2747 Diefenbach
1023 2715 1106 2747 Celt.
1134 2716 1159 2746 1.
1189 2715 1218 2747 6.
1243 2715 1284 2745 ‹5ss
1308 2715 1345 2746 N.
1366 2716 1407 2746 99
1432 2715 1616 2747 verwiesen
1642 2715 1765 2756 haben,
1790 2726 1877 2748 wor-

269 2781 331 2803 aus
356 2771 568 2804 mindostens
595 2773 648 2804 fiir
682 2776 816 2815 §patere
842 2772 958 2803 Zeiten
990 2771 1210 2812 hervorgeht‚
1251 2771 1329 2803 dass
1362 2770 1524 2804 darunter
1555 2772 1610 2804 ein
1633 2772 1877 2814 Alpenfiihrer

271 2827 473 2859 vei-standon
500 2828 658 2860 worden:
709 2829 763 2861 fiir
792 2829 857 2861 don
891 2831 1098 2861 Mantuancr
1129 2827 1236 2869 virgil
1273 2828 1325 2860 ein
1360 2827 1463 2859 leicht
1495 2828 1684 2870 moglicher
1712 2829 1876 2868 Zuname,

273 2884 314 2916 da
347 2883 433 2915 auch
467 2884 538 2915 sein
566 2886 702 2917 Fround
732 2886 861 2918 Plotius
894 2885 1110 2927 dergleichen
1146 2885 1247 2916 einen
1290 2883 1404 2916 f'uhrte
1432 2884 1653 2918 entsehieden
1692 2884 1875 2918 celtischen

273 2941 482 2982 Ursprungs,
512 2941 661 2973 n'a'mlich
686 2943 799 2976 Tucca
834 2943 853 2974 i.
883 2952 910 2974 e.
940 2943 1089 2974 Crassus
1115 2940 1136 2973 f.
1161 2940 1243 2973 Celt.
1257 2942 1301 2979 11,
1328 2942 1359 2980 2,
1388 2941 1492 2974 449.⁴‘
1536 2943 1615 2975 Pott
1637 2940 1716 2974 hall.
1747 2941 1877 2984 Litrztg

279 2998 372 3030 1547.
400 2998 439 3029 N.
468 2997 529 3028 145
556 3007 585 3038 μ.
611 2998 663 3029 22».
