2044 3329
219 116 245 141 Χ
891 115 1164 150 PRAEEATlo.

226 233 416 285 regulam
455 231 635 273 aliorum
681 245 771 272 csse
805 229 963 271 volunt.
1021 229 1071 270 In
1108 228 1294 271 carmine
1337 229 1469 283 igitur
1506 228 1627 284 epico
1666 227 1842 270 deorum

228 301 511 342 interventum
553 299 841 341 necessarium
885 311 975 339 esse
1010 296 1242 339 censebant
1281 301 1436 352 poetae
1477 297 1628 340 Graeci
1673 300 1717 338 et
1760 297 1842 338 Ro-

224 370 349 417 mani,
377 369 528 411 deinde
558 367 738 409 Romani
771 367 872 408 deos
897 365 993 407 illos
1022 379 1113 406 esse
1133 365 1374 408 credebant.
1433 366 1574 416 Quare
1599 364 1714 420 quod
1741 364 1842 407 deos

223 437 400 478 carmini
432 451 508 478 suo
537 436 742 489 Virgilius
769 434 974 485 intulerit,
999 433 1371 487 reprehendendus
1400 448 1484 476 non
1514 438 1595 486 est;
1622 433 1844 489 quaeritur

222 510 411 556 tuntum,
467 519 552 559 quo
590 505 633 545 id
666 504 814 545 fecerit
854 501 994 543 modo.
1054 501 1223 555 Virgilii
1274 505 1418 543 autem
1462 506 1655 556 tempore
1707 501 1842 544 multo

222 576 348 616 aliter
385 574 572 615 hominos
608 571 659 613 de
697 571 778 612 diis
816 569 1086 621 iudicabant,
1125 584 1252 624 quam
1286 574 1477 624 tempore
1508 570 1694 612 Homeri.
1751 570 1844 612 Iam

223 657 332 696 quae
359 646 450 683 tum
479 641 531 682 de
559 640 734 681 deorum
765 639 956 689 numine,
995 651 1104 690 quae
1134 638 1186 680 de
1216 638 1362 680 mundi
1395 638 1704 692 gubernatione
1729 641 1844 680 certe

222 712 276 753 ab
305 710 482 752 eruditis
510 709 676 750 credita
704 708 800 758 sint,
830 720 881 748 ex
904 707 1139 760 praeclaris
1167 707 1252 748 illis
1277 706 1329 749 de
1353 710 1507 748 natura
1521 707 1698 750 deorum
1720 705 1844 748 libris

224 779 524 831 intelligimus,
579 790 686 830 quos
715 776 887 830 scripsit
915 775 1074 817 Cicero.
1134 775 1336 829 Virgilius
1370 779 1514 816 autem
1547 776 1767 830 opiniones
1801 776 1845 816 et

223 848 287 889 sui
319 846 526 900 temporis
555 849 597 886 et
624 845 738 886 illius
769 844 884 898 quod
921 842 1189 885 describebat
1238 842 1406 884 fabulas
1440 847 1541 886 ante
1581 845 1717 886 multa
1752 857 1844 885 sae-

223 916 319 957 cula
345 919 461 957 ortas
492 918 535 956 et
565 913 921 967 philosophorum
949 912 1002 954 de
1033 911 1114 953 diis
1155 912 1389 953 sententias
1429 912 1686 966 coniungere
1719 911 1846 954 debe-

222 985 308 1026 bat.
368 984 518 1037 Itaque
547 982 721 1024 deorum
754 982 842 1023 fere
876 995 1041 1023 omnem
1081 980 1198 1022 tollit
1236 980 1532 1022 interventum.
1593 980 1849 1024 Consultant

223 1058 266 1094 et
291 1051 530 1093 deliberant
560 1050 612 1092 de
642 1051 859 1092 hominum
898 1049 1105 1091 felicitate
1145 1052 1188 1091 et
1221 1047 1470 1100 infortunio,
1515 1054 1558 1091 et
1588 1065 1639 1092 ex
1667 1048 1744 1091 illa
1773 1048 1845 1090 de-

221 1121 475 1162 liberatione
511 1134 621 1173 quae
657 1123 891 1173 sequuntur
926 1118 1116 1160 homines
1149 1119 1354 1169 sentiunt3
1407 1117 1564 1160 adsunt
1601 1117 1844 1160 hominibus

228 1194 271 1231 ct
299 1189 408 1230 vires
432 1188 697 1239 ministrant,
728 1187 803 1229 sed
837 1188 918 1238 ita,
948 1191 997 1228 ut
1022 1186 1076 1228 ab
1106 1187 1158 1228 iis
1186 1201 1271 1229 non
1299 1192 1610 1240 agnoscantur3
1650 1187 1686 1228 si
1710 1185 1845 1228 homi-

225 1257 352 1299 nibus
380 1261 613 1310 apparent,
641 1257 780 1298 aliena
810 1256 921 1297 facie
949 1255 1203 1307 induuntur,
1242 1259 1284 1297 et
1310 1254 1436 1296 modo
1463 1254 1714 1296 decedentes
1741 1267 1845 1296 suae

224 1325 460 1367 divinitatis
499 1324 673 1378 aliquod
705 1325 872 1378 signum
905 1323 1008 1365 dare
1043 1323 1196 1375 solent,
1243 1326 1292 1364 ut
1331 1336 1382 1364 ea
1413 1323 1456 1364 in
1486 1336 1533 1365 re
1563 1323 1769 1378 Virgilius
1802 1325 1846 1364 et

226 1395 468 1448 aequalium
497 1393 738 1446 opiniones,
774 1393 847 1446 qui
873 1393 1094 1446 auspicato
1123 1392 1264 1433 omnia
1291 1391 1567 1446 incipiebant,
1599 1395 1643 1433 et
1671 1390 1846 1432 humani

225 1464 356 1505 animi
382 1462 566 1504 indolem
591 1461 842 1514 respexerit,
887 1461 959 1514 qui
988 1459 1133 1502 subita
1164 1475 1210 1503 re
1248 1461 1311 1502 ita
1347 1463 1560 1512 movetur,
1598 1464 1648 1502 ut
1688 1460 1846 1501 mirum

225 1532 402 1586 aliquod
429 1535 471 1572 ct
499 1530 686 1571 divinum
715 1530 841 1571 facile
866 1533 1084 1581 agnoscat.
1146 1530 1285 1580 Quare
1325 1542 1455 1583 quum
1500 1528 1559 1570 dii
1602 1527 1846 1571 describan-

227 1606 308 1652 tur,
335 1600 483 1655 quales
513 1599 695 1641 Romani
721 1598 949 1649 habebant,
978 1611 1113 1651 eaque
1143 1597 1295 1649 facere,
1326 1611 1436 1651 quae
1464 1596 1605 1639 facere
1633 1597 1846 1652 putaban-

226 1674 317 1721 tur,
367 1684 452 1711 non
496 1682 547 1710 ea
596 1671 660 1709 est
703 1666 878 1708 deorum
922 1667 1146 1717 tractatio,
1195 1670 1244 1708 ut
1290 1666 1495 1720 Virgilius
1534 1680 1706 1708 carmen
1747 1666 1846 1720 igne

229 1739 401 1791 dignum
431 1736 590 1778 habere
621 1736 832 1790 potuerit-3
887 1734 961 1776 scd
996 1735 1068 1789 qui
1102 1749 1266 1777 summa
1302 1749 1404 1776 cura
1432 1750 1519 1777 non
1549 1739 1687 1777 totum
1717 1734 1845 1776 modo

227 1820 414 1857 carmen,
468 1804 546 1847 sed
585 1805 774 1858 singulos
815 1817 960 1845 versus
1000 1803 1244 1846 excoluerat
1283 1807 1324 1845 et
1361 1804 1621 1857 expoliverat
1642 1804 1695 1858 ⁷),
1718 1817 1847 1858 aegre

344 1981 381 2017 ⁷)
405 1979 563 2009 Donatus
591 1977 647 2008 vit.
672 1977 766 2017 Virg.
793 1977 855 2016 lx,
885 1977 944 2008 33:
996 1976 1138 2016 „Ouum
1168 1975 1342 2017 Georgica
1367 1975 1546 2015 scriberet,
1571 1975 1736 2008 traditur
1758 1986 1846 2017 quo-

227 2036 314 2068 tidie
340 2034 534 2066 meditatos
560 2043 665 2064 mane
682 2034 859 2075 plurimos
884 2043 1003 2064 versus
1029 2033 1166 2064 dictare
1190 2033 1333 2067 solitus,
1374 2043 1416 2064 ae
1441 2043 1507 2074 per
1534 2035 1649 2064 totum
1675 2032 1766 2064 diem
1789 2043 1845 2065 rc-

229 2092 421 2124 lructamlo
447 2091 495 2122 acl
517 2091 750 2132 paucissimos
774 2089 943 2131 redigere,
972 2101 1040 2121 non
1065 2089 1215 2121 absurde
1244 2100 1387 2121 carmen
1412 2100 1447 2121 se
1472 2100 1578 2121 ursae
1600 2100 1698 2121 more
1713 2099 1846 2131 parere

227 2151 344 2181 dicens
365 2152 401 2179 et
424 2147 606 2179 lambendo
628 2146 768 2177 demum
793 2147 972 2189 effingere.
1014 2166 1058 2170 —
1084 2149 1148 2189 qui
1174 2147 1257 2178 dum.
1283 2147 1469 2184 scriberet,
1495 2157 1536 2177 ne
1561 2146 1649 2187 quid
1672 2147 1846 2188 impetam

228 2208 452 2243 moraretur,
494 2203 668 2245 quaedam
695 2203 906 2244 imperfecta
931 2205 1096 2246 reliquit,
1138 2204 1214 2235 ulia
1242 2203 1427 2234 levissimis
1451 2203 1607 2235 versibus
1631 2203 1746 2234 veluti
1758 2203 1845 2244 sul—

224 2266 285 2303 sil,
315 2272 402 2304 quos
423 2271 488 2303 per
514 2262 630 2291 iocum
653 2270 719 2301 pro
748 2260 878 2302 tigillis
906 2261 957 2293 vel
984 2261 1190 2292 libieinibus
1214 2261 1396 2301 interponi
1421 2270 1441 2291 a
1468 2271 1504 2290 sc
1527 2259 1675 2297 dicebat,
1698 2259 1747 2290 ad
1767 2271 1845 2291 sus-

227 2319 410 2351 tinendam
437 2328 543 2358 opus,
578 2315 687 2348 donec
710 2317 847 2349 solidae
882 2318 1071 2349 columnae
1096 2317 1337 2349 advenirent.“
1384 2335 1427 2339 ——
1473 2315 1605 2347 Gellius
1636 2316 1750 2357 XVII,
1785 2317 1842 2349 10:

231 2378 348 2407 Amici
360 2374 648 2416 familiaresque
673 2374 708 2405 Ι).
734 2373 885 2415 sir-gilii
907 2376 941 2405 in
976 2375 1028 2405 ln's
1056 2386 1147 2417 quae
1178 2374 1218 2405 (le
1246 2375 1391 2415 ingenio
1423 2374 1649 2415 moribusque
1673 2375 1747 2405 eius
1775 2385 1844 2405 me—

228 2435 362 2465 moriae
391 2430 632 2470 tradiderunt,
659 2430 776 2462 dicere
803 2441 882 2462 cumv
906 2431 1054 2463 solitum
1069 2431 1224 2471 serunt,
1261 2440 1389 2472 parere
1412 2440 1447 2460 se
1469 2440 1589 2461 versus
1614 2440 1710 2462 more
1735 2433 1846 2473 atque

227 2493 302 2521 ritu
332 2490 475 2520 ursino.-
505 2497 659 2528 namque
684 2491 726 2518 ut
748 2488 814 2518 illa
842 2489 950 2520 bestia
964 2489 1118 2529 foedum
1151 2488 1270 2519 ederet
1292 2487 1556 2527 ineffigiatum,
1584 2486 1846 2530 informemque

229 2545 411 2576 lambendo
437 2544 474 2575 icl
493 2547 635 2585 postea,
676 2543 772 2585 quod
796 2546 849 2575 ita
875 2545 1058 2585 edidisset,
1099 2544 1346 2585 conformaret
1366 2546 1401 2574 et
1416 2544 1590 2584 fingeret,
1614 2544 1765 2585 proinde
1789 2546 1843 2576 in-

223 2604 322 2644 genii
346 2612 485 2642 quoque
508 2603 712 2643 suipartus
735 2604 890 2632 recentes
912 2601 998 2633 rudi
1029 2612 1100 2633 esse
1118 2600 1222 2641 faeie
1248 2603 1284 2631 et
1314 2600 1547 2641 imperfecta.-
1598 2600 1661 2632 sed
1682 2600 1844 2642 deinceps

229 2658 421 2690 tractando
455 2657 668 2699 colendoque
696 2656 841 2689 reddere
881 2659 924 2689 iis
956 2669 991 2689 se
1020 2660 1091 2690 oris
1121 2661 1156 2689 et
1188 2657 1312 2689 vultus
1341 2656 1566 2688 lineamenta.
1615 2657 1688 2689 Hoc
1723 2658 1843 2689 virum

229 2714 356 2746 iudicii
375 2714 602 2745 subtilissimi
624 2717 777 2756 ingenue
803 2717 912 2755 atque
936 2726 1014 2746 rere
1036 2715 1169 2746 dimisse
1192 2724 1247 2746 res
1272 2712 1443 2744 iudicium
1463 2712 1579 2753 J'aeit.
1626 2712 1721 2745 Nam
1751 2724 1845 2755 quae

229 2772 379 2812 reliquit
406 2770 568 2811 perfecta
601 2772 832 2813 expolitaque
869 2771 1064 2813 quibusque.
1095 2772 1264 2813 imposuit
1295 2776 1431 2800 census·
1455 2773 1565 2812 atque
1603 2770 1754 2802 dilectas
1784 2771 1844 2801 sui

226 2837 430 2869 supremam
452 2837 609 2865 manum,
634 2830 730 2859 omni
752 2828 914 2869 poeticae
937 2830 1138 2859 venustatis
1166 2827 1272 2859 laude
1288 2826 1447 2867 stowam,-
1495 2827 1556 2858 sed
1577 2836 1670 2868 quae
1690 2836 1841 2868 procra-

227 2886 366 2915 stinata
384 2886 468 2914 sun!
483 2883 525 2914 ab
544 2894 592 2921 co,
609 2887 742 2926 utpost
759 2887 1035 2923 recenserentur,
1065 2888 1097 2915 el
1114 2884 1255 2922 absolvi,
1279 2885 1450 2925 quoniam
1468 2894 1564 2915 mors
1573 2885 1838 2925 praeverterat,

230 2943 476 2982 nequiverunt,
503 2951 727 2982 nequaquam
750 2944 942 2982 poetarum
975 2940 1235 2981 elegantissimi
1257 2942 1398 2971 nomine
1426 2940 1536 2982 (ligna
1563 2942 1658 2971 sunt.
1716 2939 1843 2981 Itaque

229 3008 336 3039 quum
358 2998 476 3029 morbo
498 3008 684 3039 oppressas
704 2997 898 3029 aduentare
921 3000 1071 3028 mortem.
1098 2997 1240 3035 rideret,
1261 3000 1391 3039 petivit
1414 2998 1601 3038 oravitque
1617 3006 1638 3027 a
1659 2998 1736 3027 suis
1753 2997 1843 3027 ami-
