2023 3350
296 129 377 170 628

873 119 909 149 P.
937 116 1129 149 VIRGILH
1155 116 1362 150 MARONJS

295 237 417 290 Quod
458 235 592 276 venus
626 231 780 273 audaci
815 228 1037 284 Nymphae
1066 227 1290 281 indignata
1322 229 1462 275 licere,

297 293 485 338 Accessit
522 290 739 341 telumque
771 287 861 329 alta
897 286 952 327 ab
987 284 1131 327 radice
1166 285 1343 327 revellit.

298 351 381 393 Olli
413 347 629 396 sublimes,
674 345 805 386 armis
842 343 1079 396 animisque
1111 340 1272 394 refecti,

298 408 379 449 Hic
415 404 556 458 gladio
591 402 742 453 fidens,
778 401 848 443 hic
885 414 983 442 acer
1018 403 1061 441 et
1095 398 1254 440 arduus
1291 398 1431 451 hasta,

299 463 522 506 Adsistunt
555 463 705 502 contra
738 458 969 500 certamine
1010 455 1163 498 Martis
1199 454 1352 496 anheli.

1844 453 1925 492 790

412 519 614 560 Iunonem
654 517 819 558 interea
858 516 947 556 Rex
983 512 1286 566 omnipotentis
1327 512 1495 567 Olympi

300 576 562 629 Adloquitur
601 574 718 615 fulva
750 586 917 627 pugnas
955 571 1007 612 de
1041 571 1152 611 nube
1188 572 1396 610 tuentem:

302 635 419 686 Quae
450 633 536 674 iam
566 631 660 673 finis
696 631 798 682 erit,
838 629 1052 671 coniunx?
1095 625 1198 681 quid
1230 625 1412 680 denique
1449 628 1612 669 restat?

301 691 538 744 Indigetem
575 690 748 730 Aenean
785 687 867 729 scis
902 687 1000 740 ipsa
1036 688 1079 726 et
1117 684 1226 726 scire
1258 682 1407 725 fateris

303 748 461 791 Deberi
495 746 611 788 caelo
651 745 836 799 fatisque
872 744 928 786 ad
969 742 1111 785 sidera
1145 741 1252 782 tolli.

1846 738 1927 778 795

304 805 415 857 Quid
449 804 606 846 struis?
647 806 723 844 aut
762 816 847 856 qua
887 816 960 855 spe
999 799 1149 854 gelidis
1181 798 1226 839 in
1263 795 1446 838 nubibus
1481 796 1660 840 haeres?

305 861 509 905 Mortalin
542 860 684 902 decuit
721 859 872 901 violari
907 857 1078 899 volnere
1115 855 1287 897 divum?

306 922 393 962 Aut
429 932 570 961 ensem
598 943 653 949 ——
683 916 787 971 quid
823 916 935 958 enim
969 915 1059 956 sine
1093 917 1136 955 te
1167 912 1347 954 Iuturna
1381 909 1565 952 valeret?
1595 934 1652 940 --

306 978 513 1031 Ereptum
547 975 669 1017 reddi
700 974 861 1024 Turno,
903 976 945 1015 et
982 972 1067 1013 vim
1109 982 1300 1012 crescere
1333 967 1487 1009 victis?

308 1035 463 1077 Desine
501 1033 588 1074 iam
626 1032 800 1074 tandem
835 1030 1117 1084 precibusque
1150 1026 1365 1069 inflectere
1402 1024 1578 1076 nostris3

1849 1022 1931 1063 800

307 1093 396 1135 Nec
430 1095 472 1133 te
504 1093 650 1132 tantus
682 1089 783 1131 edat
821 1089 1000 1130 tacitam
1039 1086 1178 1137 dolor,
1217 1088 1259 1126 et
1294 1081 1400 1124 mihi
1434 1095 1560 1124 curae

357 1240 433 1271 788.
459 1239 567 1271 armis
603 1237 799 1280 animisque
844 1238 974 1277 refecti.
1021 1241 1101 1267 Nam

311 1293 442 1323 uterque
485 1287 597 1315 idoneo
644 1288 705 1315 telo
746 1286 918 1315 destitutus
958 1285 1102 1314 animum

312 1335 441 1368 deiecit;
474 1334 580 1361 Turno
606 1333 713 1361 deerat
735 1332 875 1368 gladius„
906 1339 967 1366 quo
991 1334 1103 1360 contra

314 1381 458 1409 Aeneam
481 1383 567 1407 stare
592 1382 711 1414 posset,
742 1378 874 1406 Aeneae
895 1380 1001 1413 hasta,
1040 1383 1105 1411 qua

314 1427 457 1454 Turnum
478 1424 652 1460 fugientem
677 1428 782 1458 posset
801 1423 963 1458 consequi.

361 1468 436 1498 789.
462 1467 517 1497 hic
538 1484 580 1489 ———
609 1466 662 1497 hic
689 1468 728 1497 cf.
755 1466 785 1503 9,
809 1466 886 1496 572.

361 1514 437 1543 790.
466 1511 658 1543 certamina
690 1515 790 1552 MPyc
820 1521 835 1541 r
875 1535 881 1541 .
922 1510 1005 1553 Wg.
1042 1509 1104 1540 Rb.

322 1558 381 1590 Fb.
409 1557 475 1599 Hp.
506 1556 567 1588 [Α.
601 1556 787 1587 certamine
817 1561 846 1588 b.
877 1558 957 1595 ..alii
995 1559 1106 1586 certa-

317 1604 409 1635 mine
439 1602 568 1641 legunt“
594 1606 625 1632 S.
658 1601 706 1632 ΡΙ.
732 1604 815 1633 00111.
845 1611 966 1632 cursus
997 1604 1107 1630 certa-

317 1650 409 1680 mine
455 1647 583 1679 anheli.
642 1646 841 1678 certamina
887 1657 941 1684 per
989 1650 1109 1676 contra

318 1702 422 1726 ortum
447 1696 583 1725 videtur.
630 1694 751 1723 Anheli
774 1698 849 1722 sunt
869 1693 983 1722 Martis
1005 1697 1108 1722 certa-

319 1743 423 1774 mine:
455 1742 521 1769 iam
546 1740 600 1768 diu
624 1740 709 1768 enim
734 1739 850 1768 acriter
877 1742 1108 1774 pugnaverant.

320 1788 374 1816 Sic
397 1783 516 1815 anheli
543 1787 636 1814 habet
662 1784 897 1813 nominativum
919 1784 1109 1819 Conington,

319 1833 378 1861 alii
404 1836 516 1861 contra
537 1831 733 1867 genitivum3
781 1830 862 1864 quod
894 1826 1011 1857 anheli
1034 1837 1110 1857 con-

321 1878 431 1907 venire
455 1884 519 1905 non
543 1880 652 1911 putant
678 1884 750 1905 eum
775 1872 913 1909 refecti:
960 1875 1015 1903 sed
1037 1878 1113 1903 sunt

320 1930 450 1959 corpore
473 1922 593 1958 anheli,
621 1922 730 1950 animo
756 1921 875 1950 refecti.

323 1998 525 2031 791-842.
571 1996 729 2039 Iuppiter
768 1996 923 2027 animum
964 1995 1112 2027 Iunonis

480 2042 618 2075 Aeneae
640 2041 806 2074 infestum
830 2040 952 2084 placat.

369 2099 445 2131 791.
479 2098 731 2141 Omnipotenlis
769 2097 906 2141 Olympi
937 2100 976 2130 cf.
1006 2099 1056 2137 10,
1086 2098 1112 2129 l.

369 2146 446 2177 793.
472 2155 561 2187 quae
575 2143 666 2186 finis
690 2146 729 2176 cf.
755 2144 785 2183 2,
810 2146 886 2175 554.

369 2192 446 2222 794.
477 2190 673 2233 indigetem
708 2193 854 2221 Aeneam
899 2192 932 2222 cs
967 2188 994 2225 1,
1035 2189 1110 2220 259.

325 2242 371 2270 De
396 2240 530 2272 ratione.
552 2245 616 2273 qua
639 2238 711 2273 quis
735 2240 861 2267 caelum
881 2238 996 2267 mereri
1020 2241 1113 2272 puta·

326 2289 418 2315 batur
441 2292 494 2320 ap.
520 2284 681 2320 antiquos,
719 2283 757 2312 cf.
783 2282 814 2320 6,
843 2282 915 2312 130.
964 2283 1024 2317 Qui
1049 2283 1113 2311 sint

326 2332 371 2360 dii
406 2331 562 2367 indigetes
591 2337 688 2364 quum
719 2329 867 2364 pluribus
895 2330 1113 2358 demonstrare

326 2381 461 2407 conatus
484 2379 569 2405 esset
595 2377 627 2403 S.
652 2377 731 2403 haec
754 2375 890 2403 addidit:
927 2376 1003 2412 „vel
1030 2378 1113 2404 certe

326 2423 482 2459 indigetes
506 2425 581 2449 sunt
611 2420 655 2448 dii
684 2429 725 2449 ex
757 2420 939 2449 hominibus
972 2420 1047 2449 facti
1072 2435 1110 2439 —

328 2468 424 2504 quasi
436 2468 470 2496 in
486 2466 549 2495 diis
565 2470 694 2502 agentes
715 2480 752 2485 —
773 2466 832 2494 alii
856 2468 895 2494 ab
911 2466 1113 2495 invocatione

328 2514 484 2550 indigetes
508 2512 609 2541 dictos
631 2512 752 2547 volunt,
775 2512 857 2546 quod
882 2508 1040 2552 indigeto
1065 2515 1115 2539 est

328 2567 437 2595 precor
460 2562 490 2587 et
507 2555 656 2586 invoco.“
696 2556 735 2586 cf.
758 2558 844 2586 Voss
869 2558 902 2585 G.
933 2554 959 2593 1,
995 2565 1021 2592 p.
1050 2554 1114 2584 206

328 2606 381 2640 qui
404 2607 567 2638 comparat
588 2610 700 2631 vocem
727 2599 927 2642 indigenae.

373 2648 449 2678 795.
477 2649 524 2678 Cf.
549 2650 585 2677 G.
611 2646 642 2683 4,
675 2645 739 2675 325
770 2644 863 2686 Quid
897 2654 950 2676 me
980 2644 1113 2676 caelum

330 2702 470 2736 sperare
494 2688 657 2722 iubebas?

375 2738 451 2768 796.
477 2735 620 2768 mortali
640 2740 775 2775 Mss.„a
797 2738 924 2766 mortali
942 2735 1066 2766 illato.“
1081 2740 1112 2766 S.

330 2786 378 2816 Cf.
405 2783 480 2813 74⁰.
534 2781 643 2813 Divus
665 2788 714 2812 est
734 2784 877 2819 Aeneas,
900 2784 955 2818 qui
982 2784 1016 2812 in
1039 2784 1115 2812 deos

330 2831 532 2866 recipiendus
550 2834 612 2864 est,
640 2837 733 2864 quem
750 2831 790 2858 ab
808 2829 935 2858 homine
948 2829 1116 2858 vulnerari

332 2885 393 2905 non
419 2876 533 2905 decuit.
567 2871 616 2903 Pl.
639 2875 718 2904 coni.
739 2871 839 2903 Hunc
864 2872 971 2904 talem
990 2871 1115 2904 decuit.

333 2922 418 2950 Satis
445 2921 582 2956 poetice!

377 2964 452 2994 799.
483 2964 538 2995 Gt.
561 2973 615 3001 pro
641 2967 795 3002 ereptum
819 2966 901 2994 coni.
921 2967 1117 3004 expertum;

339 3007 389 3039 Pl.
415 3012 494 3040 coni.
524 3007 674 3041 Restitui
695 3008 862 3050 patrium.
887 3024 925 3031 —-
954 3007 1056 3040 victis
1080 3011 1118 3039 de

1147 1238 1267 1274 plurali
1307 1236 1346 1266 cf.
1386 1237 1438 1265 Gr.
1478 1233 1553 1273 363,
1596 1232 1625 1264 4.
1661 1249 1698 1254 —
1723 1232 1815 1262 Victo
1854 1230 1938 1261 nihil

1148 1285 1274 1319 prodest
1309 1290 1452 1312 crescere
1483 1281 1569 1318 vim,
1600 1288 1698 1315 quum
1722 1278 1854 1308 vincere
1879 1286 1937 1307 ne-

1148 1334 1253 1364 queat.
1302 1343 1340 1348 —
1396 1325 1546 1366 Ereptus
1570 1327 1661 1355 ensis
1687 1328 1735 1354 est
1757 1323 1834 1361 fato,
1873 1330 1936 1359 quo

1148 1375 1353 1405 constitutum
1376 1377 1434 1410 est,
1457 1380 1497 1401 ne
1520 1373 1649 1401 Turnus
1673 1378 1749 1400 ense
1765 1369 1936 1405 vulcania,

1149 1429 1210 1455 quo
1241 1423 1397 1455 utebatur,
1435 1418 1542 1447 feriret
1573 1418 1731 1453 Aeneam,
1765 1415 1939 1445 Vulcaniis

1150 1467 1250 1495 armis
1277 1470 1401 1494 tectum.
1450 1465 1485 1492 Id
1511 1463 1663 1501 Iuppiter,
1702 1469 1799 1497 quum
1831 1460 1938 1490 omnia

1151 1520 1192 1540 ex
1218 1511 1281 1540 fato
1313 1510 1379 1539 fieri
1404 1509 1510 1545 sciret,
1550 1512 1635 1538 recte
1669 1511 1792 1543 poterat
1821 1507 1938 1543 dicere,

1151 1557 1213 1586 etsi
1258 1560 1331 1584 ante
1369 1559 1536 1583 narratum
1575 1558 1625 1583 est
1654 1554 1798 1582 Turnum
1831 1552 1940 1582 furore

1152 1607 1257 1631 actum
1284 1608 1394 1629 ensem
1427 1607 1522 1628 suum
1553 1599 1735 1634 reliquisse.
1784 1599 1845 1627 Sed
1869 1598 1940 1633 ipse

1153 1648 1210 1676 ille
1236 1647 1323 1675 furor
1349 1650 1416 1675 erat
1438 1654 1481 1674 ex
1504 1645 1580 1680 fato,
1604 1648 1687 1674 certe
1711 1648 1744 1673 ut
1764 1643 1831 1673 fata
1848 1644 1938 1673 viam

1153 1692 1343 1721 invenirent.
1393 1691 1446 1720 Sic
1476 1691 1622 1719 homines
1651 1697 1750 1725 saepe
1782 1690 1940 1726 nesciunt,

1154 1738 1229 1772 quid
1244 1737 1422 1766 struxerint
1439 1737 1494 1773 dii,
1516 1740 1544 1764 et
1563 1740 1668 1764 tamen
1682 1735 1747 1770 ipsi
1763 1735 1939 1772 conferunt,

1154 1787 1189 1812 ut
1229 1782 1279 1811 fiat
1306 1783 1388 1817 quod
1420 1782 1465 1810 dii
1489 1782 1612 1810 volunt.
1660 1781 1708 1811 Cf.
1737 1778 1764 1818 Ι,
1788 1779 1864 1810 535.
1909 1779 1940 1819 6,

1156 1826 1231 1856 348.

1200 1872 1278 1901 8110.
1302 1870 1486 1911 inflectere,
1507 1871 1647 1901 Medium
1669 1871 1708 1902 cf.
1736 1869 1767 1908 2,
1792 1868 1867 1901 707.

1203 1917 1279 1947 sut.
1305 1926 1364 1947 uec
1391 1916 1472 1947 edat
1497 1919 1530 1946 te
1553 1914 1666 1946 dolor.-
1688 1917 1814 1946 similia
1839 1916 1869 1954 4,
1888 1915 1942 1946 66.

1164 1962 1243 2001 Nec,
1263 1968 1293 1992 et
1316 1971 1426 2003 neque
1450 1964 1532 1998 quod
1555 1967 1585 1992 et
1596 1963 1786 1998 simpliciter
1803 1963 1944 1992 annectit

1157 2015 1189 2039 et
1216 2013 1319 2046 negat,
1353 2011 1461 2039 locum
1483 2016 1579 2044 posse
1601 2009 1743 2038 obtinere
1766 2009 1944 2044 particulae

1158 2064 1235 2091 neu,
1282 2062 1365 2084 neve
1385 2058 1479 2090 patet,
1522 2054 1579 2083 ubi
1603 2055 1669 2083 iam
1697 2061 1779 2089 quae
1801 2055 1836 2083 in
1858 2061 1944 2083 neve

1158 2101 1280 2130 accedit
1305 2100 1434 2134 optandi
1446 2100 1533 2129 notio
1555 2108 1596 2129 ex
1611 2100 1720 2128 verbis
1742 2100 1942 2129 aliiselucet.
1986 2127 1988 2129 ,

1159 2149 1205 2176 De
1230 2155 1267 2175 eo
1292 2154 1368 2181 usu,
1410 2146 1464 2180 qui
1488 2147 1541 2174 vel
1566 2146 1652 2180 apud
1676 2146 1862 2175 Ciceronem
1883 2149 1942 2183 est,

1157 2193 1314 2221 uberrime
1336 2191 1485 2226 exposuit
1513 2191 1616 2220 Hand.
1641 2191 1734 2219 Tui-s.
1759 2190 1789 2228 4,
1811 2199 1841 2226 p.
1866 2187 1942 2220 118.

1156 2239 1253 2273 Apud
1282 2238 1456 2273 Virgilium
1497 2245 1557 2265 nec
1587 2239 1636 2265 est
1672 2244 1727 2271 pro
1758 2244 1842 2265 neve
1869 2244 1943 2266 cum

1157 2284 1363 2313 coniunctivo
1388 2283 1530 2312 iunctum
1558 2286 1639 2317 post·
1659 2281 1885 2317 imperativum
1908 2283 1942 2311 in

1158 2330 1318 2358 sententia
1348 2328 1558 2365 affirmativa,
1598 2331 1632 2356 ut
1656 2329 1686 2356 11.
1711 2329 1733 2356 l.
1758 2330 1795 2357 Ε.
1818 2325 1850 2366 8,
1881 2326 1942 2356 1⁰2

1158 2377 1324 2414 transque
1348 2377 1452 2413 caput
1476 2371 1552 2402 iace
1576 2380 1637 2402 nec
1661 2370 1865 2413 respexeris.
1908 2375 1946 2402 G.

1158 2418 1188 2457 3,
1214 2418 1256 2448 96
1286 2417 1385 2448 lianc
1409 2415 1496 2447 abele
1520 2415 1618 2447 domo
1642 2425 1702 2447 nec
1724 2416 1820 2457 turpi
1843 2416 1945 2459 igno-

1159 2473 1212 2494 sce
1239 2466 1414 2498 senectae5
1454 2464 1551 2493 etiam
1587 2467 1658 2498 post
1693 2465 1944 2503 coniunctivum,

1157 2515 1190 2540 ut
1217 2508 1247 2547 4,
1273 2507 1348 2539 618.
1379 2507 1429 2545 11,
1452 2507 1528 2538 354.
1553 2511 1588 2538 Ε.
1615 2507 1647 2547 8,
1669 2507 1712 2537 89
1737 2506 1834 2539 Talis
1848 2517 1947 2540 amor·

1158 2558 1283 2590 teneat,
1307 2563 1367 2584 nec
1390 2552 1435 2584 sit
1453 2552 1536 2584 mihi
1552 2562 1636 2584 cura
1650 2551 1788 2584 mederi.
1816 2555 1946 2590 (ovidii

1158 2603 1308 2636 exempla
1332 2602 1384 2629 dat
1406 2601 1495 2630 Bach
1518 2602 1558 2629 ad
1579 2602 1652 2629 Met.
1677 2597 1696 2628 2
1722 2609 1751 2636 p.
1774 2597 1872 2637 549.)
1899 2616 1939 2621 -

1166 2643 1232 2676 Nec
1248 2646 1487 2676 coniunctivum
1505 2651 1561 2675 aut
1583 2645 1808 2680 imperativum
1826 2646 1943 2676 adiun-

1159 2692 1204 2729 git
1227 2693 1313 2721 alius
1337 2693 1462 2728 generis
1484 2691 1659 2728 enuntiato,
1690 2695 1725 2720 ut
1748 2690 1779 2729 3,
1803 2689 1878 2720 394.
1902 2693 1940 2721 Ε.

1159 2737 1190 2773 9,
1222 2736 1251 2766 6.
1291 2735 1340 2774 10,
1364 2735 1443 2770 46.3
1465 2739 1536 2767 Huc
1575 2736 1731 2766 referendi
1766 2741 1842 2766 sunt
1877 2737 1941 2767 loci

1162 2782 1215 2819 10,
1243 2780 1284 2811 32
1309 2787 1340 2811 et
1365 2784 1399 2811 G.
1427 2780 1457 2820 1,
1479 2781 1521 2811 36
1544 2790 1626 2812 nam
1651 2783 1684 2811 te
1714 2790 1774 2812 nec
1803 2784 1945 2822 sperant

1167 2825 1318 2858 Tartara
1340 2835 1471 2869 regem,
1503 2836 1564 2856 nec
1594 2824 1659 2856 tibi
1687 2824 1865 2868 regnandi
1888 2836 1945 2857 ve-

1161 2871 1239 2902 niat
1260 2875 1331 2902 tam
1354 2870 1433 2902 dira
1459 2869 1595 2912 cupido.
1641 2875 1749 2909 Neque
1779 2879 1820 2902 ea
1847 2873 1880 2901 in
1908 2882 1944 2903 re

1162 2920 1355 2948 haerendum
1390 2922 1450 2954 est,
1488 2918 1676 2954 praesertim
1714 2925 1811 2952 quum
1844 2919 1942 2948 etiam

1163 2971 1232 2992 non
1267 2972 1322 2999 pro
1353 2971 1397 2993 ne
1428 2964 1561 2993 dicatur.
1608 2963 1655 2993 Cf.
1680 2959 1733 2991 78.
1779 2964 1860 2993 Alia
1894 2969 1944 2994 est

1162 3010 1243 3039 ratio
1270 3007 1322 3048 11,
1345 3007 1387 3038 44
1418 3016 1461 3039 ne
1499 3016 1612 3050 regna
1652 3004 1786 3038 videres
1823 3011 1944 3040 nostra
