2023 3350
298 152 350 191 76

862 150 899 181 P.
925 149 1123 182 VIRGILII
1148 150 1354 184 MARONIS

295 262 536 305 Roboribus
576 262 703 304 textis
737 261 940 313 caeloque
980 259 1159 304 educere
1191 263 1327 316 iussit,

296 321 359 362 Ne
394 321 526 374 recipi
568 320 703 373 portis
743 321 819 359 aut
858 318 954 359 duci
996 319 1039 359 in
1076 321 1241 362 moenia
1271 324 1427 374 posset,

293 378 387 419 Neu
426 377 627 431 populum
665 376 844 429 antiqua
883 375 960 416 sub
1000 375 1206 429 religione
1244 379 1366 420 tueri.

292 435 424 485 Nam,
465 435 500 475 si
538 437 679 475 vestra
718 446 868 473 manus
903 432 1105 474 violasset
1143 433 1255 475 dona
1291 435 1519 486 Minervae,

293 492 399 532 Tum
438 505 636 544 magnum
676 490 852 531 exitium
888 515 945 519 ——
981 490 1095 543 quod
1135 490 1178 532 di
1215 492 1334 545 prius
1371 506 1495 534 omen
1533 491 1577 532 in
1615 490 1756 544 ipsum

1844 491 1923 531 190

295 548 576 590 Convertant!
614 573 667 577 ——
706 547 864 588 Priami
901 547 1079 601 imperio
1123 548 1448 602 Phrygibusque
1487 549 1689 590 futurum.

293 606 366 648 Sin
403 605 599 646 manibus
632 605 784 646 vestris
823 608 1008 646 vestram
1049 604 1340 648 adscendisset
1374 608 1417 648 in
1457 606 1618 658 urbem,

290 664 415 705 Ultro
451 662 597 703 Asiam
632 675 787 715 magno
821 662 1004 716 Pelopea
1038 662 1093 703 ad
1131 664 1299 705 moenia
1334 664 1448 705 bello

293 721 545 770 Venturam,
588 722 630 760 et
665 722 838 761 nostros
874 733 924 761 ea
959 720 1050 761 fata
1085 734 1255 763 manere
1291 724 1479 775 nepotes.

289 777 462 819 Talibus
498 776 662 818 insidiis
700 777 946 831 periurique
983 780 1076 818 arte
1114 778 1280 821 Sinonis

1840 777 1920 817 195

291 833 466 877 Credita
505 848 590 887 res,
635 835 836 888 captique
872 835 979 876 dolis
1017 835 1293 889 lacrimisque
1327 836 1498 887 coactis,

291 892 406 942 Quos
439 905 577 945 neque
607 892 807 946 Tydides,
851 906 928 934 nec
964 893 1212 935 Larissaeus
1246 894 1444 944 Achilles,

288 950 385 991 Non
423 950 522 991 anni
558 948 759 992 domuere
791 950 956 1002 decem,
998 964 1082 992 non
1119 951 1235 994 mille
1275 953 1457 994 carinae.

289 1112 348 1132 nos
375 1112 505 1132 versum
538 1104 578 1132 iri
609 1104 686 1132 deae
719 1103 872 1132 favorem.
921 1106 998 1133 Inde
1030 1104 1080 1132 in-

292 1149 445 1185 telligitur
470 1150 577 1186 etiam,
601 1158 658 1178 cur
681 1158 742 1177 non
769 1150 873 1184 ipsum
896 1150 1078 1185 reliquerint

287 1196 480 1224 Palladium.
534 1193 634 1223 Hanc
660 1204 690 1223 v.
722 1192 783 1223 183
811 1196 970 1230 excipitur
997 1200 1080 1224 recte

287 1249 343 1275 per
367 1237 456 1269 hanc
480 1244 594 1270 tamen
623 1238 835 1269 immensam.
858 1257 895 1260 —
917 1238 1082 1270 Attollere

286 1283 429 1319 molem‚·
449 1287 493 1315 ita
516 1283 675 1314 attollere
698 1294 808 1314 arcem
828 1287 944 1315 dicitur
961 1285 990 1323 3,
1008 1284 1080 1314 134.

288 1332 372 1360 Plin.
398 1334 433 1360 N.
452 1333 488 1360 H.
516 1330 567 1365 36,
595 1331 624 1367 5,
647 1330 704 1359 30:
737 1329 949 1360 Mausoleum
977 1330 1080 1361 attol-

286 1374 371 1406 litur
392 1374 427 1406 in
449 1374 668 1406 altitudinem
698 1374 830 1415 viginti
852 1375 1000 1416 quinque
1026 1386 1082 1405 cu-

287 1419 378 1451 bitis.
426 1425 495 1452 luv.
532 1420 588 1457 14,
612 1420 652 1450 95
685 1420 766 1451 dum
799 1420 938 1452 meliore
974 1432 1083 1452 novas

287 1466 421 1497 attollit
445 1476 614 1497 marmore
635 1465 751 1496 villas.

340 1511 410 1542 186.
442 1511 631 1542 Roboribus
656 1511 758 1543 testis
782 1514 947 1543 ablativus
964 1515 1081 1551 signat,

289 1566 353 1593 qua
386 1568 419 1587 re
450 1560 571 1594 aliquid
611 1560 762 1595 efficitur3
805 1567 879 1588 nam
914 1561 1081 1589 roboribus

288 1604 309 1632 i.
335 1614 361 1632 e.
393 1606 534 1634 trabibus
555 1606 651 1634 textis
683 1606 702 1633 i.
728 1615 753 1633 e.
784 1606 878 1634 nexis
904 1608 1004 1634 moles
1030 1610 1078 1634 at-

289 1650 425 1685 tollitur;
449 1651 487 1680 cf.
504 1650 533 1685 3,
554 1649 627 1679 134.
655 1667 691 1670 -
727 1648 830 1680 Caelo
854 1652 916 1680 dat.
941 1654 980 1680 ad
1004 1660 1076 1681 cae-

287 1697 355 1724 lum
384 1696 422 1724 cf.
449 1697 479 1732 5,
504 1694 579 1725 451.

337 1738 409 1769 187.
435 1744 550 1781 posset
575 1743 630 1781 Py.
670 1739 779 1781 possit
805 1743 872 1769 Fal.

336 1783 409 1815 ¹88.
436 1784 601 1826 antiqua,
639 1796 683 1816 sc.
710 1795 772 1822 qua
794 1788 977 1816 Palladium
999 1790 1077 1817 Tro-

288 1832 358 1860 iani
400 1834 579 1868 coluerant,
628 1841 709 1867 quae
751 1834 908 1861 Troianae
950 1834 1077 1868 pietatis

289 1879 544 1907 commemoratio
574 1888 591 1906 e
617 1879 803 1908 Calchantis
837 1880 939 1907 hostis
976 1885 1077 1908 niente

288 1923 388 1959 sacta,
431 1925 667 1958 animadverte,
708 1928 899 1959 quantopere
939 1927 1077 1954 mulcere

289 1970 429 1997 debuerit
455 1977 550 1998 aures
580 1970 788 1998 audientium.

334 2012 407 2043 189.
434 2012 597 2044 violasset
633 2016 671 2043 cf.
707 2014 758 2043 94.
798 2031 835 2034 -
883 2012 981 2044 Dona
1012 2013 1077 2044 Mi-

289 2067 416 2089 nervae
441 2061 478 2089 cf.
503 2059 555 2088 31.
586 2076 622 2079 —
652 2058 745 2089 (lona
774 2063 854 2095 plur.
883 2058 913 2091 Β,
937 2059 1011 2090 729.

336 2103 407 2134 190.
433 2114 515 2135 nam
550 2122 593 2125 »-
620 2105 795 2142 futurum.
848 2107 1031 2136 Infinitivus
1059 2116 1078 2136 a

287 2151 409 2179 dicendi
440 2153 549 2186 pendet
575 2153 714 2184 notione,
752 2160 833 2186 quae
867 2153 948 2181 inest
980 2156 1076 2182 verbo

286 2194 413 2225 iubere.
448 2197 493 2225 Cf.
517 2200 566 2226 Gr.
591 2199 612 2230 ἕ
639 2194 713 2233 428,
738 2195 765 2225 3.
794 2213 830 2216 —
863 2195 979 2237 Ipsum
1002 2200 1076 2228 Cal-

286 2245 433 2271 chantem
464 2243 525 2271 odit
551 2243 626 2271 sino
652 2246 689 2271 ob
715 2251 753 2271 ea
776 2250 857 2278 quae
880 2252 979 2279 supra
1002 2253 1076 2273 nar—

288 2289 382 2317 ravit.

334 2330 407 2362 193.
437 2331 568 2362 ..Asiam
616 2336 733 2363 Terrae
771 2344 883 2363 nomen
927 2336 1075 2371 positum,

285 2381 410 2414 quando
445 2388 523 2415 gens
563 2388 644 2414 (litae
681 2381 837 2409 inhabitat
877 2382 1076 2417 intelligitur,

283 2431 315 2453 ut
347 2423 376 2461 2,
401 2423 476 2453 5:33.
517 2423 573 2460 10,
599 2424 674 2454 365,
711 2423 763 2456 12.
790 2425 865 2454 2:32.
910 2428 944 2454 E.
974 2426 999 2458 1,
1023 2426 1074 2455 63.

287 2471 351 2499 Cic.
379 2472 474 2505 [regg.
501 2468 535 2506 2,
567 2469 596 2505 9,
626 2469 682 2498 21;
728 2469 871 2499 Etruria
900 2469 1076 2511 principes

283 2513 504 2555 disciplinam
538 2513 665 2545 (loreto.
712 2517 784 2545 Liv.
811 2517 841 2549 5.
869 2514 911 2544 34
948 2514 1075 2553 Celtae,

284 2570 373 2600 quac
397 2570 480 2599 pars
510 2558 651 2590 Galliae
677 2559 778 2590 tertia
806 2564 864 2590 est.
909 2564 943 2589 N.
964 2564 1033 2591 Dat.
1055 2561 1073 2590 4

288 2604 355 2642 Qui
373 2605 578 2636 Cataoniam
601 2606 747 2637 tenebat.
769 2616 857 2647 quae
877 2616 964 2644 gens
985 2605 1072 2637 iacet

285 2658 391 2689 supra
428 2649 597 2681 Ciliciam.
638 2653 675 2681 cf.
710 2655 760 2681 Gr.
793 2655 814 2686 ξ,
850 2651 929 2684 359,
966 2652 994 2680 3.
1032 2669 1068 2672 —

292 2692 438 2735 Pelopea
481 2698 501 2726 i.
546 2708 571 2726 e.
616 2699 744 2733 Pelopis
779 2699 921 2733 moenia,
978 2702 1072 2726 urbes

287 2742 447 2770 Graeciae.
499 2745 534 2771 Et
574 2746 631 2773 hoc
662 2745 851 2772 vaticinium
888 2749 990 2771 ratuni
1025 2749 1072 2772 ost

287 2785 423 2821 factum,
455 2788 512 2819 (cf.
543 2788 577 2825 6,
603 2788 666 2817 839
691 2790 758 2824 sq.)
790 2797 981 2824 quamquain
1014 2793 1071 2817 hoc

284 2832 353 2860 loco
376 2836 477 2860 mente
501 2835 642 2867 maligna
669 2837 834 2869 prolatum.

335 2874 405 2904 194.
437 2875 489 2905 Ea
511 2879 605 2914 sata,
628 2889 709 2914 quae
732 2879 785 2909 191
809 2881 958 2908 Troianis
980 2889 1071 2914 prav-

284 2922 440 2950 dicuntur.
470 2938 505 2941 -—
542 2921 682 2953 Manere
705 2923 852 2965 aliquem
880 2926 999 2959 aliquid
1025 2926 1072 2952 ‹li-

283 2967 382 3002 citur,
413 2969 492 3001 quoi!
522 2968 660 2998 futurum
685 2976 748 3007 ost,
781 2973 968 3003 crum-ten,
1006 2978 1072 2999 ina-

284 3012 371 3040 xime
403 3013 431 3041 si
461 3018 506 3041 est
541 3016 729 3046 adversum:
768 3018 814 3045 sic
847 3014 876 3050 7,
904 3014 978 3044 596.
1020 3016 1071 3049 10,

285 3054 359 3085 438.
410 3056 459 3092 12,
485 3056 537 3085 61.
589 3060 651 3087 cte.
682 3063 762 3089 Pnn.
799 3062 833 3089 2.
860 3062 887 3089 5.
944 3060 992 3091 13,
1019 3061 1071 3090 20.

1127 1105 1199 1133 Liv.
1235 1103 1293 1142 26,
1322 1103 1372 1134 13.
1418 1106 1511 1139 Prop.
1537 1101 1575 1138 2,
1602 1100 1662 1139 21,
1690 1100 1731 1129 58
1763 1098 1921 1141 Longius

1127 1152 1189 1178 aut
1217 1148 1362 1190 propius
1394 1158 1483 1178 mors
1511 1157 1576 1177 sua
1603 1155 1769 1187 quemque
1793 1148 1920 1175 manet.

1128 1197 1188 1223 Sed
1218 1197 1315 1225 etiam
1340 1198 1377 1225 de
1402 1199 1496 1224 rebus
1522 1194 1711 1223 laetioribus
1734 1196 1767 1221 ut
1791 1190 1822 1229 9,
1844 1189 1919 1220 299.

1128 1242 1201 1270 Hor.
1226 1244 1280 1277 Ep.
1313 1239 1362 1279 17,
1389 1241 1431 1269 36
1460 1238 1549 1281 quod
1575 1248 1627 1268 me
1651 1241 1766 1267 manet
1791 1235 1921 1278 stipen-

1128 1283 1235 1315 dium.

1178 1330 1248 1361 195.
1276 1335 1350 1361 arte
1373 1333 1410 1362 cf.
1442 1332 1467 1368 l,
1490 1329 1563 1360 657.

1177 1376 1251 1406 196.
1277 1376 1431 1407 lacrimis
1455 1375 1598 1413 coactis,
1631 1384 1693 1404 non
1718 1375 1836 1404 obortis
1864 1376 1919 1404 sed

1128 1432 1210 1459 quas
1235 1433 1347 1459 eogere
1370 1427 1547 1458 cogebatur.

1177 1467 1249 1498 197.
1281 1467 1487 1498 Larissaeus
1532 1476 1573 1505 „a
1613 1467 1798 1503 vicinitate,
1844 1473 1919 1495 nam

1128 1516 1264 1544 Phthius
1287 1514 1369 1544 fuit&
1396 1517 1426 1543 S.
1457 1516 1495 1544 ef.
1519 1512 1550 1551 7,
1574 1511 1626 1542 47.
1674 1513 1810 1542 Larissa
1834 1512 1919 1541 enim

1128 1562 1160 1589 in
1186 1562 1359 1590 Thessalia
1384 1561 1463 1597 sita,
1490 1561 1639 1595 (parebat
1666 1562 1772 1588 autem
1797 1558 1919 1593 Hippo-

1127 1609 1199 1635 thoo
1233 1608 1323 1636 Hom.
1358 1608 1394 1634 ll.
1429 1604 1464 1643 2,
1490 1605 1576 1641 841]
1618 1606 1650 1633 in
1691 1611 1756 1639 qua
1790 1604 1918 1642 Phthia,

1124 1653 1267 1681 Achillis
1288 1660 1428 1686 regnum.

1173 1696 1244 1726 198.
1284 1696 1351 1726 Non
1374 1713 1418 1716 —
1440 1706 1505 1725 non
1529 1705 1584 1731 pro
1609 1703 1718 1734 neque
1743 1710 1780 1714 —
1805 1702 1916 1735 neque

1124 1744 1272 1779 saepius-7,
1315 1744 1353 1772 cf.
1392 1745 1449 1772 Ov.
1476 1744 1547 1771 Her.
1571 1740 1606 1779 9,
1634 1739 1675 1768 25
1712 1737 1816 1777 Quem
1846 1748 1916 1769 non

1123 1786 1219 1818 mille
1239 1788 1361 1827 ferae,
1397 1796 1494 1828 quem
1519 1796 1585 1816 nou
1615 1783 1832 1815 Stheneleius
1857 1783 1918 1814 lio—

1124 1832 1206 1871 slis,
1251 1843 1319 1863 non
1352 1831 1465 1874 potuit
1500 1831 1584 1862 [uuo
1616 1829 1770 1869 vincere,
1808 1828 1916 1860 vincit

1124 1888 1232 1909 amor.
1283 1880 1434 1908 Variavit
1466 1884 1572 1908 autem
1595 1878 1668 1914 Vgl.
1703 1882 1774 1912 post
1805 1884 1916 1916 neque

1132 1941 1167 1944 —
1192 1934 1253 1954 nec
1282 1935 1336 1960 per
1363 1929 1421 1954 hoc
1446 1934 1536 1958 non‚·
1566 1925 1613 1953 sic
1639 1926 1673 1952 G.
1706 1921 1732 1959 1,
1761 1921 1824 1950 395
1863 1931 1915 1951 se-

1123 1976 1260 2006 quuntur
1283 1980 1391 2010 neque
1416 1987 1460 1990 —-«
1479 1978 1539 1998 nec
1563 1986 1605 1989 -—
1631 1977 1691 1997 nec
1714 1984 1759 1988 —
1776 1977 1843 1997 non
1870 1984 1915 1988 —

1122 2025 1202 2045 non.
1233 2033 1275 2035 —
1313 2014 1412 2045 ,wille
1443 2013 1586 2044 carinae
1613 2016 1764 2044 rotundus
1795 2015 1824 2043 is
1856 2023 1916 2042 nu-

1124 2071 1230 2091 nwrus
1270 2063 1402 2091 navium
1446 2062 1637 2096 saepissime
1678 2061 1827 2097 traditur,
1882 2063 1916 2088 ut

1124 2110 1228 2136 Plaut.
1254 2109 1370 2137 Bacch.
1399 2106 1427 2144 4,
1455 2106 1484 2143 9,
1511 2105 1540 2136 4.
1583 2108 1654 2135 Liv.
1683 2105 1735 2142 45,
1762 2103 1814 2135 27.
1855 2105 1913 2133 Sil.

1124 2152 1153 2190 3,
1182 2152 1256 2182 229.
1297 2156 1355 2183 ov.
1379 2156 1421 2182 M.
1451 2151 1502 2189 12,
1529 2150 1558 2181 7.
1592 2150 1644 2189 13,
1672 2150 1744 2180 182.
1793 2152 1828 2180 Si
1852 2159 1914 2179 nu—

1122 2208 1228 2228 meras
1259 2201 1342 2233 apud
1377 2201 1546 2227 Homerum
1576 2200 1613 2226 Il.
1647 2195 1683 2234 2,
1708 2194 1913 2233 494—762,

1124 2250 1197 2274 sunt
1240 2243 1334 2274 1186.
1404 2246 1491 2274 Haec
1528 2247 1567 2272 ab
1602 2244 1716 2272 Aenea
1751 2251 1823 2271 cum
1862 2243 1911 2270 in-

1123 2291 1305 2325 dignatione
1346 2292 1471 2325 prolata
1512 2293 1639 2318 movent
1672 2289 1911 2319 miserationem

1123 2337 1329 2365 audientium.
1378 2337 1420 2364 At
1450 2344 1511 2363 non
1541 2336 1632 2363 1110th
1657 2335 1819 2363 hominum
1845 2339 1912 2365 arte

1123 2383 1253 2410 Troiani
1280 2382 1496 2416 decipiuntur,
1531 2382 1611 2415 quod
1638 2384 1721 2408 esset
1747 2381 1909 2416 stolidum,

1123 2429 1178 2456 sed
1200 2428 1294 2456 etiam
1311 2429 1437 2455 tleoruni
1457 2427 1603 2460 auguriis
1627 2426 1789 2463 falluntur,
1813 2435 1910 2461 quum

1122 2475 1350 2507 Laocoontem,
1377 2472 1430 2506 qui
1454 2481 1570 2506 equum
1595 2472 1795 2508 violaverat,
1820 2473 1911 2501 vitle-

1122 2523 1190 2547 rcnt
1215 2526 1233 2547 a
1259 2519 1321 2546 diis
1345 2519 1581 2553 interemptum,
1608 2521 1639 2546 ut
1666 2517 1791 2552 opinari
1817 2519 1909 2547 debe-

1123 2568 1202 2598 rent,
1229 2565 1258 2592 'ul
1286 2565 1401 2592 sactum
1421 2572 1502 2601 osse,
1526 2564 1602 2598 quia
1622 2564 1677 2591 ille
1701 2571 1815 2597 equum
1838 2564 1909 2592 vio-

1120 2611 1274 2641 lavisset:
1316 2610 1409 2643 idque
1444 2610 1584 2638 maxime
1628 2609 1812 2637 miserabile
1850 2614 1908 2647 est,

1118 2657 1199 2691 quod
1224 2656 1256 2683 in
1283 2656 1454 2690 perniciem
1482 2656 1705 2689 protrutlnntur
1729 2654 1854 2689 pietate.

1222 2733 1282 2763 199
1292 2750 1334 2754 —
1343 2732 1417 2763 233.
1467 2732 1563 2763 Mors
1592 2731 1807 2762 Laocoontis.

1166 2793 1255 2819 Hanc
1282 2791 1470 2819 Laocoontis

1118 2846 1178 2871 quo
1200 2838 1272 2870 vgl.
1298 2839 1388 2865 modo
1414 2837 1478 2864 iam
1503 2836 1649 2864 narravit
1667 2836 1822 2864 Arctinus
1844 2837 1905 2864 Mi-

1118 2883 1237 2913 lesius,
1268 2875 1441 2920 μαθητὴς
1468 2873 1639 2919 Ὁμήρου.
1688 2881 1741 2909 Sic
1771 2881 1856 2910 enim
1885 2890 1906 2911 a

1120 2929 1218 2955 Sinda
1249 2931 1275 2955 et
1309 2929 1426 2955 'l'zetze
1458 2928 1654 2961 appellatum
1695 2934 1734 2966 a„
1746 2927 1904 2963 Dionysio

1119 2974 1369 3001 ilali‹·arnasseo
1415 2965 1660 3005 παλαιότατος
1707 2966 1758 3000 ὠν
1803 2963 1906 3010 ἡμεῖς

1120 3013 1219 3055 ἴσμεν
1254 3012 1406 3056 ποιητὴς
1441 3010 1626 3054 Ἀρκτῖνος.
1674 3032 1710 3036 ἐ
1752 3018 1803 3045 Ad
1838 3026 1904 3047 rem

1119 3064 1224 3091 confer
1249 3066 1346 3092 verba
1374 3062 1497 3091 servii:
1525 3062 1585 3098 „Ut
1613 3063 1794 3097 Euphorion
1819 3063 1903 3099 dicit,

1505 2791 1672 2819 historiam
1703 2791 1811 2818 eodem
1843 2791 1906 2820 sere
