2023 3350
728 72 964 107 AENElDOS
989 75 1074 108 LIB.
1100 75 1144 108 X.
1666 80 1689 117 5

1696 79 1718 117 10

1725 80 1747 117 ἱ]

105 193 330 248 Dependet
367 191 509 245 galea,
548 191 591 230 et
627 190 755 241 prato
796 188 944 241 gravia
979 202 1101 230 arma
1138 188 1373 243 quiescunt.

108 253 235 294 Stant
268 250 367 292 lecti
407 249 567 290 circum
604 246 798 297 iuvenes;
836 247 928 300 ipse
970 260 1116 300 aeger,
1152 247 1359 288 anhelans

108 310 228 352 Colla
267 309 402 358 fovet,
440 305 558 346 fusus
594 317 833 357 propexam
874 305 918 346 in
956 309 1132 358 pectore
1172 304 1375 358 barbam3

107 368 246 409 Multa
278 378 405 418 super
434 363 573 404 Lauso
611 362 790 414 rogitat⁷
835 362 1104 417 multumque
1143 363 1342 415 remittit,

106 425 188 476 Qui
224 424 421 465 revocent
457 420 696 473 maestique
738 419 881 461 ferant
921 421 1128 462 mandata
1165 423 1369 474 parentis.

106 485 163 524 At
196 482 381 523 Lausum
416 478 520 519 socii
560 477 799 519 exanimem
836 492 964 532 super
1005 493 1128 520 arma
1170 478 1374 521 ferebant

106 540 294 588 Flentes,
329 537 546 589 ingentem
583 539 713 589 atque
750 536 915 589 ingenti
954 537 1127 578 volnere
1161 537 1337 578 victum.

106 595 320 650 Adgnovit
354 593 481 647 longe
519 594 724 647 gemitum
759 608 972 648 praesaga
1007 595 1111 636 mali
1143 608 1274 635 mens.

107 653 312 698 Canitiem
346 652 480 693 multo
518 650 733 692 deformat
768 652 964 705 pulvere,
1004 656 1046 694 et
1079 652 1229 694 ambas

104 712 170 754 Ad
206 710 371 751 caelum
411 709 551 751 tendit
586 709 771 763 palmas,
812 714 854 751 et
893 724 1077 764 corpore
1109 710 1316 752 inhaeret.

102 770 293 811 Tantane
327 781 394 809 me
431 768 570 809 tenuit
608 768 793 819 vivendi,
835 772 952 817 nate,
993 769 1216 822 voluptas,

103 827 161 869 Ut
194 840 272 880 pro
312 839 380 866 me
414 825 564 867 hostili
603 829 778 878 paterer
819 826 1047 868 succedere
1089 827 1286 877 dextrae,

102 885 237 935 Quem
273 883 400 937 genui
412 883 431 923 ἶ)

101 942 242 984 Morte
279 945 356 983 tua
391 941 536 983 vivens
549 942 568 982 ἶ)

104 1000 300 1042 Exitium
334 999 504 1041 infelix!
544 1014 655 1041 nunc
692 1000 779 1041 alte
814 1000 965 1041 volnus
1005 1000 1228 1042 adactum!

103 1058 225 1101 Idem
267 1071 365 1111 ego,
408 1061 527 1109 nate,
572 1062 695 1099 tuum
733 1058 948 1099 maculavi
989 1059 1166 1100 crimine
1205 1072 1378 1109 nomen,

101 1116 254 1158 Pulsus
290 1115 344 1157 ob
380 1115 586 1156 invidiam
620 1115 727 1157 solio
769 1117 1036 1170 sceptrisque
1072 1116 1266 1170 paternis

103 1174 347 1216 Debueram
382 1174 551 1227 patriae
585 1187 748 1228 poenas
785 1174 980 1228 odiisque
1016 1188 1233 1216 meorum:

103 1232 259 1274 Omnes
298 1246 376 1286 per
416 1235 577 1273 mortes
612 1232 799 1273 animam
836 1236 1003 1274 sontem
1042 1233 1135 1286 ipse
1175 1231 1401 1274 dedissem.

146 1361 225 1392 836.
249 1362 402 1391 Loricam
427 1366 456 1391 el
488 1367 619 1391 scutum
649 1362 682 1391 in
718 1367 810 1397 prato
848 1364 906 1391 de·

102 1410 214 1446 ponit,
258 1410 389 1443 galeam
420 1409 595 1443 suspendit
627 1409 659 1437 in
682 1411 811 1437 arbore.

101 1453 235 1497 gravia
263 1460 294 1483 ul
311 1455 371 1483 viri
395 1455 504 1489 magni
520 1459 550 1483 et
574 1455 710 1483 robusti.
737 1470 780 1475 —
800 1452 905 1492 Quie-

102 1503 222 1538 scunt,
272 1501 369 1535 quasi
397 1506 428 1529 et
461 1502 535 1535 ipsa
566 1503 713 1529 laborem
750 1502 822 1529 elus
850 1501 905 1535 qui

659 1544 715 1575 die
761 1544 904 1586 lVaffen

101 1548 163 1577 fert
202 1547 392 1576 senserint:
443 1547 613 1576 Germani:

102 1590 222 1623 when.

148 1637 228 1668 838.
250 1635 342 1667 colla
358 1637 477 1676 fovet:
505 1639 699 1674 „sustinens
718 1647 757 1667 se
776 1638 905 1666 arboris

102 1683 242 1715 ῑιίιηειοιι
267 1687 300 1714 S.
326 1700 364 1704 —
395 1682 599 1723 inpectore:
624 1686 728 1713 maior
752 1685 795 1713 ila
826 1692 906 1712 esse

102 1733 220 1762 dicitur
245 1733 366 1769 barba,
409 1738 506 1766 quam
533 1731 562 1759 si
597 1735 690 1760 esset
715 1728 749 1760 in
775 1733 908 1768 pectus.

106 1776 177 1808 Μυ.
203 1777 327 1806 rectius
362 1781 453 1811 putat
488 1784 585 1813 esse,
628 1775 663 1805 in
698 1778 841 1815 pectora
874 1776 909 1804 ut

103 1825 165 1852 Ov.
191 1826 280 1852 Fast.
305 1819 343 1858 1,
366 1821 434 1850 ⁵259
463 1829 654 1860 propexam
687 1819 734 1851 ad
766 1823 909 1859 pectora

104 1866 249 1898 barbam
287 1868 384 1904 dixit,
428 1868 486 1896 Sil.
534 1865 593 1904 13,
643 1866 712 1897 310
743 1864 908 1905 propexis

105 1913 142 1944 in
164 1916 306 1953 pectora
339 1910 466 1942 barbis.

149 1960 228 1989 839.
253 1955 606 1998 multnmmplnylcl
625 1955 753 1988 multos
767 1956 909 1997 2'2b‘2c2.

105 2007 231 2036 Minore
255 2005 352 2040 igitur
378 2005 440 2034 fide
471 2009 536 2034 est.
582 2004 769 2033 Mezenlius
795 2012 815 2032 a
842 2004 906 2032 filio

104 2053 219 2082 mortis
236 2052 382 2087 periculo
394 2056 563 2087 servulus,
576 2058 662 2085 quae
677 2058 751 2079 eum
763 2050 906 2078 circum-

105 2104 192 2128 slenl
222 2098 337 2127 morlis
370 2098 518 2133 pericula
551 2097 690 2131 cogitem
742 2101 772 2124 et
808 2104 907 2131 quum

105 2147 264 2174 absentes
289 2145 389 2172 mullo
413 2144 520 2179 magis
546 2144 675 2171 soleant
709 2142 820 2170 timere
849 2145 909 2171 lio-

105 2191 229 2226 mines,
272 2194 365 2225 paler
405 2189 505 2218 filium
547 2196 565 2217 e
603 2189 729 2223 proelio
763 2196 909 2217 avocare

106 2237 228 2272 studet,
253 2235 334 2264 nihil
356 2235 421 2263 iam
445 2242 570 2263 memor
588 2235 696 2263 laudis
717 2239 747 2262 et
773 2235 911 2272 gloriae,

106 2283 136 2312 si
159 2283 254 2311 modo
280 2281 342 2310 sibi
367 2281 555 2310 servaverit
580 2280 689 2309 filium.
736 2283 808 2310 Non
834 2286 913 2316 pulo

106 2331 190 2357 haec
213 2329 300 2356 male
329 2331 360 2355 et
395 2332 509 2356 conlra
541 2330 718 2355 humanam
757 2334 907 2356 naturam

107 2381 186 2403 esse
211 2373 407 2410 composita,
436 2378 468 2402 ut
493 2373 701 2410 Mezentius,
738 2374 789 2402 vir
814 2374 907 2402 sortis

108 2420 142 2448 et
161 2419 361 2456 intrepidus,
405 2424 514 2448 tamen
542 2421 680 2448 vulnere
719 2420 908 2448 debilitatus

108 2467 217 2495 timeat
243 2473 301 2500 pro
327 2465 391 2494 filio
421 2466 529 2494 unico.

108 2519 174 2551 que
198 2525 241 2532 -—
263 2508 433 2549 parentis

152 2553 231 2585 841.
256 2564 360 2596 super
384 2565 485 2586 arma
506 2557 648 2592 clipeum
671 2556 714 2585 cf.
741 2565 775 2586 v.
799 2556 877 2586 506.

583 2462 635 2494 Pl.
654 2467 717 2494 del.
740 2464 909 2495 multum-

153 2612 230 2642 842.
255 2616 344 2643 Inest
368 2614 400 2643 in
424 2622 526 2644 versu
549 2615 624 2650 ipso
652 2615 790 2644 tarditas
817 2615 910 2643 ince-

107 2660 262 2689 dentium.
309 2661 397 2688 [dem
425 2668 531 2696 paene
556 2668 588 2690 v.
615 2657 668 2697 12,
693 2659 771 2689 640.

150 2715 232 2746 844.
260 2714 425 2747 canitiem
461 2715 639 2756 deformat
675 2714 822 2758 pulvere
867 2716 909 2745 cf.

115 2763 166 2802 12,
192 2760 271 2792 611.

149 2808 229 2839 845.
257 2810 439 2844 Utrumque
465 2809 551 2843 quod
574 2809 690 2839 dicitur
711 2812 742 2840 b.
759 2817 792 2837 v.
819 2810 911 2838 cele-

107 2855 184 2885 riter
209 2863 308 2884 unum
333 2857 473 2884 alterum
496 2858 648 2884 secutum
675 2860 737 2893 est,
760 2863 847 2884 nunc
868 2855 911 2883 ad

108 2904 238 2930 caelum
259 2901 359 2930 tendit
383 2908 514 2937 manus,
540 2909 628 2930 nunc
653 2907 779 2930 mortuo
795 2901 909 2937 inficit,

108 2951 139 2976 et
175 2948 224 2977 sic
248 2948 355 2977 iterat.
407 2948 442 2975 Id
487 2947 592 2976 voluit
631 2947 777 2976 indicare
802 2951 910 2983 poeta,

109 3001 207 3028 quum
232 2995 368 3023 diversa
395 3001 454 3029 per
479 2995 511 3023 et
536 2993 732 3029 particulam
759 2993 910 3029 proxime

1667 424 1751 463 840

1668 714 1751 752 845

492 883 636 924 Tuane
672 883 778 924 haec
819 885 988 937 genitor
1018 898 1096 939 per
1139 884 1316 926 volnera
1353 897 1517 935 servor,

629 941 743 992 Heu,
783 956 895 983 nunc
932 943 1088 984 misero
1129 942 1233 983 mihi
1273 942 1444 983 demum

1671 1002 1753 1039 850

953 1367 1178 1398 componeret.
1227 1362 1339 1390 Simile
1360 1360 1401 1396 9,
1426 1359 1505 1388 250.
1550 1375 1586 1379 —
1616 1368 1757 1400 corpore

953 1406 1123 1438 inhaeret.
1173 1409 1222 1438 Cf.
1249 1416 1280 1436 v.
1308 1405 1388 1435 361.

996 1465 1076 1495 850.
1102 1463 1246 1495 exitium
1265 1466 1336 1493 MR.
1357 1469 1387 1492 el
1423 1463 1491 1491 fere
1511 1470 1637 1491 omnes.
1664 1465 1758 1491 Nunc

952 1514 1082 1541 tandem
1110 1520 1216 1540 meum
1242 1511 1453 1539 infortunium
1476 1509 1552 1537 milii
1577 1509 1641 1543 ipsi
1669 1509 1756 1536 infe-

952 1558 1044 1587 lixi.
1082 1567 1110 1587 e.
1147 1558 1358 1586 inforlunium
1403 1557 1510 1584 visum
1546 1560 1607 1583 est.
1654 1557 1700 1583 lla
1728 1555 1757 1591 ἵ,

956 1604 1033 1635 122).
1082 1602 1223 1633 erilium
1253 1612 1292 1643 γε
1334 1603 1483 1638 probavit
1517 1599 1586 1637 Ge..
1625 1603 1758 1635 probam

955 1653 1086 1687 praebet
1114 1651 1328 1679 sementiam:
1366 1653 1458 1679 Nunc
1483 1651 1630 1683 demum,
1660 1655 1758 1682 quum

955 1704 985 1726 le
1012 1698 1195 1734 amiserim,
1239 1704 1290 1724 me
1324 1696 1429 1731 patria
1467 1695 1645 1729 expulsum
1679 1702 1758 1722 esse

956 1750 1055 1778 aegre
1080 1743 1164 1777 fer03
1193 1742 1273 1770 nihil
1300 1742 1384 1770 enim
1406 1742 1470 1769 iam
1489 1744 1603 1776 restat,
1629 1747 1692 1774 quo
1708 1747 1758 1767 me

956 1791 1123 1817 consoler.
1166 1789 1229 1816 Sed
1250 1789 1359 1822 ipsum
1378 1784 1538 1816 exsilium
1552 1785 1760 1820 inlerprelari

955 1835 1084 1862 videtur
1106 1842 1223 1862 vocem
1251 1831 1407 1862 exitium.
1443 1848 1480 1851 —
1514 1840 1607 1861 nunc
1632 1828 1704 1859 alte
1730 1840 1758 1859 υ.

956 1878 1135 1917 adactum,
1157 1888 1221 1908 non
1242 1886 1334 1915 anie,
1359 1886 1458 1914 quum
1482 1886 1532 1906 me
1556 1879 1760 1906 vulnerabas

956 1926 1035 1954 785.
1078 1928 1116 1954 El
1156 1927 1279 1954 vulnus
1322 1927 1361 1953 de
1404 1926 1467 1953 hoc
1513 1925 1627 1952 dolore
1661 1923 1759 1952 eliam

955 1972 1033 2001 alibi
1072 1972 1198 2000 dicilur.
1247 1971 1296 2001 cf.
1334 1974 1414 2006 Nep.
1455 1971 1517 1999 Dio
1557 1967 1576 1997 6
1618 1966 1761 2009 Accepit

953 2025 1084 2056 parens
1109 2014 1363 2058 gravissimum
1389 2019 1499 2046 morte
1517 2013 1595 2055 filii
1618 2013 1761 2044 vulnus.

954 2067 1031 2093 Sen.
1059 2065 1159 2093 Cons.
1186 2065 1228 2092 ad
1256 2065 1352 2092 Helv.
1376 2061 1396 2091 3
1426 2059 1683 2091 Gravissimum
1711 2064 1761 2090 esc

955 2118 996 2139 es
1030 2108 1207 2147 omnibus,
1245 2117 1335 2149 quae
1371 2117 1528 2148 uuquam
1560 2105 1595 2137 in
1635 2115 1761 2147 corpus

953 2158 1051 2185 tuum
1079 2152 1348 2188 descenderunt,
1390 2163 1509 2184 recens
1540 2151 1680 2183 vulnus.
1717 2169 1762 2174 -

957 2199 1030 2231 alte
1056 2199 1224 2230 adactum
1250 2201 1291 2230 cf.
1315 2203 1375 2229 ov.
1397 2203 1438 2229 Μ.
1463 2201 1494 2237 6,
1512 2199 1580 2230 266
1594 2209 1664 2229 non
1690 2202 1762 2228 alte

955 2255 1121 2287 percusso
1147 2244 1248 2276 corde
1281 2245 1430 2287 sagitta.
1479 2249 1511 2275 {s
1544 2250 1595 2275 est
1625 2249 1762 2275 senlen-

959 2294 1074 2322 liarum
1101 2294 1199 2322 ordo:
1248 2296 1339 2322 Nunc
1371 2294 1500 2321 demum
1532 2293 1595 2320 filio
1634 2292 1760 2320 amisso

955 2340 1093 2368 exil’lum
1117 2340 1195 2368 mihi
1219 2341 1371 2368 adactum
1398 2343 1466 2372 est;
1516 2346 1578 2373 ego
1602 2346 1674 2366 meo
1697 2338 1763 2365 cri-

955 2386 1042 2414 mine
1069 2385 1166 2414 etiam
1191 2389 1281 2414 luum
1306 2393 1424 2414 nomen
1449 2385 1628 2420 maculavi,
1662 2385 1762 2418 teque

956 2432 1058 2460 etiam
1102 2439 1204 2466 regno
1251 2432 1358 2460 debilo
1402 2431 1542 2466 privavi.
1600 2430 1761 2464 Equidem

956 2485 1085 2513 poenas
1112 2477 1226 2513 merui,
1254 2484 1338 2512 quas
1365 2478 1401 2505 ut
1419 2478 1586 2506 dedissem
1599 2476 1761 2505 crudelis-

956 2524 1080 2559 simas;
1104 2532 1190 2552 nune
1208 2525 1242 2552 tu
1263 2532 1321 2560 pro
1344 2532 1394 2552 me
1419 2523 1512 2552 luisti
1534 2524 1568 2551 et
1593 2530 1654 2557 ego
1670 2522 1761 2557 vivo,

958 2571 1018 2599 sed
1048 2570 1179 2598 moriar.
1227 2585 1272 2589 —
1318 2571 1354 2598 In
1395 2571 1500 2598 morte
1541 2569 1673 2603 cognati
1709 2569 1762 2595 vel

958 2616 1054 2645 amici
1080 2616 1261 2651 repetimus
1287 2616 1396 2651 facile,
1423 2623 1506 2650 quae
1523 2615 1590 2650 ipsi
1611 2614 1762 2649 fecimus.

958 2662 1076 2697 quibus
1109 2662 1195 2690 vilae
1229 2663 1349 2697 gaudia
1378 2662 1407 2690 ei
1441 2661 1656 2690 turbavimus.
1708 2658 1762 2688 lta

959 2716 997 2737 se
1037 2712 1171 2743 propter
1205 2708 1353 2742 queritur
1383 2707 1572 2736 Mezentius
1614 2708 1761 2736 Lausum

958 2754 1067 2789 patria
1095 2753 1257 2790 caruisse,
1283 2761 1381 2788 quum
1405 2754 1478 2789 ipse
1510 2761 1567 2788 pro
1593 2761 1633 2781 eo
1652 2753 1763 2781 omnia

957 2802 1046 2828 mala
1066 2799 1152 2828 ferre
1176 2800 1358 2828 debuisset.
1382 2815 1427 2819 —
1453 2796 1540 2829 solio
1567 2798 1608 2827 cf.
1625 2798 1665 2834 S,
1684 2797 1762 2827 541.

1002 2854 1080 2884 354.
1105 2853 1278 2885 dedissem
1303 2857 1451 2891 optantis
1477 2858 1531 2885 est
1561 2856 1601 2885 cf.
1627 2854 1659 2893 4,
1684 2855 1764 2884 678.

956 2916 1000 2921 —
1024 2909 1141 2931 omnes
1162 2910 1226 2942 per
1250 2904 1378 2932 mortes
1404 2910 1487 2940 „per
1512 2903 1620 2931 omnia
1646 2902 1764 2931 mortis

957 2946 1114 2982 genera.‘'·
1142 2951 1175 2976 S.
1202 2947 1243 2976 cf.
1268 2948 1307 2984 5.
1339 2947 1417 2977 359.
1466 2950 1527 2977 ov.
1556 2951 1590 2977 F.
1618 2947 1656 2985 5,
1683 2947 1760 2977 469.

957 2991 1116 3023 animam
1141 3001 1205 3034 per
1228 2991 1379 3024 vulnera
1402 2992 1550 3028 reddasz
1589 2996 1666 3023 Sen.
1690 2995 1763 3024 oct.
