2023 3350
685 133 920 166 AENEIDOS
946 135 1031 168 LlB.
1061 135 1118 166 xl.

83 252 260 303 Qualem
292 249 482 304 virgineo
522 247 767 289 demessum
805 248 960 301 pollice
1001 247 1149 289 florem

83 311 165 352 Seu
202 308 343 350 mollis
379 305 536 357 violae,
574 319 648 347 seu
690 305 933 359 languentis
971 305 1204 360 hyacinthi,

84 367 161 410 Cui
194 379 330 419 neque
366 364 509 417 fulgor
543 363 706 415 adhue,
740 378 817 405 nec
851 363 953 405 dum
987 378 1066 405 sua
1096 363 1235 405 forma
1273 360 1473 411 recessit,

82 426 178 467 Non
216 425 303 465 iam
337 425 476 463 mater
512 421 591 462 alit
625 421 757 463 tellus
797 421 993 476 viresque
1028 422 1255 462 ministrat.

82 482 200 524 Tunc
241 480 430 534 geminas
466 481 604 520 vestes
642 493 838 533 auroque
876 483 1078 533 ostroque
1109 479 1298 533 rigentes

81 538 247 581 Extulit
281 538 466 587 Aeneas,
508 550 615 590 quas
654 537 721 579 illi
759 537 877 579 laeta
912 537 1110 579 laborum

82 598 182 651 Ipsa
216 595 303 637 suis
342 594 560 648 quondam
601 594 799 637 manibus
844 595 1020 638 Sidonia
1055 594 1167 636 Dido

79 655 258 696 Fecerat
291 656 333 695 et
367 653 487 694 tenui
526 653 635 695 telas
675 653 940 695 discreverat
978 667 1099 695 auro.

79 711 246 753 Harum
276 725 406 752 unam
440 710 583 752 iuveni
624 725 871 765 supremum
905 715 1094 753 maestus
1127 710 1336 751 honorem

78 769 241 820 Induit,
278 782 543 823 arsurasque
574 782 718 810 comas
757 768 940 811 obnubit
979 769 1158 819 amictu3

78 827 302 881 Multaque
339 830 567 881 praeterea
601 827 831 869 Laurentis
866 827 1059 881 praemia
1095 837 1264 880 pugnae

78 886 290 939 Aggerat,
330 888 373 926 et
408 885 536 938 longo
574 883 783 939 praedam
819 885 939 927 iubet
975 885 1124 926 ordine
1159 882 1268 924 duci.

77 943 212 985 Addit
251 956 385 997 equos
422 946 465 984 et
505 942 615 994 tela,
658 942 815 997 quibus
846 943 1112 998 spoliaverat
1142 941 1320 982 hostem.

1675 933 1730 971 80

77 1001 290 1043 Vinxerat
333 1004 375 1042 et
404 1003 504 1055 post
538 1004 663 1054 terga
700 1015 872 1052 manus,
917 1015 1026 1055 quos
1068 1000 1260 1041 mitteret
1292 993 1458 1038 umbris

78 1058 279 1110 Inferias,
318 1072 443 1100 caeso
483 1072 715 1113 sparsurus
751 1058 958 1113 sanguine
998 1058 1216 1109 flammas3

77 1116 343 1170 Indutosque
377 1116 498 1158 iubet
533 1119 711 1158 truncos
752 1116 984 1159 hostilibus
1009 1116 1140 1158 armis

80 1175 205 1229 Ipsos
241 1173 355 1216 ferre
393 1174 541 1226 duces,
578 1174 839 1229 inimicaque
876 1175 1050 1216 nomina
1088 1173 1174 1228 figi.

123 1337 178 1368 69.
211 1336 406 1379 Languens
427 1341 507 1368 bene
530 1340 568 1367 tle
593 1340 730 1374 pendulo
756 1338 839 1367 flore.

123 1396 177 1426 70.
211 1405 276 1426 sna
294 1395 416 1434 forma
434 1397 587 1433 „propria
600 1395 836 1432 pulchritudo.“
852 1398 884 1423 S.

77 1446 208 1481 „Locus
226 1447 407 1478 corruptus.
433 1444 578 1479 Vulgata
595 1443 797 1479 significant:
825 1442 885 1476 Qui

76 1499 140 1519 non
178 1490 322 1525 amplius
365 1491 484 1518 habent
526 1489 703 1525 fulgorem,
743 1489 884 1517 nondum

76 1541 184 1566 tamen
214 1543 309 1565 suam
335 1535 472 1564 sormam
497 1536 607 1564 amisit
638 1535 748 1570 (Haec
770 1534 882 1570 vera).

77 1583 112 1612 Si
134 1582 191 1612 flos
215 1589 309 1611 suam
334 1581 469 1610 formam
493 1581 659 1616 servavit,
685 1589 747 1609 non
774 1580 884 1609 amisit

75 1629 235 1666 fulgorem
253 1628 362 1663 [Haec
379 1628 485 1663 falsa]
509 1647 516 1655 .
532 1650 538 1656 .
557 1649 564 1655 .
594 1629 661 1655 Non
678 1627 785 1655 dubito
804 1626 881 1661 quin

75 1676 149 1712 Vgl.
177 1673 362 1709 scripserit:
393 1671 458 1703 Cui
480 1681 591 1713 neque
608 1670 739 1713 fulgor
753 1669 882 1709 adhuc,

72 1728 183 1761 neque
209 1717 328 1749 adhuc
353 1728 417 1748 sua
436 1718 559 1758 forma
586 1716 766 1748 recessic.⁴²
807 1715 856 1746 Pl.

121 1775 175 1806 71.
207 1773 411 1816 Linquitur,
457 1778 492 1805 ut
526 1773 649 1804 merito
683 1777 878 1803 maternum

75 1831 199 1852 nomen
225 1820 358 1862 adepta
389 1819 497 1850 'Fe-rra
535 1819 597 1858 sit,
630 1829 646 1849 ‹²-
673 1823 766 1849 terra
796 1829 880 1859 quo-

75 1867 171 1897 niam
201 1870 280 1896 sunt
311 1870 437 1896 cuncta
471 1870 589 1895 creatu
615 1868 709 1895 Lucr.
738 1866 768 1903 5,
801 1863 878 1893 793.

75 1916 189 1949 Itaque
213 1913 271 1942 flos
296 1914 437 1942 nondum
470 1913 634 1942 marcidus
666 1916 734 1945 est,
777 1920 878 1946 neque

77 1965 184 1989 tamen
210 1959 345 1994 pristino
370 1959 457 1988 floret
481 1960 593 1996 vigore
618 1963 648 1988 et
673 1960 788 1988 colore.
824 1958 878 1987 Sic

76 2014 194 2041 corpus
218 2005 351 2034 iuvenis
372 2005 488 2034 mortui
506 2012 645 2034 servans
663 2013 759 2033 suum
779 2005 879 2033 decus

74 2056 159 2082 recte
189 2057 395 2086 comparatur
429 2059 501 2080 cum
538 2051 612 2080 flore
647 2053 877 2080 marcescente.

75 2112 120 2119 ·—-
146 2098 275 2126 Similis
300 2098 496 2133 comparatio
523 2095 553 2133 9,
580 2095 656 2125 435.

121 2152 176 2182 72.
209 2151 377 2183 Geminas
403 2155 531 2183 videtur
555 2163 596 2182 ex
625 2155 688 2183 ritu
713 2161 806 2183 sacro
831 2153 881 2182 di-

75 2205 160 2231 ctum
181 2209 254 2229 esse
276 2200 309 2229 cf
337 2199 368 2238 3,
394 2199 447 2228 63.
476 2216 513 2220 —-
540 2208 696 2240 auroque
720 2202 881 2239 ostroque

77 2245 234 2287 rigentes*
261 2246 299 2275 cf.
331 2244 357 2283 l,
384 2243 460 2274 648.

122 2301 176 2332 73.
202 2300 299 2332 laeta
331 2301 504 2338 laborum,
530 2305 669 2333 Laetata
700 2308 745 2332 est
774 2304 806 2332 in
833 2305 882 2332 la-

77 2350 225 2385 boribus,
251 2349 291 2379 cf.
318 2352 370 2379 Gr.
398 2350 430 2385 ς.
458 2348 542 2387 265,
569 2349 599 2379 7.

123 2405 176 2435 75.
205 2415 292 2446 quas
316 2406 451 2443 fecerat
476 2408 507 2436 et
536 2405 625 2436 telus
651 2404 875 2436 discreverat.

80 2455 126 2482 De
148 2456 309 2482 structura
334 2452 374 2482 cf.
404 2450 456 2489 12,
483 2451 559 2482 944.
587 2455 624 2482 de
649 2462 683 2482 re
700 2451 730 2487 3,
756 2450 832 2481 483.

125 2496 179 2526 76.
200 2495 345 2534 „hurum
376 2507 480 2527 unam
507 2499 619 2528 iuveni
640 2499 753 2535 induit,
777 2501 882 2528 altera

81 2549 176 2579 caput
200 2545 272 2573 eius
297 2544 457 2573 velavit.“
484 2547 515 2574 S.

126 2588 179 2618 77.
211 2587 285 2628 Que
318 2590 365 2618 ita
403 2591 557 2620 diversas
597 2600 649 2621 res
686 2592 819 2627 iungere
854 2593 884 2618 et

80 2644 240 2672 opponere
264 2636 410 2665 vidimus
435 2634 471 2673 l,
499 2634 576 2665 701.
626 2638 693 2666 Hoc
722 2639 791 2666 loco
826 2645 883 2665 no-

81 2683 224 2717 tandum,
248 2683 332 2716 quod
357 2682 454 2711 etiam
476 2686 640 2712 structura
662 2687 813 2712 mutatur.
843 2697 880 2701 —-

79 2736 189 2758 unam
219 2725 336 2756 induit
359 2735 557 2767 supremum
586 2726 765 2763 honorem,
792 2736 885 2763 quem

80 2777 224 2810 praestat
246 2774 389 2802 Aeneas.
440 2774 662 2803 Accusativus
696 2779 802 2804 autem
827 2782 885 2809 ap-

80 2821 238 2856 positioni
260 2820 401 2848 inservit
427 2819 525 2848 totius
551 2821 730 2857 enuntiati,
769 2821 810 2850 cf.
836 2822 888 2848 Gr.

81 2867 113 2902 S.
143 2864 218 2894 313.
269 2866 323 2895 Sic
361 2865 478 2895 Graeci
519 2870 548 2894 et
582 2867 691 2894 Latini
727 2867 888 2895 dixerunt.

83 2913 131 2942 Cf.
165 2914 242 2941 Eur.
296 2914 347 2941 Or.
388 2910 474 2940 1103
516 2903 658 2949 Ἑλένην
706 2906 892 2949 κτάνωμεν

84 2951 252 2999 Μενέλεῳ
267 2951 385 2997 λύπην
409 2950 556 2996 πικράν.
596 2959 705 2991 Neque
727 2958 810 2986 enim
826 2958 892 2985 He-

85 3005 161 3033 lena
194 3003 284 3033 affert
315 3005 468 3041 dolorem,
501 3004 555 3032 sed
589 3004 706 3031 caedes
736 3004 892 3032 Helenae.

85 3051 171 3079 Sall.
198 3050 286 3079 brat.
314 3052 393 3086 Lep.
411 3048 443 3080 S.
473 3057 523 3085 ep.
540 3050 647 3079 Mitlir.
663 3046 683 3077 8
706 3045 895 3078 Eumenem

925 1336 1114 1379 prodidere
1159 1332 1346 1369 .—lne1'nc}10,
1385 1327 1483 1371 pacis
1523 1323 1730 1357 merccden13

933 1394 995 1414 non
1022 1387 1198 1418 Eumenes,
1237 1382 1292 1410 sed
1333 1377 1470 1414 proditio
1497 1372 1650 1403 Eumenis
1681 1373 1732 1398 est

929 1440 1062 1460 merces.
1112 1431 1209 1458 Amat
1248 1435 1321 1456 eam
1359 1426 1552 1453 structuram
1583 1417 1728 1447 Tacitus.

928 1478 1024 1512 Apud
1048 1476 1222 1512 Virgilium
1246 1473 1309 1502 loci
1337 1468 1371 1507 1,
1403 1465 1474 1496 111.
1515 1465 1553 1502 6,
1579 1462 1664 1515 223..
1698 1460 1730 1497 9,

929 1522 994 1551 465
1015 1521 1271 1551 exclamationes
1297 1518 1404 1554 potius
1428 1518 1501 1544 sunt
1526 1516 1556 1541 et.
1581 1515 1730 1539 nomma-

930 1570 1000 1604 tivi,
1026 1570 1064 1597 de
1093 1568 1211 1603 (utilius
1236 1566 1275 1595 cf.
1302 1562 1332 1599 7,
1350 1561 1411 1597 733
1435 1564 1630 1596 quamquam
1654 1562 1730 1590 pos-

928 1621 1003 1644 sunt
1030 1618 1092 1643 liuc
1115 1614 1216 1648 tral1i;
1266 1613 1321 1640 set]
1349 1613 1410 1638 huc
1436 1606 1593 1642 pertinent
1615 1611 1647 1631 v.
1675 1598 1729 1629 62.

927 1660 958 1698 8,
993 1659 1070 1689 487.
1111 1659 1141 1695 9,
1168 1658 1222 1687 53.
1263 1656 1314 1692 lt),
1340 1653 1417 1684 311.
1556 1651 1640 1687 „Pro
1663 1654 1729 1697 ‘ar-

926 1715 1087 1742 surasque
1138 1705 1353 1740 reponendum
1408 1700 1514 1729 iudico
1563 1693 1730 1726 alterzus-

926 1753 1012 1793 que“
1045 1750 1095 1781 Pl.

971 1808 1025 1839 78.
1053 1804 1241 1838 Laurentis
1257 1801 1418 1845 praemia
1439 1806 1606 1842 pugnae:
1631 1796 1731 1835 „Mit-

928 1857 966 1885 tit
1004 1856 1166 1891 praemia,
1205 1860 1289 1888 quae
1329 1852 1367 1879 de
1405 1849 1525 1884 praeda
1556 1842 1731 1873 Laurentis

928 1911 1055 1938 pugnae
1101 1901 1290 1930 sustulerat.
1356 1899 1436 1925 Nam
1483 1888 1621 1933 praeda
1670 1892 1730 1920 est,

926 1956 1009 1983 quae
1048 1948 1197 1982 eripitur,
1248 1940 1462 1984 praemium,
1508 1938 1590 1974 quod
1638 1935 1730 1964 offer-

986 1991 1004 2007 Cf.

921 1996 1268 2078 turkilss.sspoliaveral
1304 2035 1382 2072 „vel
1421 2033 1537 2061 Pallas
1575 2030 1629 2057 vel
1663 2027 1730 2055 Ae-

926 2094 1024 2121 neas3
1057 2093 1132 2114 nam
1158 2084 1308 2117 ambigue
1333 2080 1472 2116 positum
1500 2074 1570 2107 est⁴⁴
1595 2078 1627 2103 S.
1663 2074 1730 2101 Res

927 2135 1035 2169 docet,
1061 2139 1101 2160 ea
1125 2131 1232 2165 spolia
1256 2127 1398 2165 signari,
1428 2132 1512 2160 quae
1538 2123 1654 2151 Pallas
1679 2127 1731 2148 re-

928 2179 1011 2207 tulit.
1061 2179 1123 2215 „V.
1171 2175 1213 2204 56
1256 2176 1420 2203 deleturus
1461 2171 1564 2199 fuisse
1602 2168 1731 2197 videtur

931 2228 1043 2260 poeta,
1081 2227 1116 2252 ut
1139 2223 1233 2251 cuius
1259 2221 1333 2250 vice
1363 2228 1393 2248 v.
1422 2215 1464 2245 78
1487 2224 1534 2251 sq.
1558 2218 1588 2244 et
1613 2212 1656 2242 &3
1681 2220 1728 2246 sq.

929 2269 1059 2300 fecerit“
1087 2266 1152 2306 Hb,
1176 2268 1231 2303 qui
1256 2267 1349 2296 uncis
1374 2263 1520 2293 inclusit.

975 2325 1030 2356 81.
1058 2327 1219 2355 Vinxerat,
1246 2327 1317 2359 post
1340 2327 1431 2357 terga
1455 2326 1571 2349 manus
1600 2323 1730 2353 eornm,

930 2383 1012 2410 quos
1035 2377 1094 2402 etc.
1121 2372 1161 2402 cf.
1189 2368 1220 2408 4,
1246 2367 1323 2398 597.
1373 2368 1427 2397 Sic
1450 2365 1538 2395 infra
1562 2361 1637 2392 172.

974 2441 1028 2471 82.
1053 2437 1203 2479 inferias
1225 2438 1264 2467 cf.
1286 2435 1338 2473 10,
1357 2434 1433 2464 519.
1461 2450 1498 2455 —-
1527 2440 1627 2462 caeso
1649 2439 1731 2459 san-

929 2485 1041 2530 gnine
1072 2488 1094 2515 i.
1125 2495 1152 2515 e.
1178 2492 1345 2515 caesorum
1375 2490 1401 2511 s.
1435 2481 1474 2511 cf.
1507 2478 1559 2515 10,
1583 2475 1661 2505 520.
1690 2492 1728 2496 —-

930 2542 1138 2574 sparsurus,
1181 2536 1418 2565 conspersurus
1445 2527 1483 2557 cf.
1510 2524 1548 2562 4,
1582 2522 1658 2552 635.
1690 2538 1728 2543 -

930 2579 1092 2617 flammas
1117 2579 1218 2607 MPbc
1243 2581 1274 2605 et
1297 2583 1348 2610 ap.
1374 2577 1475 2603 Macr.
1500 2580 1562 2601 rec.
1582 2567 1647 2599 Rb.
1667 2566 1731 2600 Ld.

923 2625 1109 2666 flammam
1138 2625 1187 2663 Ry
1212 2631 1275 2651 rec.
1304 2619 1387 2661 lVg.

979 2680 1033 2710 83.
1061 2682 1198 2709 Fercula
1223 2679 1298 2707 dicit
1324 2681 1432 2712 poeta,
1468 2682 1543 2703 nam
1566 2673 1600 2701 in
1622 2671 1732 2707 stipite

936 2735 1098 2762 suspensa
1143 2726 1283 2754 ferebant
1332 2730 1423 2752 arma
1472 2727 1640 2750 caesorum
1691 2726 1733 2746 ex

937 2774 1058 2808 proelio
1083 2773 1270 2801 redeuntes:
1303 2770 1348 2798 ita
1372 2769 1532 2797 Romulus
1557 2773 1656 2800 saepe
1677 2765 1733 2792 de-

936 2820 1079 2855 pingitur
1103 2817 1210 2852 spolia
1231 2815 1371 2845 Acronis
1405 2814 1522 2843 ferens.
1570 2811 1733 2841 Inscribe-

936 2868 1031 2893 batur
1071 2871 1187 2892 nomen
1228 2862 1318 2897 eius,
1362 2861 1413 2890 cui
1450 2861 1594 2888 detracta
1631 2860 1732 2886 eran-t.

938 2913 1006 2940 lam
1032 2917 1129 2944 quum
1154 2908 1208 2943 qui
1231 2908 1371 2936 detraxit
1395 2910 1540 2936 mortuus
1574 2905 1633 2942 sit,
1674 2902 1734 2932 alii

937 2958 973 2985 in
999 2956 1070 2985 eius
1091 2958 1243 2983 honorem
1268 2954 1380 2982 ferunt.
1428 2954 1515 2980 Idem
1538 2959 1608 2981 mos
1636 2951 1735 2980 etiam

939 3003 971 3031 in
995 3001 1168 3036 triumphis
1194 3004 1242 3028 est
1266 3003 1428 3028 servatus.

985 3045 1039 3076 84.
1067 3047 1151 3086 „Hic
1170 3047 1301 3077 mallem
1323 3043 1430 3087 figiffi
1459 3041 1511 3074 ΡΙ.
