2023 3350
756 71 990 105 AENEIDOS
1017 74 1102 107 LlB.
1132 73 1189 105 Xl.
1235 78 1238 80 ’

162 186 524 241 Appenninicolae
558 184 745 226 bellator
779 184 892 227 filius
926 186 1049 231 Auni.

1718 73 1795 110 571

1719 186 1801 224 700

164 244 292 286 Haud
326 245 528 298 Ligurum
565 245 802 287 extremus.
842 243 944 285 dum
979 243 1129 285 fallere
1169 242 1262 284 fata
1293 240 1501 283 sinebant.

164 303 310 356 Isque,
342 301 416 343 ubi
457 314 501 341 se
538 299 658 340 nullo
698 301 785 342 iam
820 315 947 342 cursu
988 301 1166 343 evadere
1201 313 1370 354 pugnae

164 360 293 401 Posse
331 371 469 410 neque
504 357 737 399 instantem
772 359 965 412 reginam
1007 362 1200 401 avertere
1238 357 1385 407 cernit,

164 415 350 459 Consilio
391 429 562 456 versare
601 415 722 458 dolos
758 416 977 470 ingressus
1014 420 1057 458 et
1094 419 1204 465 astu,

162 474 319 526 Incipit
356 472 480 514 haec:
518 472 633 523 Quid
666 478 756 515 tam
791 475 1030 528 egregium,
1071 474 1107 515 si
1140 472 1299 515 femina
1333 469 1438 511 forti

162 531 277 573 Fidis
318 531 458 584 equo?
496 530 663 572 dimitte
703 532 868 585 fugam,
908 536 951 573 et
987 536 1029 573 te
1067 530 1299 573 comminus
1334 542 1472 581 aequo

162 588 327 630 Mecum
371 588 494 629 crede
535 589 626 630 solo
669 604 923 643 pugnaeque
958 589 1134 642 accinge
1166 586 1377 641 pedestri:

159 647 251 687 Iam
284 659 451 696 nosces,
490 651 668 688 ventosa
707 647 820 689 ferat
860 648 927 688 cui
967 647 1106 700 gloria
1143 644 1350 686 fraudem.

158 703 302 749 Dixit:
341 706 387 744 at
425 704 502 745 illa
538 704 684 746 furens
727 706 904 759 acrique
936 719 1117 746 accensa
1153 703 1302 744 dolore

160 759 312 802 Tradit
350 775 506 815 equum
548 763 711 813 comiti,
747 763 1013 817 paribusque
1050 761 1213 803 resistit
1247 759 1291 800 in
1325 757 1466 809 armis,

1724 762 1805 799 710

159 818 273 860 Ense
313 819 443 872 pedes
483 819 617 871 nudo,
649 834 843 874 puraque
878 820 1078 862 interrita
1115 832 1281 873 parma.

161 877 218 917 At
249 876 428 927 iuvenis,
463 877 615 918 vicisse
654 878 753 919 dolo
793 881 931 928 ratus,
971 877 1117 919 avolat
1150 877 1253 930 ipse,

160 933 291 974 Haud
329 949 469 985 mora,
511 936 812 990 conversisque
850 935 983 989 fugax
1021 934 1215 976 aufertur
1255 932 1448 983 habenis,

162 991 576 1046 Quadrupedemque
615 994 747 1035 citum
779 993 943 1035 ferrata
982 993 1097 1034 calce
1138 991 1307 1045 fatigat.

159 1049 278 1090 Vane
315 1050 466 1104 Ligus,
504 1051 754 1104 frustraque
793 1051 948 1093 animis
988 1051 1100 1092 elate
1138 1048 1346 1104 superbis,

204 1201 282 1230 700.
309 1199 609 1242 Appenninicolae
637 1208 698 1233 etc.
731 1204 839 1240 „Quia
862 1204 964 1238 Ligu-

159 1248 208 1276 ria
252 1248 375 1276 maiore
415 1254 506 1284 parte
537 1250 590 1278 sui
625 1250 657 1278 in
693 1250 871 1285 Apennino
912 1253 962 1277 est

159 1294 349 1322 consumta.
402 1292 556 1334 Ligures
589 1297 703 1324 autem
738 1303 855 1324 omnes
881 1292 962 1332 fal—

160 1336 269 1377 laces,
309 1340 391 1368 sicui
423 1341 472 1368 ait
501 1343 580 1371 Cato
608 1343 638 1369 in
667 1344 706 1369 ΙΙ.
729 1341 894 1377 Originum
922 1341 961 1368 li-

161 1386 251 1413 bro.“
278 1388 309 1414 S.
359 1386 499 1420 Ligures
522 1388 685 1415 montibus
722 1395 759 1415 se
787 1388 959 1414 occultan-

160 1436 211 1459 tes
237 1433 290 1459 diu
319 1436 347 1459 et
373 1432 561 1461 fortitudine
591 1438 620 1460 el
648 1433 770 1461 astutia
798 1431 958 1460 Romanis

162 1478 349 1506 restiterunt
377 1477 418 1506 cf.
443 1480 526 1506 Flor.
551 1476 583 1513 2,
609 1477 639 1513 3.
664 1477 694 1506 4.

207 1523 284 1552 701.
311 1520 419 1551 Hand
448 1520 623 1564 Ligurum
651 1526 824 1552 extremus
855 1531 902 1551 sc.
929 1522 961 1551 iu

159 1567 294 1597 fallendi
321 1569 447 1604 peritia.
488 1585 531 1589 -—
571 1570 673 1598 Filius
697 1570 802 1603 Auni;
851 1569 962 1603 itaque

159 1614 234 1650 ipse
261 1616 390 1644 Aunus.
417 1615 459 1643 cf.
483 1615 515 1651 9,
537 1614 613 1644 362.

205 1659 285 1689 702.
319 1658 481 1690 Evadere
504 1669 650 1701 pugnae
675 1669 799 1689 novum
824 1664 888 1688 est.

205 1705 284 1735 703.
310 1709 468 1735 auertere
486 1706 647 1747 reginam
675 1714 695 1736 a
721 1716 769 1735 se.

206 1751 284 1780 704.
309 1760 450 1781 versare
477 1750 574 1780 dolos
603 1753 647 1781 ita
678 1751 706 1787 2.
733 1751 785 1780 62.
827 1767 870 1771 —
912 1749 965 1779 in-

161 1795 267 1840 gredi
294 1807 323 1826 c.
351 1798 408 1826 inf.
434 1798 475 1826 cf.
500 1796 531 1833 4,
563 1798 636 1826 107.

208 1843 284 1872 705.
313 1844 446 1873 Femina
478 1844 558 1873 viris
591 1845 686 1872 modo
718 1849 890 1878 propterea
924 1852 961 1870 es

161 1889 324 1927 superior.
358 1891 442 1924 quod
468 1889 541 1918 forti
566 1898 649 1924 equo
676 1890 794 1923 uterizq
840 1889 961 1917 dimitte

161 1936 270 1969 fugam
298 1935 358 1971 (cf.
387 1935 415 1970 1,
440 1934 527 1971 3¹7)
555 1936 882 1971 „euuicelerilateim
908 1934 961 1962 cui

161 1982 268 2011 fususf*
287 1984 320 2011 S.
348 1984 442 2010 Nova
462 1990 620 2015 quaerere
639 1983 779 2016 cupidus
805 1978 858 2008 ΡΖ.
875 1981 960 2009 coni.

153 2024 266 2066 sortis
286 2033 314 2055 e!
341 2026 534 2060 ..Indignum
560 2032 621 2057 est.
648 2029 676 2056 si
699 2034 742 2058 iu.
777 2032 839 2055 tam
867 2026 961 2055 sortis

160 2073 294 2107 femina,
335 2073 417 2102 viris
452 2081 528 2109 par,
566 2082 650 2108 equo
690 2074 796 2102 fidis-⁸
845 2074 961 2107 Itaque

161 2120 246 2148 inter
266 2120 358 2148 viros
378 2120 508 2154 equites
534 2120 610 2155 ipsa
637 2120 758 2148 femina
784 2120 886 2154 pedes
912 2119 964 2146 iu-

164 2167 257 2194 betur
286 2166 457 2200 pugnare?

207 2211 285 2240 708.
315 2209 385 2240 lam
420 2211 528 2240 futuro
560 2210 703 2239 additum
735 2211 808 2239 eius
841 2217 963 2245 augere

162 2257 228 2285 vim
258 2257 399 2286 vidimus
430 2256 461 2292 4,
492 2255 570 2285 566.
607 2256 638 2289 6.
663 2256 740 2284 676.
771 2262 802 2285 υι
828 2259 963 2285 Germa-

163 2311 277 2331 norum
305 2301 423 2334 sehon.
462 2303 556 2337 haid,
588 2302 736 2336 sogleich
763 2307 792 2331 et
818 2303 962 2330 indicare

164 2357 232 2377 rem
256 2349 404 2384 proxime
422 2349 617 2383 instantem3
644 2353 741 2382 atque
759 2348 804 2377 ita
819 2350 962 2382 loquun-

164 2399 217 2423 tur
240 2395 420 2430 scriptores
453 2403 579 2423 omnes.
608 2393 649 2423 cf.
678 2396 782 2423 fland.
810 2396 907 2423 Turs.
932 2391 962 2425 3.

164 2449 196 2476 p.
233 2439 309 2475 1⁵25,
348 2440 398 2468 18.
448 2442 489 2469 At
526 2443 589 2469 hoc
629 2441 704 2469 ioco
740 2441 836 2469 etiam
874 2444 962 2468 recte

166 2487 292 2515 dicetur
313 2486 477 2521 particula
502 2494 568 2514 rem
593 2486 733 2515 futuram
758 2486 963 2521 confirmare,

166 2536 199 2561 ut
222 2533 377 2560 Germani
411 2529 514 2561 sehon
546 2540 612 2561 non
643 2533 751 2561 minus
787 2536 966 2567 usurpant:

167 2577 214 2606 da
240 2575 335 2607 wirst
363 2575 409 2605 du
435 2574 538 2606 sehon
564 2575 752 2614 erkennen.
793 2579 812 2607 i.
839 2586 868 2606 e.
896 2585 968 2606 cer-

167 2624 330 2652 tissimum
354 2628 403 2652 est
434 2628 466 2652 te
496 2624 712 2658 cogniturum.
751 2624 792 2653 cf.
827 2625 857 2660 l,
890 2621 966 2651 272.

167 2671 237 2699 Tib.
268 2669 296 2704 l,
325 2668 352 2697 1.
378 2668 420 2697 70
448 2665 540 2697 Dum
555 2667 642 2706 fata
667 2668 806 2705 sinunt,
836 2667 969 2710 iunga-

166 2724 244 2745 mus
271 2722 426 2750 amores;
457 2711 530 2747 iam
555 2712 669 2744 veniet
692 2713 844 2744 tenebris
874 2713 970 2744 Mors

168 2758 342 2801 adoperta
367 2761 484 2800 caput.
519 2758 551 2789 2.
577 2758 611 2798 5,
631 2759 674 2789 56
705 2758 850 2801 Carpite
866 2768 971 2795 nunc,

168 2805 278 2844 tauri,
304 2804 347 2835 de
370 2808 498 2845 septem
521 2803 694 2834 montibus
718 2803 853 2843 herbas,
886 2803 967 2834 dum

170 2851 267 2882 licet:
294 2849 348 2881 hic
373 2858 530 2891 magnae
556 2848 626 2879 iam
654 2849 750 2880 locus
774 2849 870 2881 urbis
892 2849 969 2880 erit.

170 2900 251 2928 Hor.
290 2900 324 2927 C.
359 2896 386 2928 1.
414 2896 446 2928 4.
478 2896 519 2925 16
557 2894 629 2925 lam
667 2898 700 2926 te
728 2900 860 2936 premet
890 2906 971 2926 nos.

170 2941 386 2984 fabulaeque
417 2940 549 2972 Manes.
593 2958 637 2962 ——
673 2940 842 2979 fraudem
867 2942 971 2972 Mlssc

172 2998 239 3019 rec.
272 2988 334 3019 Rb.
358 2986 420 3018 Ld.
454 2990 570 3027 „ilaec
593 2992 644 3017 est
668 2995 749 3017 vera
777 2989 811 3017 et
837 2989 973 3024 amiqua

1723 1050 1804 1088 715

1010 1203 1119 1238 lectio,
1147 1207 1177 1230 u!
1203 1202 1243 1230 sit
1271 1207 1414 1229 sensus:
1455 1200 1565 1227 Pedes
1591 1202 1807 1235 congredere,

1008 1249 1072 1277 iam
1095 1255 1274 1283 agnosces,
1301 1246 1353 1274 cui
1375 1245 1484 1273 inanis
1510 1246 1664 1275 iactantia
1691 1248 1807 1275 afferat

1010 1301 1148 1329 poenam
1176 1293 1215 1328 (i.
1248 1301 1275 1320 e.
1308 1296 1356 1325 le,
1397 1291 1485 1320 inani
1521 1292 1596 1326 equi
1629 1292 1746 1321 fiducia
1774 1293 1806 1321 in

1009 1340 1166 1374 proelium
1202 1338 1345 1366 virorum
1383 1338 1572 1366 abductam.
1615 1339 1807 1367 temeritatis

1007 1390 1082 1413 tuae
1120 1391 1246 1419 poenas
1302 1381 1484 1417 daturam).
1532 1385 1612 1411 Nam
1660 1384 1806 1412 fraudem

1008 1436 1138 1458 veteres
1164 1436 1302 1464 poenam
1329 1430 1504 1456 vocabant.
1529 1427 1604 1463 (Sic
1624 1430 1725 1464 aliqui
1750 1439 1808 1458 co-

1008 1476 1100 1505 dices
1135 1478 1165 1504 n.
1202 1477 1220 1504 1.
1256 1476 1333 1502 dant
1365 1482 1533 1513 poenam,
1576 1476 1660 1508 duod
1696 1476 1808 1511 ipsum

1009 1523 1110 1551 firmat
1132 1518 1337 1559 fraudem.)
1367 1520 1400 1548 si
1424 1525 1531 1548 autem
1549 1517 1690 1549 laudem
1717 1524 1809 1557 lege—

1010 1569 1122 1597 rimus.
1149 1568 1207 1595 erit
1235 1575 1377 1595 sensus:
1404 1567 1593 1602 Agnosces,
1621 1568 1672 1596 cui
1699 1568 1809 1597 inanis

1011 1615 1115 1649 gioria
1148 1613 1261 1641 afferat
1289 1613 1456 1640 laudem?
1482 1615 1517 1640 S.
1550 1612 1568 1641 i.
1596 1620 1624 1642 e.
1657 1614 1712 1642 tibi
1743 1622 1807 1643 non

1012 1660 1082 1688 fore
1110 1661 1239 1687 laudem
1266 1665 1309 1687 ex
1341 1658 1398 1686 ina
1424 1658 1529 1693 gloria
1559 1659 1646 1687 inani
1682 1668 1746 1694 qua
1779 1666 1810 1689 ιω

1011 1707 1130 1737 iactas,
1153 1705 1180 1733 si
1208 1706 1282 1732 sola
1306 1704 1369 1732 soli
1394 1711 1579 1737 congressa
1606 1706 1672 1733 eris
1695 1708 1807 1740 pedes.

1011 1751 1059 1781 Cf.
1095 1752 1173 1779 Hor.
1203 1752 1261 1784 Ep.
1296 1747 1327 1785 2,
1365 1749 1391 1780 l.
1424 1749 1485 1777 177
1514 1758 1611 1788 quem
1645 1749 1727 1780 tulit
1760 1750 1808 1780 ml

1010 1805 1146 1825 scenam
1166 1798 1304 1824 ventoso
1324 1792 1442 1834 gloria
1459 1803 1560 1823 curru
1599 1811 1642 1814 ——
1667 1794 1808 1826 laudem

1009 1842 1064 1871 M?
1092 1848 1120 1870 et
1138 1843 1337 1877 „LAVDEM
1354 1840 1547 1877 (bintus.)
1575 1843 1598 1870 P
1620 1844 1751 1872 laudem
1777 1852 1808 1883 γ,

1010 1890 1039 1917 si
1060 1894 1148 1917 recte
1165 1887 1310 1920 enotavi,
1337 1894 1535 1920 quamquam
1557 1896 1718 1926 poenam.
1747 1887 1808 1919 Hs.

1009 1944 1046 1963 se
1073 1935 1196 1969 legisse
1216 1934 1314 1961 dici1“
1343 1930 1407 1961 ΠΙ).
1435 1941 1501 1960 rec.
1531 1931 1614 1973 ll'g,
1639 1931 1697 1970 Pl;
1723 1936 1810 1965 coni.

1008 1989 1111 2020 quam
1139 1976 1261 2020 gloria
1285 1977 1438 2007 laudem.
1466 1994 1509 1997 -—
1534 1980 1582 2007 De
1605 1980 1810 2019 vocesraus

1010 2026 1050 2055 cf.
1082 2026 1135 2058 10,
1162 2025 1214 2053 72.

1058 2071 1133 2100 709.
1160 2069 1288 2104 dolore,
1315 2073 1353 2099 ob
1381 2071 1556 2099 dubitatum
1579 2071 1809 2102 fortitudinem.

1057 2117 1132 2145 710.
1158 2114 1372 2157 paribusque
1396 2115 1528 2145 resistit
1556 2114 1588 2145 iu
1619 2117 1728 2147 armis
1750 2128 1812 2159 pe-

1012 2161 1091 2192 des.-
1138 2163 1246 2199 „sicut
1285 2163 1381 2191 etiam
1422 2163 1513 2191 iilum
1551 2171 1810 2198 congressurum

1012 2210 1181 2245 putaba1.‘·
1205 2212 1238 2237 S.
1262 2208 1304 2236 cf.
1327 2208 1358 2244 6,
1383 2207 1461 2237 827.
1483 2222 1527 2227 —
1552 2207 1682 2238 resistit
1707 2208 1811 2240 bleibt

1011 2253 1151 2290 stel1cn‚·
1180 2255 1223 2283 ita
1249 2253 1279 2285 4.
1307 2254 1357 2283 76.
1389 2256 1424 2283 G.
1447 2253 1478 2286 4.
1504 2252 1582 2290 424,
1606 2261 1634 2283 ei
1661 2256 1812 2286 interrita

1010 2303 1096 2331 nudo
1125 2309 1205 2330 ense
1233 2306 1262 2329 et
1287 2308 1410 2335 parma.

1057 2347 1134 2376 711.
1162 2354 1254 2386 pura
1277 2354 1418 2385 parma,
1440 2346 1471 2374 in
1497 2353 1561 2380 qua
1577 2346 1656 2374 nihil
1671 2347 1811 2381 pictum:

1010 2399 1110 2430 „tune
1134 2393 1222 2421 enim
1247 2393 1383 2427 primum
1403 2393 1435 2421 in
1452 2393 1539 2420 heila
1556 2393 1812 2423 descenderat.“

1009 2443 1041 2468 S.
1068 2439 1109 2468 cf.
1135 2438 1166 2476 9,
1182 2437 1262 2467 548.

1059 2484 1136 2514 713.
1177 2481 1272 2512 haud
1296 2491 1405 2512 mora.
1445 2483 1492 2512 Cf.
1521 2482 1571 2520 10,
1601 2482 1676 2513 153.

1062 2529 1139 2559 714.
1171 2528 1291 2558 Vanus
1314 2534 1382 2565 est,
1408 2531 1494 2563 quod
1523 2530 1652 2564 putavit
1675 2530 1748 2560 suis
1775 2539 1813 2560 se

1015 2577 1142 2606 artibus
1166 2576 1325 2605 Camillae
1347 2576 1491 2610 effugere
1518 2583 1638 2610 posse;
1669 2575 1813 2614 frustra

1014 2619 1169 2663 superbit
1199 2619 1335 2654 elatus,
1371 2622 1456 2655 quod
1483 2628 1524 2649 ea
1551 2622 1718 2657 superbia,
1749 2631 1814 2657 qua

1017 2677 1055 2698 se
1084 2670 1173 2704 putat
1199 2668 1322 2696 astulia
1345 2667 1567 2702 superiorem,
1599 2668 1678 2696 nihii
1703 2668 1813 2704 ium-³13

1015 2711 1251 2753 nequidquam
1278 2714 1404 2747 tentat,
1429 2713 1516 2747 quod
1542 2713 1572 2742 id
1588 2714 1716 2747 quidem
1734 2722 1814 2744 con-

1017 2759 1184 2795 sequitur,
1228 2763 1259 2787 ut
1287 2759 1425 2788 Camilla
1449 2766 1493 2787 ex
1515 2766 1599 2794 equo
1623 2760 1816 2796 descendat,

1018 2806 1078 2834 sed
1111 2813 1208 2840 quum
1244 2812 1284 2833 ea
1318 2804 1390 2833 suis
1422 2805 1560 2839 pedihus
1591 2805 1704 2835 vincat
1737 2807 1814 2840 equi

1017 2851 1237 2887 celeritatem,
1283 2850 1361 2878 nihil
1405 2852 1540 2885 prodest
1578 2858 1662 2886 equo
1698 2860 1813 2882 carere

1018 2897 1191 2932 virginem.

1064 2941 1142 2971 715.
1171 2939 1285 2982 Ligus
1302 2946 1332 2969 et
1349 2938 1464 2982 Ligur
1479 2949 1531 2977 ap.
1551 2942 1733 2977 scriptores
1751 2947 1812 2972 est.

1019 3003 1063 3008 —-
1091 2985 1240 3025 Animis,
1263 2988 1402 3023 pluralis
1429 2989 1468 3016 de
1493 2995 1555 3017 uno
1581 2988 1622 3017 ct.
1648 2988 1680 3027 2,
1705 2988 1783 3019 386.
