2023 3350
764 89 1001 125 AENEIDOS
1028 92 1115 125 LIB.
1146 92 1207 126 VI.

154 200 377 254 Ingentem
411 202 600 243 Aenean.

1725 94 1808 134 287

661 201 835 245 Gemuit
876 203 955 246 sub
990 204 1182 258 pondere
1219 204 1374 260 cymba

155 258 307 300 Sutilis
350 263 392 301 et
428 260 610 301 multam
644 261 813 314 accepit
849 261 1009 304 rimosa
1045 262 1261 316 paludem.

153 315 345 358 Tandem
375 321 497 359 trans
537 317 713 359 fluvium
751 318 988 362 incolumes
1025 324 1254 374 vatemque
1292 321 1520 375 virumque

1725 327 1808 365 415

153 373 337 415 Informi
380 375 483 415 limo
523 375 765 429 glaucaque
806 378 982 431 exponit
1010 378 1055 419 in
1092 378 1206 420 ulva.

271 431 483 474 Cerberus
520 433 627 474 haec
662 434 813 487 ingens
846 435 1010 477 latratu
1049 449 1185 489 regna
1220 434 1397 476 trifauci

152 488 383 541 Personat,
425 490 608 532 adverso
647 491 858 533 recubans
894 493 1094 534 immanis
1135 493 1178 534 in
1214 496 1355 534 antro.

155 546 233 588 Cui
269 551 410 599 vates,
457 547 635 590 horrere
673 549 822 591 videns
854 551 940 591 iam
980 551 1090 592 colla
1129 550 1330 601 colubris,

154 604 282 646 Melle
320 609 573 658 soporatam
610 610 652 648 et
690 607 915 649 medicatis
954 607 1151 662 frugibus
1193 607 1322 649 offam

386 663 464 704 Ille
500 663 613 705 fame
655 664 810 706 rabida
847 666 933 707 tria
971 669 1150 719 guttura
1185 665 1381 719 pandens

154 661 326 703 Obiicit.

1725 613 1808 651 420

155 719 346 773 Corripit
386 720 602 762 obiectam
639 726 771 776 atque
807 723 1013 765 immania
1052 727 1177 777 terga
1216 723 1395 764 resolvit

152 777 290 819 Fusus
329 777 448 819 humi
483 783 667 832 totoque
688 781 852 835 ‚ingens
889 781 1138 822 extenditur
1178 784 1319 822 antro.

153 834 350 888 Occupat
389 837 556 878 Aeneas
597 837 762 879 aditum
802 838 993 880 custode.
1014 839 1184 892 sepulto

151 893 396 947 Evaditque
432 895 544 936 celer
581 896 721 949 ripam
757 896 1047 939 inremeabilis
1085 896 1239 938 undae.

152 1089 212 1125 [cf.
241 1087 271 1127 4,
294 1089 381 1126 605)
415 1098 498 1125 quae
529 1092 735 1121 multitudine
767 1093 864 1127 quasi
900 1100 952 1120 ar—

152 1140 269 1165 tantur.
323 1139 437 1171 Itaque
473 1140 622 1175 umbras,
664 1146 747 1173 quae
780 1139 845 1166 iam
877 1146 953 1167 con-

152 1184 343 1211 scenderant
382 1190 516 1220 navem,
566 1186 729 1221 deturbat,
771 1188 802 1212 ut
853 1191 952 1212 unum

151 1229 300 1257 Aeneam
318 1229 471 1266 accipiat,
496 1230 549 1264 qui
573 1238 671 1264 quum
696 1237 810 1258 verum
836 1237 952 1264 corpus

152 1276 288 1310 babeat,
325 1283 365 1302 ea
396 1279 442 1303 est
472 1277 570 1312 mole,
610 1279 643 1304 ut
670 1277 820 1311 cymbam
849 1282 953 1310 paene

152 1321 343 1355 supprimat.
376 1336 413 1340 —
456 1318 577 1350 alveo.-
612 1322 759 1357 Alveus,
786 1321 876 1349 fossa
898 1329 952 1355 per

152 1374 250 1401 (utam
280 1366 397 1395 flumen
425 1366 546 1403 defluit,
587 1370 626 1395 ob
657 1367 777 1403 figurae
800 1367 956 1395 similitu-

152 1412 258 1440 dinem
283 1412 399 1441 dicitur
425 1413 462 1440 de
486 1412 596 1441 fundis
627 1413 783 1449 navium,
819 1413 956 1445 carinis,

152 1459 320 1494 Sall.1ug.
348 1455 388 1485 21
420 1455 457 1486 1ιὶ
485 1455 604 1486 alveos
628 1457 773 1486 navium
802 1456 957 1487 inversos

150 1511 217 1544 pro
247 1502 405 1544 tuguriis
433 1500 581 1537 habent,-
616 1504 689 1533 inde
722 1505 760 1532 de
787 1510 851 1533 tota
878 1505 957 1533 navi

153 1549 234 1584 [Ov.
260 1550 347 1579 Fast.
375 1547 405 1583 3,
432 1546 493 1577 591
536 1546 660 1578 alvens
685 1547 805 1579 haurit
831 1559 956 1590 aquas:

152 1597 246 1630 Prop.
269 1593 305 1630 3,
330 1594 365 1630 5,
386 1592 428 1622 32
462 1593 631 1633 portabat
663 1599 802 1625 sanctos
836 1594 958 1625 alveus

152 1638 213 1670 itte
245 1638 362 1679 viros)
400 1641 562 1675 siquidem
595 1642 641 1670 ita
673 1643 760 1670 velis
792 1643 957 1677 accipere:

153 1687 226 1715 inde
255 1688 293 1715 de
325 1687 480 1716 naviculo
515 1695 571 1716 seu
608 1691 726 1723 cymba
762 1688 835 1717 sive
875 1696 957 1717 vase

151 1740 296 1762 concavo
328 1733 404 1763 Liv.
432 1730 469 1770 1,
497 1731 533 1770 4,
563 1742 625 1768 quo
650 1735 810 1763 Romulus
837 1740 864 1763 et
891 1735 956 1763 Re-

151 1786 224 1807 mus
249 1779 391 1813 expositi
415 1783 501 1807 sunt.
552 1780 677 1808 Harum
701 1781 787 1809 enim
812 1781 957 1810 omnium

151 1832 259 1854 rerum
280 1825 392 1853 eadem
413 1829 461 1853 est
487 1825 599 1861 figura.

198 1889 275 1920 413.
304 1889 436 1933 Ingens
457 1891 592 1921 Aeneas
612 1893 650 1922 cf.
673 1891 702 1930 3,
724 1890 800 1922 619.
829 1910 868 1914 —
891 1891 956 1923 Ge-

152 1945 244 1967 mere
265 1939 303 1966 de
328 1945 443 1966 rerum
471 1946 574 1972 paene
599 1939 776 1968 fractarum
802 1941 956 1975 stropium

151 1989 185 2013 ut
212 1981 243 2020 2,
269 1981 346 2012 631.
384 1981 434 2019 ll,
463 1983 524 2012 13&
548 1981 761 2022 plaustrum.
802 1987 839 2014 H.
866 1987 902 2014 C.
929 1983 957 2024 1,

154 2027 207 2064 14,
234 2028 252 2057 6
279 2031 476 2059 antemnae.
514 2029 600 2058 Plin.
622 2032 678 2064 Ep.
705 2028 735 2067 9,
763 2028 804 2058 26
830 2029 959 2071 guber-

151 2073 285 2104 nacula
315 2076 480 2116 gemunt,
523 2077 607 2110 quod
633 2076 705 2110 ipse
729 2078 884 2105 audacter
910 2078 958 2105 di-

153 2126 238 2151 etum
266 2129 340 2150 esse
370 2121 525 2150 concedit.
571 2123 610 2149 Et
637 2122 772 2157 saepius
803 2122 849 2151 ita
882 2130 957 2157 poe-

157 2172 219 2197 tae.

199 2232 276 2264 41⁴.
307 2231 436 2264 Sutilis
457 2235 477 2263 i.
500 2244 526 2263 e.
548 2235 656 2265 iuncis
679 2236 766 2265 corio
791 2236 953 2271 obductis;

152 2284 188 2310 ut
214 2281 444 2309 Britannorum
466 2281 599 2318 „vitilia
621 2282 759 2318 navigia
779 2283 866 2311 corio
891 2283 954 2312 cir-

153 2325 324 2356 cumsuta“
349 2327 435 2355 Plin.
458 2325 490 2364 7,
509 2325 563 2356 57.
593 2332 623 2356 et
649 2328 743 2357 Caes.
771 2329 833 2357 BC.
863 2327 889 2366 Ι,
911 2325 953 2355 54

153 2379 259 2401 naves
284 2372 465 2401 viminibus
495 2377 682 2411 contextas,
722 2374 821 2403 coriis
846 2378 955 2404 conte—

153 2423 223 2448 ctas
248 2422 413 2449 memorat.
453 2434 491 2438 —
532 2417 684 2448 rimosa:
722 2421 839 2449 Rimas
870 2421 956 2449 ducit

154 2464 252 2492 nimio
276 2464 414 2499 pondere
435 2465 600 2499 depressa.
640 2466 729 2500 Quod
756 2466 823 2494 fieri
849 2468 954 2495 solere

153 2510 280 2538 nescire
306 2509 434 2538 videtur
464 2507 543 2546 Gr.,
576 2511 631 2546 qui
657 2512 745 2541 eiicit
770 2515 855 2541 hunc
882 2520 957 2541 ver-

154 2563 244 2592 sum,
286 2555 321 2583 in
348 2563 410 2589 quo
438 2560 581 2590 quantus
604 2557 738 2586 Aeneas
763 2566 827 2586 non
856 2566 956 2592 quam

154 2601 276 2630 rimosa
317 2603 435 2636 cymba
477 2601 587 2639 fuerit,
635 2603 677 2631 sit
718 2605 954 2638 exponendum.

152 2647 322 2676 Lucianus
347 2653 420 2675 eam
443 2655 572 2681 semper
596 2648 752 2677 rimosam
774 2657 848 2678 esse
868 2650 958 2684 ponit-

153 2693 229 2721 dial.
256 2697 346 2721 mort.
375 2690 416 2719 22
446 2686 487 2720 τὸ
516 2689 711 2731 σκαφίδιον
739 2694 956 2731 (charontis)

152 2733 214 2766 καὶ
255 2730 480 2787 ἰἷπόσαθρόν
518 2730 593 2766 ἐστι
633 2733 694 2767 καὶ
732 2734 876 2779 ὅιαῤῥεῖ
911 2734 957 2769 τοὶ

152 2780 281 2812 πολλα.

201 2849 278 2880 415.
303 2849 458 2881 Tandem
474 2851 645 2889 [„propter
658 2852 958 2888 pondusAeneaef‘

155 2897 209 2933 S.)
253 2898 295 2926 ad
330 2898 435 2933 ripam
470 2899 616 2933 pervenit
652 2900 753 2929 navis
783 2900 959 2930 incolumis

155 2950 238 2978 quae
262 2944 435 2973 videbatur
459 2945 597 2979 pondere
624 2945 803 2974 interitura.

201 3008 279 3041 416.
305 3009 388 3042 limo
411 3014 527 3049 pendet
549 3016 590 3042 ab
615 3010 652 3043 in
676 3013 717 3043 cf.
742 3011 819 3042 682.

1722 900 1806 938 425

1001 1088 1222 1120 417-524.
1280 1086 1430 1120 Cerbero
1468 1094 1633 1129 soporato
1669 1090 1809 1123 Aeneas

1253 1133 1364 1175 ripam
1397 1137 1556 1175 occupat.

1047 1178 1123 1209 417.
1151 1179 1312 1220 trifauci.
1361 1182 1437 1210 Tria
1463 1183 1549 1213 enim
1577 1184 1608 1212 ei
1640 1185 1749 1220 capita
1779 1189 1810 1215 et

1000 1228 1086 1255 colla
1112 1232 1198 1256 sunt.

1047 1271 1123 1301 418.
1151 1270 1300 1302 adverso
1323 1273 1361 1303 cf.
1396 1271 1423 1310 1,
1450 1271 1527 1304 420.

1047 1316 1123 1347 419.
1151 1316 1242 1347 colla
1270 1317 1439 1355 colubris;
1466 1328 1522 1355 pro
1546 1321 1622 1356 pilis
1641 1327 1808 1357 serpentes

1004 1366 1123 1392 habere
1152 1364 1298 1401 fingitur,
1331 1370 1362 1393 ut
1388 1366 1567 1400 Tisiphone
1591 1376 1623 1396 v.
1649 1365 1727 1397 572.
1765 1385 1803 1388 —

1006 1411 1180 1439 Cerberum
1229 1411 1379 1439 omnibus
1429 1413 1604 1442 terroribus
1658 1420 1807 1444 ornatum

1004 1457 1157 1485 describit
1182 1458 1257 1485 Seu.
1284 1458 1377 1486 Herc.
1404 1459 1478 1487 Fur.
1504 1456 1688 1488 783—94.

1052 1500 1128 1530 420.
1157 1503 1286 1538 Sibylla
1324 1511 1438 1532 canem
1475 1509 1620 1534 removet
1655 1506 1717 1534 offa
1753 1509 1808 1535 ob-

1005 1548 1105 1582 iecta,
1150 1556 1233 1583 quae
1269 1551 1365 1578 melle
1405 1554 1433 1578 et
1472 1551 1580 1579 herbis
1616 1552 1807 1586 soporiferi>-

1004 1598 1147 1629 constat,
1184 1595 1223 1624 cf.
1255 1593 1285 1633 ⁴,
1311 1594 1388 1624 456.
1429 1612 1467 1616 —-
1513 1595 1710 1626 medicatis.
1759 1601 1810 1627 lta

1003 1640 1162 1669 medicata
1205 1641 1322 1670 dicitur
1366 1642 1461 1679 virga
1507 1643 1678 1680 Mercurii,
1725 1652 1810 1679 quae

1005 1694 1153 1714 somnum
1204 1687 1279 1716 facit
1327 1689 1386 1716 Ov.
1419 1691 1461 1717 M.
1500 1687 1534 1725 l,
1567 1687 1644 1717 715.
1711 1693 1809 1719 Melle

1004 1740 1153 1761 somnum
1178 1733 1294 1761 adduci
1316 1734 1447 1762 videtur
1472 1739 1606 1769 putasse
1621 1735 1695 1769 vgt.
1720 1737 1760 1765 cf.
1781 1735 1808 1770 l,

1006 1775 1089 1813 4863
1132 1774 1215 1815 Ld.5
1260 1779 1315 1813 qui
1346 1788 1408 1807 non
1442 1781 1550 1809 minus
1583 1788 1680 1815 quam
1710 1783 1808 1811 ceteri

1004 1824 1194 1858 interpretes
1219 1826 1303 1853 hanc
1327 1825 1396 1853 vim
1421 1826 1530 1854 mellis
1556 1830 1670 1863 negat,
1707 1836 1807 1864 zeug-

1004 1874 1090 1898 mate
1116 1870 1260 1904 explicat
1294 1872 1412 1907 „melle
1436 1872 1574 1901 mixtam
1599 1876 1628 1901 et
1657 1872 1807 1910 frugibus

1004 1924 1045 1944 m.
1071 1920 1291 1950 soporatam.“
1340 1918 1427 1945 Idem
1460 1915 1547 1958 Wg.
1584 1921 1702 1955 „melle
1730 1929 1808 1950 con-

1005 1962 1105 1990 ditam
1133 1966 1161 1990 et
1202 1967 1387 1997 soporatam
1419 1962 1567 2000 frugibus
1602 1966 1808 1995 medicatis“.

1005 2009 1067 2036 Sed
1089 2008 1164 2036 ordo
1185 2011 1358 2038 verborum
1380 2014 1478 2038 vetat.
1515 2006 1567 2039 Pl.
1581 2012 1663 2040 coni.
1685 2009 1808 2048 Mella,

1005 2056 1207 2092 soporatum
1232 2058 1292 2084 etc.

1052 2096 1129 2126 421.
1156 2097 1274 2129 obiicit
1300 2116 1342 2120 —-—
1368 2097 1538 2130 obiectam
1565 2101 1603 2130 cf.
1631 2104 1690 2132 Ov.
1716 2104 1750 2131 F.
1779 2101 1810 2139 3,

1006 2141 1046 2171 21
1086 2141 1186 2173 Mars
1218 2143 1311 2175 videt
1342 2142 1452 2180 hanc,
1488 2143 1671 2186 visamque
1703 2147 1810 2187 cupit.

1006 2190 1095 2218 Haec
1124 2190 1227 2225 figura
1259 2191 1377 2220 dleitur
1401 2191 1564 2225 Epiploce.
1610 2208 1647 2212 —
1689 2194 1807 2221 Fames

1001 2236 1116 2263 rabida
1142 2236 1274 2272 dieitur,
1315 2241 1349 2264 ut
1373 2234 1410 2273 2,
1438 2234 1503 2264 356
1537 2235 1650 2266 ventri
1678 2236 1808 2275 rabies,

1001 2279 1033 2317 9,
1058 2279 1100 2308 63
1130 2279 1244 2310 rabies
1270 2279 1414 2316 edendi,
1451 2282 1510 2309 Sil.
1538 2279 1569 2319 2,
1599 2281 1664 2310 272
1692 2281 1811 2312 rabidi

1000 2323 1137 2356 ieiunia
1168 2324 1311 2357 uentris.
1360 2328 1424 2356 Nec
1445 2327 1555 2356 minus
1580 2325 1708 2357 rabida
1733 2326 1812 2358 sitis

1001 2380 1054 2407 ap.
1080 2374 1153 2401 Seu.
1179 2374 1218 2401 H.
1245 2374 1280 2402 Ο.
1312 2370 1410 2401 1077.
1460 2375 1500 2401 Et
1523 2373 1571 2402 sic
1597 2375 1758 2403 Germani.

1047 2416 1124 2446 422.
1151 2421 1255 2459 terga
1282 2415 1425 2448 resolvit
1457 2418 1496 2447 cf.
1529 2417 1566 2455 9,
1597 2418 1657 2447 189
1689 2427 1811 2449 somno

1002 2461 1150 2503 vinoque
1176 2461 1303 2500 soluli;
1324 2461 1457 2493 solvere
1484 2462 1619 2493 lumina
1643 2465 1674 2501 5,
1695 2463 1772 2494 856.

1051 2507 1127 2538 423.
1155 2506 1252 2539 humi
1279 2510 1319 2539 ef.
1353 2509 1378 2544 Ι,
1408 2507 1482 2539 193.
1518 2526 1556 2530 —
1597 2508 1725 2552 ingens
1752 2519 1809 2540 esr-

1003 2553 1162 2585 tenditur
1184 2558 1254 2585 toto
1275 2557 1378 2585 antro
1401 2556 1440 2585 cf.
1467 2554 1498 2591 3,
1523 2554 1599 2584 631.
1649 2557 1810 2591 Quantum

1001 2602 1099 2631 fuerit
1130 2606 1259 2630 antrum
1291 2610 1355 2630 non
1386 2602 1517 2638 dicitur,
1558 2603 1614 2631 sed
1645 2603 1699 2637 qui
1731 2603 1810 2639 legit

1004 2648 1101 2677 facile
1125 2648 1297 2682 inducitur,
1332 2652 1364 2676 ut
1391 2655 1545 2683 magnum
1567 2653 1655 2683 putet
1678 2653 1807 2678 antrum

1004 2702 1090 2723 esse.

1052 2736 1128 2767 424.
1156 2736 1300 2768 custode
1326 2736 1462 2778 sepulto
1495 2747 1540 2769 sc.
1567 2747 1680 2769 somno
1705 2740 1752 2768 ita
1776 2737 1807 2777 2,

1006 2783 1083 2813 265.
1109 2800 1147 2804 —
1174 2785 1322 2824 occupat
1343 2784 1479 2813 Aeneas
1501 2782 1652 2823 aditum,
1671 2786 1811 2821 „raptim

1006 2830 1207 2867 ingreditur*
1233 2832 1264 2858 S.
1305 2834 1480 2865 antequam
1508 2831 1668 2860 Cerberus
1691 2840 1808 2866 exper-

1006 2877 1154 2913 giscitur.
1203 2877 1283 2904 Item
1309 2873 1386 2904 635.

1052 2919 1130 2950 425.
1160 2918 1395 2950 Irrcmeabilis
1420 2922 1508 2951 unda
1533 2926 1599 2960 est,
1634 2930 1691 2957 per
1714 2929 1811 2956 quam

1006 2967 1126 2997 animis
1152 2974 1297 2996 remeare
1320 2975 1383 2996 non
1409 2967 1502 3005 licet3
1532 2972 1567 2997 ut
1591 2968 1810 2997 irremeabilis

1006 3021 1103 3043 error
1128 3013 1244 3043 dieitur
1267 3013 1492 3050 Labyrinthus
1518 3013 1549 3052 5,
1578 3010 1655 3042 591.
