2023 3350
770 93 1006 127 AENEIDOS
1034 96 1119 128 LlB.
1145 96 1188 128 11.

1753 97 1802 135 71

163 207 246 248 Hic
281 207 455 249 Ithacus
493 211 636 249 vatem
673 221 830 262 magno
872 207 1110 250 Calchanta
1143 209 1332 251 tumultu

161 265 384 307 Protrahit
416 265 461 306 in
498 265 682 316 medios3
725 280 835 320 quae
874 267 959 308 sint
995 280 1046 308 ea
1084 266 1260 308 numina
1299 267 1452 319 divom,

161 322 362 376 Flagitat.

428 323 485 364 Et
519 322 624 364 mihi
658 323 745 364 iam
780 324 904 366 multi
940 324 1113 366 crudele
1148 324 1361 366 canebant

160 379 350 422 Artificis
388 380 525 422 scelus
564 384 607 422 et
643 382 768 423 taciti
801 386 979 424 ventura
1014 381 1227 423 videbant.

1723 383 1803 422 125

161 438 234 480 Bis
277 439 430 492 quinos
467 438 565 480 silet
602 438 674 480 ille
710 439 799 481 dies
838 444 1063 494 tectusque
1100 442 1271 481 recusat

161 495 350 538 Prodere
387 510 489 538 voce
525 511 603 538 sua
637 511 896 551 quemquam
932 503 1009 540 aut
1043 511 1261 551 opponere
1293 496 1440 538 morti:

162 554 244 595 Vix
281 554 474 606 tandem⁷
519 556 687 608 magnis
721 555 860 597 Ithaci
898 555 1158 597 clamoribus
1193 558 1328 606 actus,

162 611 410 666 Composito
442 613 603 666 rumpit
637 627 783 654 vocem
824 618 866 655 et
905 628 970 655 me
1009 613 1198 655 destinat
1239 626 1354 654 arae.

159 669 398 711 Adsensere
437 684 603 722 omnes,
651 675 693 712 et
732 685 840 725 quae
876 671 958 713 sibi

999 672 1181 725 quisque
1216 669 1407 720 timebat,
1723 672 1802 710 130

161 727 297 769 Unius
334 728 377 768 in
411 728 556 770 miseri
593 729 768 770 exitium
808 743 1013 771 conversa
1046 728 1193 770 tulere.

158 785 336 839 Iamque
374 785 464 828 dies
499 786 677 828 infanda
717 787 888 839 aderat;
934 787 1037 828 mihi
1073 799 1198 828 sacra
1235 785 1394 838 parari,

161 843 218 884 Et
252 844 390 885 salsae
427 844 588 898 fruges,
641 848 684 886 et
720 846 880 886 circum
916 849 1111 898 tempora
1149 844 1294 884 vittae.

159 901 327 955 Eripui,
375 901 535 953 fateor,
581 902 669 944 leto
707 917 791 954 me,
836 907 879 944 et
918 902 1087 943 vincula
1125 901 1233 954 rupi,

159 959 420 1013 Limosoque
454 959 553 1001 lacu
586 974 664 1013 per
700 965 870 1002 noctem
911 960 1117 1001 obscurus
1155 959 1199 999 in
1235 956 1333 998 ulva

1718 958 1798 996 135

159 1017 341 1066 Delitui,
384 1016 484 1058 dum
521 1017 616 1059 vela
658 1018 825 1069 darent,
871 1018 906 1059 si
940 1017 1052 1058 forte
1092 1015 1320 1057 dedissent.

158 1149 244 1183 loco,
280 1148 363 1182 quod
394 1147 570 1175 infaustum
602 1151 649 1176 est
673 1148 777 1177 dicere
814 1152 954 1176 mortem.

159 1193 213 1222 Sic
237 1193 399 1227 explicant
433 1190 513 1220 Wd.
547 1189 608 1221 Ld.
646 1209 683 1212 —
718 1195 826 1222 Potest
860 1194 955 1222 etiam

157 1239 335 1267 subiectum
367 1246 440 1267 esse
473 1236 618 1267 oracula
650 1247 691 1267 ex
717 1247 748 1267 v.
775 1236 856 1269 114.
894 1248 955 1273 quo

157 1292 219 1312 non
245 1284 432 1320 offenderis,
457 1284 485 1312 si
509 1284 654 1313 conferes
681 1283 710 1319 3,
735 1282 816 1318 484;
849 1285 953 1313 obiec-

157 1334 223 1358 tum
258 1330 355 1366 igitur
385 1335 433 1358 est
465 1328 546 1362 fata
578 1330 598 1358 i.
631 1341 657 1359 e.
691 1336 837 1360 mortem:
873 1333 954 1365 quod

156 1376 359 1411 saepissime.
414 1377 474 1404 Sed
505 1376 619 1404 iterum
646 1377 727 1405 idem
753 1378 802 1406 bis
829 1378 956 1413 dicitur,

156 1423 238 1456 quod
257 1423 384 1450 etiamsi
405 1423 525 1450 malum
547 1431 611 1450 non
634 1428 691 1455 est.
713 1424 878 1457 quaeritur
903 1428 952 1451 ta-

157 1476 246 1501 men.
277 1475 320 1497 an
342 1469 382 1496 sit
416 1468 656 1503 praeferendum
681 1470 728 1498 sic
756 1472 853 1498 verba
880 1470 955 1497 iun-

156 1522 247 1549 gere:
263 1521 359 1553 quem
371 1513 676 1550 (interrogativum)
686 1518 804 1553 pos-cae
818 1513 954 1554 Apollo,

157 1557 214 1588 cui
233 1558 317 1597 fata
337 1558 506 1595 (mortem)
529 1563 655 1599 parent
675 1569 719 1589 sc.
743 1562 866 1590 Graeci.
906 1563 955 1589 lta

154 1607 282 1644 parcnt
310 1606 486 1634 subiectum
515 1608 624 1642 habet,
662 1609 743 1641 quod
770 1612 870 1642 potest
896 1610 955 1636 ba-

155 1653 230 1680 bere
258 1652 456 1686 proximum:
496 1661 557 1680 non
589 1657 634 1681 est
666 1654 822 1682 omissum
848 1654 954 1681 obiee-

155 1702 238 1732 tum3
265 1706 369 1733 neque
395 1699 567 1732 quidquam
592 1700 631 1727 ad
657 1700 738 1728 illud
760 1702 879 1738 pmcne
907 1705 954 1727 est

156 1745 368 1778 supplendum
399 1753 501 1779 neque
531 1746 641 1773 eadem
666 1746 715 1773 bis
739 1746 855 1774 dicitur
879 1754 954 1774 sen-

154 1790 263 1818 tentia.
321 1791 385 1825 Ap.
418 1791 509 1819 ovid.
543 1793 584 1819 M.
631 1788 684 1828 14,
722 1789 796 1820 213.
839 1792 954 1826 legitur

149 1834 236 1872 fala
277 1833 402 1874 parari
440 1845 494 1870 pro
540 1839 679 1865 mortem
726 1836 863 1877 parari.
909 1853 953 1858 —

161 1877 270 1918 Quum
297 1880 377 1915 sata
402 1883 524 1920 parent
559 1879 639 1910 Wd.

207 1923 278 1953 123.
309 1923 406 1963 Quae
437 1924 582 1955 numina
616 1929 636 1956 i.
663 1938 689 1956 e.
717 1937 799 1962 (ulae
824 1930 953 1957 deorum

158 1973 310 2000 voluntas
335 1972 375 2000 sit
399 1973 580 2008 significata
603 1974 640 2003 cf.
674 1972 698 2007 Ι,
719 1973 748 2002 4.
796 1972 847 2003 Pl.
870 1976 951 2004 coni.

157 2025 246 2056 qnae
270 2015 410 2057 signent
438 2027 470 2046 n.
498 2016 530 2046 d.

205 2061 278 2091 124.
312 2061 504 2097 cauebant.
530 2065 763 2098 praedicebant.
821 2063 953 2094 Canerc

155 2109 241 2138 enim
268 2113 380 2138 vatum
403 2114 450 2137 est
476 2110 514 2139 cs.
544 2107 617 2138 176.
652 2109 682 2140 3.
709 2108 784 2138 373.
819 2111 849 2145 5,
875 2109 950 2139 524.

155 2156 186 2190 ὅ,
211 2152 264 2183 49.
292 2153 368 2184 499.
408 2152 460 2188 12,
487 2154 539 2183 28.
567 2158 625 2185 Ov.
649 2159 691 2184 M.
721 2154 750 2190 2,
779 2155 853 2184 639.
883 2158 951 2185 Tib.

156 2198 187 2237 2,
213 2200 243 2235 5,
271 2199 322 2230 63.
359 2200 388 2234 3,
413 2200 443 2238 4,
469 2199 510 2228 77
536 2204 578 2230 al.

202 2244 276 2275 125.
308 2245 445 2284 Artifex
481 2252 527 2275 est
558 2248 706 2283 mys-ses.
751 2264 787 2267 —
838 2245 954 2277 Taciti

156 2289 340 2327 videbant.
380 2295 462 2328 quod
494 2294 723 2328 praevidebant
755 2295 820 2322 iam
853 2303 954 2329 neque

155 2343 264 2367 tamen
289 2341 526 2374 eloquebantur.

204 2381 277 2413 126.
310 2383 515 2425 Tectnsqne.

156 2434 267 2467 tegens
293 2432 433 2460 consilia
457 2439 528 2460 sua.

207 2473 280 2504 127.
308 2475 377 2505 Aut
403 2478 442 2506 cf.
467 2475 519 2506 37.
572 2475 722 2507 Prodere
756 2482 805 2506 est
834 2478 867 2505 in
893 2485 953 2512 pu-

157 2523 277 2551 blicum
301 2523 409 2557 edere.
433 2523 506 2558 quis
532 2525 712 2553 destinatus
737 2525 789 2552 sit.

204 2565 279 2595 129.
312 2565 524 2607 Composito,
563 2574 597 2598 ut
623 2579 696 2599 cum
719 2571 842 2605 Ulysse
867 2578 952 2598 com-

157 2614 298 2649 positum
322 2618 404 2644 erat:
432 2615 477 2643 ita
501 2617 561 2644 hoc
584 2616 774 2645 adverbium
798 2623 849 2650 ap.
874 2617 951 2650 Nep.

155 2661 227 2689 Dat.
255 2658 293 2695 6;
335 2660 420 2688 alias
446 2668 486 2689 ex
509 2665 539 2689 ct
563 2658 605 2690 cle
630 2658 818 2701 composito
850 2662 954 2690 usita-

156 2707 230 2735 tius.
259 2721 297 2725 ——
332 2703 476 2745 Rumpit
505 2715 630 2743 vocem,
655 2708 842 2743 prorumpit,
863 2708 955 2736 emit-

157 2753 193 2780 tit
226 2760 355 2785 vocem.
395 2756 491 2780 antea
522 2757 694 2788 retentam;
741 2754 786 2782 ita
820 2751 850 2789 3,
876 2750 952 2781 246.

158 2796 210 2833 11,
231 2795 306 2826 377.
327 2799 385 2826 Ov.
407 2799 448 2825 M.
470 2796 521 2835 10,
543 2795 616 2826 1⁴7.
637 2804 665 2827 et
690 2792 802 2837 ῥῆξον
829 2791 956 2837 φωνὴν

154 2844 257 2872 Arist.
273 2845 353 2872 Nub.
371 2841 446 2872 960.
485 2851 644 2882 rumpere
666 2846 818 2884 questus,
832 2842 863 2879 4,
880 2842 954 2872 553.

155 2889 194 2919 cf.
221 2887 258 2926 3,
284 2887 361 2917 572.
402 2905 440 2909 -
483 2897 535 2917 me
569 2887 722 2919 destinat
759 2898 854 2919 arae.
903 2891 957 2920 Sic

156 2943 213 2971 ap.
229 2936 304 2964 Val.
324 2937 371 2964 Fi.
400 2933 430 2972 2,
455 2933 519 2963 454
545 2935 686 2965 Hesione
706 2941 833 2965 narrat:
868 2934 955 2965 Cru-

157 2979 245 3010 (Ielis
267 2978 418 3021 scopulis
443 2989 496 3010 me
519 2978 674 3010 destinat
696 2989 800 3011 urna.

204 3024 278 3056 131.
304 3028 358 3056 Ad
387 3035 555 3057 conversa
582 3024 693 3057 tulere
717 3028 757 3057 cf.
782 3026 857 3057 169.

561 2394 620 2414 nos
657 2383 823 2415 versteclct
866 2387 886 2414 i.
925 2395 951 2415 e.

1051 1143 1125 1173 132.
1158 1141 1286 1173 Parari
1323 1143 1488 1177 ..infinitus
1522 1143 1635 1171 modus
1663 1150 1718 1176 pro
1752 1142 1801 1169 in-

1003 1192 1156 1223 dicativo.
1184 1195 1212 1219 et
1238 1195 1284 1218 est
1311 1190 1412 1226 figura
1436 1189 1800 1224 historiograpboru111⁵:

1003 1239 1034 1265 S.
1070 1241 1099 1265 et
1125 1241 1172 1266 est
1196 1244 1250 1271 pro
1277 1235 1480 1271 imperfecto.
1514 1235 1744 1268 adhibeturque
1769 1234 1801 1261 in

1002 1292 1035 1311 re
1072 1283 1281 1311 describenda
1314 1286 1347 1310 ut
1380 1279 1455 1309 685.
1492 1278 1521 1316 3,
1551 1278 1626 1308 141.
1668 1278 1699 1310 8.
1723 1277 1799 1307 493.

1006 1327 1057 1365 12,
1083 1327 1167 1364 216,
1202 1329 1274 1356 inde
1300 1328 1332 1356 in
1358 1336 1392 1356 re
1417 1334 1500 1362 quae
1523 1327 1656 1362 saepius
1680 1326 1728 1363 tit⁷
1768 1330 1802 1353 ut

1004 1373 1055 1403 98.
1097 1373 1126 1404 4.
1152 1372 1227 1402 422.
1264 1371 1294 1407 7,
1322 1370 1373 1401 15.
1417 1370 1467 1410 11,
1492 1370 1569 1401 822.
1604 1374 1639 1401 G.
1667 1370 1697 1407 1,
1726 1368 1799 1400 199.

1003 1418 1033 1452 4,
1058 1418 1131 1449 134.
1173 1421 1219 1448 Cf.
1248 1422 1301 1448 Gr.
1327 1420 1348 1453 ς
1375 1416 1450 1447 462.
1486 1435 1522 1438 -
1555 1420 1606 1447 Ad
1632 1415 1717 1447 mihi
1744 1425 1801 1446 sa·-

1003 1475 1061 1495 cra
1083 1464 1209 1506 parari
1233 1466 1271 1495 cf.
1299 1468 1357 1494 ΟΥ.
1382 1468 1423 1493 Μ.
1449 1463 1500 1499 13,
1524 1463 1589 1493 454
1618 1461 1802 1503 Sensitque

1003 1512 1215 1548 (Polyxena)
1240 1509 1305 1540 sibi
1319 1510 1401 1548 sera
1424 1519 1525 1540 sacra
1545 1508 1679 1551 parari.
1713 1511 1802 1544 Quae

1003 1566 1061 1587 eae
1088 1567 1138 1587 res
1167 1565 1280 1586 sacrae
1306 1558 1385 1593 sint.
1419 1558 1451 1585 in
1473 1557 1678 1592 sequentibus
1703 1564 1799 1585 accu-

1002 1606 1104 1633 ratius
1136 1605 1311 1635 indicatur.
1351 1612 1396 1633 sc.
1426 1600 1542 1632 sals-ae
1561 1602 1693 1642 fruges
1727 1603 1746 1631 i.
1773 1611 1799 1630 e.

1002 1653 1087 1680 mola
1123 1652 1230 1679 salsa:
1275 1657 1359 1684 ..qua
1393 1654 1422 1678 et
1458 1649 1548 1678 frons
1585 1649 1735 1678 victimae
1771 1653 1801 1676 et

1002 1697 1063 1726 soei
1089 1699 1345 1731 aspergebantur
1370 1700 1398 1724 et
1425 1695 1528 1724 cultri.
1578 1696 1710 1724 Fiebant
1740 1702 1799 1723 au-

1003 1748 1062 1772 tem
1088 1745 1125 1771 de
1149 1745 1248 1771 horna
1276 1742 1368 1776 fruge
1394 1746 1422 1769 et
1447 1744 1546 1770 horno
1574 1742 1678 1770 sale.“
1701 1743 1731 1769 S.
1759 1740 1798 1769 cf.

1002 1787 1031 1821 4,
1058 1788 1134 1817 517.
1166 1787 1218 1821 12,
1247 1786 1320 1816 172.

1052 1834 1124 1863 133.
1160 1832 1264 1863 l'iuis
1290 1836 1442 1864 victimae
1467 1836 1720 1869 coronabantur,
1759 1832 1797 1861 cf.

1004 1878 1077 1910 156.
1123 1881 1154 1913 5,
1181 1879 1245 1909 366
1277 1886 1305 1909 et
1339 1884 1373 1909 G.
1402 1879 1429 1915 3.
1457 1878 1521 1908 486
1556 1879 1662 1908 Stans
1685 1876 1800 1907 hostia

1001 1925 1047 1955 ad
1083 1935 1179 1955 aram
1211 1924 1329 1955 Lama
1357 1924 1439 1955 dum
1471 1924 1575 1954 nivea
1605 1921 1800 1954 circumda-

1002 1975 1058 2001 tnr
1084 1970 1201 2010 infula
1229 1970 1330 2001 vieta.
1380 1974 1488 2001 Villae
1518 1976 1641 2005 autem.
1673 1976 1745 1999 sunt
1770 1975 1799 1998 et

1001 2020 1130 2047 deorum
1156 2018 1194 2047 cf.
1218 2017 1246 2053 3.v
1277 2016 1359 2048 174.
1397 2024 1424 2047 et
1451 2020 1652 2047 sacerdotum
1679 2017 1717 2045 cf.
1745 2013 1798 2051 10,

1001 2063 1084 2092 536.
1110 2069 1138 2092 et
1166 2073 1293 2100 regum.
1321 2067 1405 2093 unde
1430 2065 1577 2093 diadema
1603 2068 1705 2092 ortum
1737 2067 1796 2094 est.

1002 2109 1099 2144 {quod
1130 2111 1217 2138 docet
1243 2111 1340 2139 Alex.
1369 2114 1409 2139 ab
1435 2112 1532 2139 Alex.
1556 2112 1590 2139 G.
1614 2111 1650 2138 D.
1685 2107 1711 2143 Ι,
1737 2106 1793 2143 281

1001 2160 1028 2183 et
1061 2155 1232 2183 mulierum
1271 2156 1309 2184 cf.
1344 2154 1416 2185 165⁴.
1462 2173 1499 2176 —
1541 2157 1588 2185 De
1619 2155 1797 2184 infularum

1002 2201 1101 2229 forma
1129 2201 1166 2229 cf.
1196 2199 1247 2235 10.
1273 2199 1351 2230 53⁶3.

1051 2244 1124 2273 134.
1152 2246 1233 2274 Vide
1262 2254 1358 2280 quam
1385 2247 1573 2280 religiosum
1605 2255 1641 2275 se
1670 2246 1799 2275 simulet

1004 2293 1095 2321 Sine.
1135 2292 1189 2326 qui
1222 2294 1303 2326 quod
1328 2293 1367 2320 ad
1397 2300 1491 2321 sacra
1515 2293 1695 2321 destinatus
1718 2291 1798 2320 effu-

1001 2339 1092 2373 gerit.¹
1117 2342 1269 2372 tanquam
1291 2338 1382 2366 nefas
1403 2338 1565 2366 fatendum
1583 2342 1681 2372 putat.
1714 2337 1796 2365 Vin-

1001 2384 1084 2413 culis
1115 2389 1222 2412 autem
1255 2384 1410 2413 coercitus
1440 2383 1562 2421 fuerat,
1601 2391 1640 2411 ne
1674 2383 1798 2419 fugeret

1000 2435 1073 2459 ante
1100 2438 1237 2458 sac-rum.

1049 2474 1122 2504 135.
1150 2474 1313 2504 obscurus
1339 2472 1463 2503 delitui
1487 2475 1525 2504 cf.
1553 2473 1582 2507 4,
1605 2472 1658 2502 22.

1048 2519 1122 2549 136.
1155 2518 1241 2549 Dum
1282 2519 1358 2549 vela
1393 2518 1517 2549 darent
1549 2521 1587 2550 cf.
1626 2518 1662 2557 1,
1687 2520 1718 2549 5.
1767 2517 1797 2548 si

994 2567 1091 2606 sorte
1117 2565 1290 2595 dedissent
1322 2567 1360 2596 cf.
1388 2564 1440 2595 94.
1488 2568 1600 2601 Itaque
1623 2575 1664 2595 ex
1689 2574 1796 2603 gram-

1000 2614 1138 2643 maticae
1169 2614 1293 2649 legibus
1328 2616 1407 2642 haec
1436 2613 1679 2649 interpungendi
1702 2613 1795 2649 ratio,

1000 2668 1097 2695 quani
1122 2660 1187 2687 iam
1215 2660 1349 2687 Servius
1381 2663 1510 2688 secutus
1543 2663 1591 2687 est
1621 2663 1649 2687 et
1682 2667 1794 2688 recen-

1003 2711 1050 2735 tes
1073 2706 1230 2738 editores.
1259 2706 1339 2733 satis
1369 2705 1528 2739 firmatur;
1562 2713 1663 2740 neque
1686 2705 1795 2734 minus

1002 2761 1044 2781 ex
1076 2752 1247 2780 sententia:
1290 2758 1365 2779 nam
1396 2751 1466 2779 iure
1499 2755 1621 2786 poterat
1651 2751 1796 2780 dubitare

1003 2799 1095 2826 Sino.
1125 2798 1200 2831 quid
1224 2797 1339 2825 facturi
1364 2801 1470 2825 essent
1495 2797 1627 2834 Graeci,
1659 2805 1793 2832 quorum

1003 2854 1020 2873 e
1054 2844 1204 2873 manibus
1239 2843 1343 2871 nostia
1373 2843 1539 2880 effugerat;
1575 2851 1651 2872 num
1687 2848 1795 2872 essent

1003 2890 1131 2919 abituri.
1171 2885 1259 2917 Hm.-
1285 2886 1364 2916 (lum
1384 2887 1475 2925 vela,
1496 2886 1621 2918 darent
1643 2886 1672 2917 si
1692 2888 1794 2925 forte,

1003 2933 1195 2968 ‹ledis-scum
1236 2934 1289 2968 qui
1325 2935 1406 2963 illud
1439 2932 1470 2963 si
1500 2933 1592 2970 forte
1621 2932 1796 2963 dedissent

1003 2984 1043 3011 ab
1073 2981 1183 3010 aliena
1207 2987 1305 3009 manu
1328 2989 1401 3009 esse
1429 2982 1587 3010 adiectum
1619 2989 1682 3009 non
1711 2982 1793 3009 mul-

1003 3032 1070 3056 tum
1094 3029 1184 3055 abest
1211 3026 1287 3061 quin
1314 3028 1491 3056 contendat.
