2023 3350
214 167 293 206 120

768 163 809 195 P.
833 162 1026 195 VIRGILII
1059 162 1269 197 MARONIS

209 277 353 318 Tertia
384 275 457 317 sed
492 279 721 329 postquam
759 274 919 314 maiore
952 273 1129 316 hastilia
1161 277 1255 317 nisu

209 333 447 386 Adgredior
480 332 740 386 genibusque
774 330 980 372 adversae
1015 331 1210 374 obluctor
1249 346 1402 374 arenae
1440 357 1497 363 ——

209 391 418 443 Eloquar,
461 404 514 431 an
547 389 724 430 sileam?
760 414 815 419 —-
849 389 1029 441 gemitus
1065 389 1341 432 lacrimabilis
1376 391 1460 432 imo

209 447 391 489 Auditur
422 446 601 497 tumulo,
650 449 692 487 et
726 459 809 487 vox
851 445 1023 488 reddita
1058 446 1194 488 fertur
1228 448 1284 489 ad
1320 461 1469 489 aures:

209 504 320 554 Quid
361 504 578 554 miserum,
616 503 777 555 Aenea,
814 503 1006 545 laceras?

208 562 340 602 Parce
377 562 470 615 pias
508 560 717 602 scelerare
752 575 915 602 manus.

209 619 444 660 Externum
480 618 582 659 tulit
617 622 691 659 aut
732 631 859 659 cruor
896 617 966 659 hic
1001 618 1053 660 de
1090 619 1237 673 stipite
1274 623 1434 661 manat.

208 676 323 717 Heu!
366 675 466 729 fuge
497 675 688 717 crudeles
731 679 889 727 terras,
930 675 1031 729 fuge
1068 676 1171 717 litus
1209 691 1396 718 avarum.

208 734 317 774 Nam
354 732 589 787 Polydorus
624 747 714 787 ego.

207 791 405 832 Telorum
444 804 564 844 seges
599 794 642 832 et
681 791 832 833 iaculis
867 789 1048 832 increvit
1078 791 1227 832 acutis.

207 849 313 890 Tum
347 862 446 890 vero
484 848 662 902 ancipiti
701 851 883 890 mentem
922 847 1149 890 formidine
1184 862 1356 902 pressus

211 906 425 959 Obstipui,
470 909 766 959 steteruntque
800 919 968 958 comae,
1015 909 1057 947 et
1094 919 1178 947 vox
1213 905 1411 947 faucibus
1451 905 1601 946 haesit.

321 963 444 1004 Hunc
480 963 735 1017 Polydorum
776 963 870 1005 auri
908 964 1125 1018 quondam
1158 977 1253 1004 cum
1287 963 1478 1018 pondere
1514 976 1669 1016 magno

209 1020 364 1062 Infelix
402 1021 596 1063 Priamus
634 1021 782 1063 furtim
815 1021 1045 1063 mandarat
1080 1021 1281 1063 alendum

208 1158 249 1189 27
281 1158 335 1190 Me
361 1163 501 1190 truncus
535 1158 684 1201 illapsus
718 1159 853 1191 cerebro
888 1164 1001 1192 sustu-

208 1203 313 1243 lerat,
346 1203 416 1235 nisi
438 1204 583 1237 Faunus
608 1206 711 1237 ictum
740 1205 862 1237 deaetra
889 1205 1003 1237 levas-

211 1254 274 1280 set.
316 1253 362 1281 Cf.
389 1251 418 1287 2,
446 1250 520 1281 146.

254 1294 305 1326 38.
338 1295 515 1335 Obluctor,
555 1295 784 1327 lacrimabilis
815 1306 913 1328 voces
946 1307 1003 1328 no-

208 1351 281 1377 vae,
304 1341 432 1381 tabum,
460 1341 646 1373 increscere
672 1344 825 1379 poeticae.

254 1386 307 1417 39.
337 1386 495 1428 Eloquar
535 1398 591 1417 an.
656 1391 806 1418 Narranti
846 1398 897 1418 res
937 1394 1002 1418 tam

206 1435 289 1463 mira
312 1435 454 1471 videtur,
482 1439 514 1464 ut
538 1439 689 1464 vereatur
714 1443 784 1464 eam
811 1436 934 1472 eloqui,
962 1444 1001 1464 ne

211 1488 318 1509 vanus
342 1480 490 1509 videatur
512 1484 564 1509 aut
590 1482 844 1515 superstitiosus.

253 1524 305 1554 40.
338 1523 527 1555 Reddimus
557 1535 668 1555 vocem
699 1527 799 1556 alicui
824 1535 917 1561 quem
943 1534 1002 1555 au-

207 1571 275 1599 dire
297 1573 458 1600 volumus.

253 1615 306 1645 42.
338 1613 448 1646 Pareo
479 1625 551 1646 cum
582 1618 738 1646 infinitivo
767 1618 910 1654 iungitur
937 1619 1001 1647 iam

206 1664 291 1698 apud
315 1663 382 1691 cat.
410 1663 512 1697 Epith.
547 1660 619 1691 146.
672 1660 731 1691 Nil
765 1666 922 1693 metuunt
949 1661 1001 1692 iu-

204 1716 296 1743 rare,
319 1705 406 1736 nihil
429 1705 629 1747 promittere
651 1711 810 1747 parcunt.
828 1725 872 1728 —
894 1706 1002 1738 Parce

206 1763 232 1783 c.
260 1753 314 1781 inf.
342 1757 388 1781 est
411 1762 466 1788 pro
492 1751 565 1782 noli
591 1758 618 1782 et
641 1755 874 1783 circumscribit
899 1755 998 1789 impe-

205 1800 346 1828 rativum
383 1800 611 1833 prohibitivum
650 1801 684 1827 E.
718 1799 749 1837 3,
774 1798 826 1828 93.
869 1816 906 1820 —
950 1802 999 1829 Ita

205 1849 395 1879 usurpatum
433 1846 530 1874 etiam
568 1846 676 1884 fuge,
718 1842 832 1883 mitte,
872 1843 999 1875 absiste

204 1888 334 1919 moveri
366 1891 407 1919 A.
442 1889 476 1928 6,
504 1888 577 1919 399.
611 1889 647 1927 S,
672 1889 747 1920 403.
796 1899 839 1920 ne
873 1899 1000 1931 qreaere

205 1933 320 1964 doceri
345 1934 374 1972 6,
401 1933 475 1964 614.
513 1937 559 1965 Cf.
586 1938 637 1965 Gr.
665 1937 686 1970 ,Q
712 1935 786 1966 422.
816 1953 853 1956 -
886 1935 999 1966 Scele-

204 1983 330 2010 rantur
365 1982 385 2010 i.
417 1992 444 2011 e.
489 1984 610 2011 scelere
647 1984 834 2016 polluuntur
872 1991 998 2017 manus,

204 2034 287 2062 quae
327 2028 479 2056 saeviunt
518 2028 550 2056 in
592 2030 877 2064 consanguineum.
945 2029 997 2057 Sic

204 2075 263 2101 ΟΥ.
289 2075 330 2101 Μ.
355 2071 385 2109 7,
412 2071 454 2100 34
479 2071 595 2102 oculos
620 2071 769 2103 videndo
794 2072 997 2110 conscelcro,

204 2119 277 2147 Liv.
298 2115 351 2152 40,
374 2116 394 2146 8
420 2127 522 2147 aures
545 2116 777 2148 conscelerare
802 2120 892 2155 dixit,
916 2122 998 2155 quod

203 2164 314 2193 vident
339 2168 367 2192 et
393 2164 527 2193 audiunt
553 2166 661 2193 scetus
693 2163 903 2201 „Sc-eierare
929 2168 998 2201 pol-

204 2211 292 2239 luere
317 2214 345 2238 et
369 2214 417 2239 est
442 2218 544 2239 sermo
560 2211 731 2239 Plautinus
754 2210 795 2246 [i.
817 2219 845 2240 e.
870 2212 996 2249 vetus),

204 2263 265 2290 quo
291 2255 385 2284 hodie
410 2263 474 2284 non
497 2254 650 2285 utimur.“
676 2258 707 2285 S.

250 2299 302 2329 43.
327 2310 396 2330 non
416 2317 460 2320 —
481 2305 552 2331 aut.
590 2298 669 2331 Non
690 2303 814 2338 utrique
832 2304 996 2332 enuntiato

203 2347 399 2381 propositum
427 2349 468 2376 ad
496 2352 663 2381 utrumque
693 2349 843 2383 pertinet,
883 2354 915 2378 ut
946 2358 999 2377 so-

207 2395 272 2421 lent
295 2393 403 2421 Latini
431 2401 487 2427 ea,
519 2401 600 2429 quae
626 2395 761 2423 duorum
787 2403 859 2423 esse
885 2397 1001 2423 volunt>

202 2439 456 2475 enuntiatorum,
489 2439 521 2467 in
547 2439 702 2474 principio
728 2442 895 2469 collocare.
948 2438 998 2476 10,

203 2481 267 2511 529
299 2481 375 2513 Νοη
396 2481 450 2513 hic
476 2481 623 2513 victoria
645 2483 809 2513 'renerum
835 2482 999 2521 Vertitur,

203 2531 264 2558 aut
290 2526 411 2558 anima
435 2538 506 2558 una
533 2527 630 2558 dabit
657 2528 860 2559 discrimina
887 2533 999 2560 tanta.

203 2575 250 2603 cf.
280 2573 309 2611 2,
335 2572 410 2604 779.
431 2573 506 2603 786.
554 2578 665 2610 Itaque
691 2578 753 2605 aut
778 2585 841 2604 non
867 2576 999 2610 opponi-

207 2623 257 2648 tur
282 2621 461 2657 negationi,
496 2622 551 2649 sed
575 2622 794 2658 subiungit11r;
834 2630 932 2656 quare
955 2624 1003 2650 lo-

205 2673 277 2693 cum
310 2669 402 2695 habet
434 2667 530 2695 etiam
557 2671 627 2701 post
662 2668 828 2702 repetitam
859 2668 1003 2703 negatio-

204 2718 295 2747 nem,
336 2716 369 2740 ut
397 2720 506 2751 neque
530 2728 568 2732 —
595 2721 704 2752 neque
730 2729 773 2732 —-
801 2714 862 2741 aut
892 2717 941 2741 est
972 2710 1001 2749 4,

205 2753 281 2783 338.
308 2755 384 2784 501.
414 2755 464 2795 11,
487 2756 564 2786 802.
593 2756 644 2795 12,
671 2756 746 2786 135.
778 2759 852 2786 Hor.
877 2760 942 2787 Sat.
974 2757 1000 2792 1,

205 2798 237 2834 6,
263 2798 315 2828 68.
345 2799 374 2837 9,
401 2801 453 2831 31.
481 2800 636 2839 2,1,1-’1.
670 2802 700 2840 2,
718 2802 769 2832 22.
799 2804 833 2832 C.
855 2801 951 2841 3,12,
970 2802 1000 2832 2.

204 2843 258 2882 23,
284 2843 314 2873 7.
355 2847 388 2874 C.
414 2845 443 2882 1,
468 2846 497 2885 4,
525 2847 542 2876 3
575 2858 636 2878 nec
659 2866 703 2868 —
728 2850 808 2886 aut,
833 2857 911 2886 nec,
947 2850 1001 2878 11111

205 2892 269 2919 aut
300 2892 503 2922 subiunctum
535 2898 583 2922 est
608 2895 717 2930 priori.
767 2895 890 2924 Similis
920 2903 1001 2924 usus

210 2933 238 2972 1,
265 2933 340 2964 413.

251 2978 303 3008 44.
337 2978 435 3010 Litus
467 2991 613 3013 avarum
645 2989 710 3020 est,
748 2986 780 3013 in
813 2994 874 3020 quo
907 2987 1002 3015 avari

210 3030 284 3054 sunt
309 3026 346 3055 cf.
376 3024 404 3063 1,
427 3025 502 3056 355.

254 3068 306 3099 46.
333 3069 486 3112 „Seges,
510 3075 684 3104 multitudo.
735 3077 872 3106 Plautus
896 3078 1003 3106 Aulu-

1047 504 1132 545 iam
1168 519 1297 558 parce
1337 505 1528 558 sepulto,
1785 450 1840 489 40

975 561 1071 602 Non
1109 576 1175 603 me
1205 562 1285 604 tibi
1317 563 1444 604 Troia

773 733 855 774 Hic
894 732 1104 774 confixum
1138 733 1278 776 ferrea
1312 735 1420 776 texit
1786 736 1839 774 45

1789 1022 1841 1060 50

1049 1162 1134 1191 laria
1161 1158 1217 1199 (1,
1244 1158 1274 1199 1,
1301 1159 1358 1197 6]:
1404 1157 1621 1190 stimulorum
1649 1157 1773 1201 seges“
1811 1162 1843 1188 S.

1050 1209 1118 1236 Hoc
1152 1209 1220 1237 loco
1252 1207 1475 1244 aptissimum,
1512 1208 1595 1241 quod
1626 1210 1655 1235 et
1682 1207 1843 1235 iaciuntur

1049 1254 1184 1282 hastilia
1208 1257 1235 1281 et
1260 1254 1451 1281 increscunt.
1494 1268 1531 1271 —
1572 1249 1770 1288 „Im-revit,
1795 1252 1844 1280 in-

1050 1299 1160 1327 viruit.
1209 1299 1320 1327 Traxit
1344 1302 1451 1326 autem
1475 1300 1534 1328 hoc
1556 1299 1593 1327 de
1618 1298 1754 1326 historia
1775 1299 1842 1326 Ro-

1049 1352 1155 1373 mana.
1205 1346 1285 1373 Nam
1318 1345 1493 1379 Romulus,
1536 1348 1660 1379 captato
1694 1344 1841 1380 augurio,

1049 1393 1176 1419 hastam
1206 1392 1242 1418 de
1267 1390 1432 1419 Aventino
1457 1392 1562 1418 monte
1593 1390 1625 1417 in
1655 1390 1842 1418 Palatinum

1050 1437 1138 1472 iecit,
1177 1444 1258 1471 quae
1284 1436 1348 1464 fixa
1373 1435 1510 1463 fronduit
1533 1439 1563 1464 et
1588 1437 1733 1463 arborem
1757 1435 1840 1464 fecit.

1048 1483 1270 1516 vituperabile
1295 1482 1379 1510 enim
1410 1485 1455 1509 est
1482 1485 1607 1515 poetam
1636 1481 1761 1515 aliquid
1785 1481 1843 1509 fin-

1049 1536 1132 1563 gere,
1155 1529 1235 1561 quod
1256 1527 1384 1562 penitus
1407 1534 1427 1555 a
1453 1527 1586 1555 veritate
1612 1524 1788 1556 discedat.“
1810 1528 1842 1555 S.

1052 1589 1089 1592 ——
1118 1575 1209 1611 Nota,
1231 1577 1424 1608 quantopere
1446 1577 1540 1607 poeta
1563 1573 1657 1601 nisus
1682 1572 1735 1609 sit,
1755 1576 1791 1601 ut
1813 1576 1844 1600 et

1050 1620 1145 1648 decus
1170 1619 1347 1647 narrationi
1372 1619 1559 1647 conciliaret.
1577 1622 1607 1646 et
1631 1619 1842 1654 gravitatem;

1051 1665 1122 1693 inde
1142 1665 1239 1693 etiam
1262 1665 1321 1692 illa
1342 1664 1482 1693 variatio
1508 1665 1541 1692 in
1561 1664 1749 1693 vocabulisz
1773 1664 1842 1692 vir-

1049 1712 1159 1747 gulta,
1186 1710 1340 1746 hastilia,
1367 1710 1472 1743 silva,
1497 1717 1622 1746 ramus,
1652 1712 1765 1746 arbor,
1791 1709 1844 1738 vi-

1048 1764 1136 1792 men,
1162 1760 1286 1792 cortex,
1312 1756 1429 1790 stipes,
1455 1763 1547 1790 seges
1572 1758 1725 1793 telorum,
1750 1755 1840 1784 iacu-

1045 1803 1112 1830 lum
1139 1801 1176 1830 cf.
1204 1802 1312 1830 simile
1338 1799 1369 1837 2,
1393 1799 1469 1829 230.
1496 1799 1526 1838 7,
1548 1797 1622 1829 109.

1093 1844 1144 1875 47.
1172 1844 1330 1887 Ancipiti
1355 1847 1375 1875 i.
1406 1856 1431 1875 e.
1464 1852 1533 1875 orta
1563 1851 1593 1875 et
1617 1855 1658 1875 ex
1683 1846 1843 1883 sanguine

1045 1896 1075 1921 et
1099 1901 1139 1921 ex
1165 1901 1253 1921 voce.

1092 1936 1144 1966 48.
1170 1940 1256 1967 Idem
1281 1946 1397 1966 versus
1422 1935 1452 1973 2,
1478 1934 1554 1966 774.
1590 1935 1643 1975 12,
1670 1935 1747 1967 868.
1793 1938 1839 1967 Cf.

1045 1982 1098 2012 30.
1162 1984 1297 2012 Botliius
1332 1984 1471 2013 correxit
1510 1980 1681 2023 Obstipui.
1739 1980 1842 2013 Hunc

1046 2027 1127 2058 anri
1160 2038 1191 2068 q.
1219 2038 1243 2058 c.
1269 2038 1304 2069 p.
1330 2037 1392 2065 nr,
1433 2029 1554 2058 omisso
1583 2029 1710 2058 nomine
1740 2030 1843 2058 homi-

1044 2075 1112 2104 nis!
1133 2076 1213 2109 Quid
1241 2084 1304 2104 non
1321 2080 1458 2104 tentatur
1475 2075 1657 2104 criticorum
1674 2076 1842 2105 acumine!

1076 2152 1249 2184 49—68.
1299 2151 1462 2195 Polydori
1500 2161 1595 2184 mors
1627 2155 1660 2184 et
1692 2151 1811 2183 funus.

1090 2209 1143 2240 49.
1177 2209 1396 2252 Polydorum,
1420 2212 1520 2241 filium
1544 2213 1729 2249 parvulum,
1748 2212 1843 2240 Pria-

1045 2266 1116 2286 mus
1142 2258 1398 2295 Polymnestori,
1441 2258 1599 2286 Thraciae
1628 2257 1696 2294 regi
1729 2261 1758 2286 et
1785 2266 1840 2294 ge-

1045 2312 1120 2332 nero
1145 2311 1203 2332 suo
1230 2312 1284 2338 per
1302 2304 1400 2332 filiam
1417 2304 1570 2339 Ilionam,
1607 2302 1666 2337 [cf.
1694 2299 1723 2340 1,
1749 2301 1835 2339 654)

1046 2351 1246 2378 educandum
1285 2349 1427 2385 tradidit,
1465 2349 1648 2383 addiditque
1686 2356 1839 2385 magnum

1045 2395 1117 2423 auri
1158 2396 1298 2429 pondus3
1341 2395 1433 2423 cuius
1469 2395 1642 2429 cupiditate
1684 2395 1838 2424 incensus

1046 2449 1103 2469 rex
1128 2441 1224 2468 Troia
1250 2448 1269 2469 a
1296 2441 1429 2469 Graecis
1453 2444 1547 2475 capta
1569 2442 1763 2476 Polydorum
1785 2449 1838 2470 oc-

1046 2486 1131 2515 cidit.
1189 2487 1367 2514 Secundum
1399 2486 1575 2522 Virgilium
1608 2487 1726 2515 iaculis
1764 2495 1841 2515 con-

1046 2531 1131 2567 fixit,
1173 2534 1346 2560 secundum
1371 2532 1479 2566 Eurip.
1515 2533 1591 2561 Hec.
1624 2532 1692 2560 init.
1724 2535 1754 2560 et
1780 2534 1839 2561 ov:

1046 2579 1088 2605 M.
1117 2574 1175 2613 13,
1201 2575 1275 2605 429.
1302 2574 1377 2606 438.
1404 2575 1597 2606 527-575
1631 2585 1747 2613 corpus
1777 2579 1840 2606 Po-

1050 2623 1154 2657 lydori
1180 2623 1210 2650 in
1238 2630 1326 2652 mare
1357 2623 1497 2658 proiecit.
1536 2639 1573 2643 ——
1608 2625 1678 2653 Huc
1707 2624 1841 2658 pertinet

1052 2669 1130 2696 illud
1167 2669 1282 2697 Plinii:
1328 2669 1505 2705 „Oppidum
1544 2670 1655 2698 Aenos
1694 2669 1838 2703 liberum,

1049 2722 1121 2742 cunt
1150 2715 1302 2750 Polydori
1336 2713 1480 2743 1111111110“
1516 2711 1545 2750 4,
1579 2712 1617 2742 11
1659 2719 1688 2742 et
1719 2714 1839 2742 Solini:

1048 2761 1225 2795 ..Polydori
1260 2762 1415 2789 tumulum
1448 2761 1586 2789 ostendit
1617 2758 1751 2788 Aenus“
1786 2757 1839 2797 10,

1052 2803 1101 2833 11.
1137 2821 1173 2824 —-
1208 2808 1343 2834 Multum
1377 2809 1416 2834 ab
1445 2809 1506 2835 hac
1536 2805 1708 2835 recentiore
1729 2805 1840 2833 fabula

1048 2851 1161 2879 recedit
1188 2852 1354 2888 Homerus,
1381 2852 1435 2886 qui
1459 2853 1497 2880 Il.
1522 2849 1575 2889 20,
1592 2848 1656 2878 408
1682 2858 1728 2885 sq.
1778 2852 1841 2879 Po-

1050 2897 1194 2931 lydorum
1238 2900 1277 2925 ab
1316 2898 1445 2926 Achille
1485 2901 1559 2926 ante
1595 2896 1722 2925 Troiam
1765 2897 1842 2926 dicit

1049 2949 1122 2970 esse
1152 2943 1360 2971 interfectum.

1095 2985 1148 3015 50.
1179 2985 1308 3023 Infelix
1333 2992 1390 3021 est.
1417 2989 1497 3023 quod
1524 2987 1564 3020 id.
1581 2988 1662 3021 quod
1681 2989 1839 3023 voluerat,

1049 3037 1239 3062 consecutus
1264 3042 1327 3062 non
1351 3038 1407 3062 est.
1434 3048 1470 3052 —
1493 3029 1620 3070 furtim
1644 3041 1705 3070 „ne
1725 3033 1840 3063 Graeci

1049 3076 1190 3107 scirent.“
1218 3080 1249 3107 S.
