2023 3350
778 138 1013 172 AENEIDOS
1040 140 1124 172 LIB.
1155 140 1219 172 ΙΙΙ.

1733 140 1812 178 117

169 253 392 296 Antandro
435 256 478 295 et
512 252 724 308 Phrygiae
760 253 962 295 molimur
997 252 1214 295 montibus
1250 253 1366 306 Idae,

167 312 344 363 Incerti,
391 325 475 365 quo
507 311 601 352 fata
638 311 797 362 ferant,
840 311 915 353 ubi
954 312 1103 353 sistere
1137 311 1285 364 detur3

170 369 558 423 Contrahimusque
590 369 715 411 viros.

776 370 858 411 Vix
898 370 1038 424 prima
1076 370 1295 423 inceperat
1330 372 1484 420 aestas,

168 428 226 469 Et
255 431 382 482 pater
410 427 617 469 Anchises
658 427 761 469 dare
799 428 900 469 fatis
937 428 1031 469 Vela
1063 427 1259 469 iubebat:

166 485 318 527 Litora
356 500 485 539 quum
519 485 689 538 patriae
725 486 957 528 lacrimans
998 489 1234 540 portusque
1272 484 1469 538 relinquo
1760 484 1809 522 lO

167 543 225 584 Et
263 557 452 597 campos,
498 543 572 584 ubi
605 543 734 586 Troia
761 543 856 585 fuit.

916 544 1048 586 Feror
1084 544 1204 585 exsui
1240 544 1285 584 in
1318 543 1455 584 altum

168 600 274 643 Cum
314 601 442 643 sociis
475 605 663 656 natoque
699 602 931 644 Penatibus
967 606 1010 643 et
1046 602 1214 656 magnis
1258 601 1336 642 dis.

215 729 244 759 6.
273 729 457 760 Antandro
488 732 508 760 i.
533 741 558 761 e.
587 740 623 761 eo
650 734 733 763 loco.
766 741 826 767 quo
854 736 966 767 postea

165 778 358 806 Antandrus
379 778 506 807 condita
528 782 587 807 est.
622 780 656 806 Id
676 779 770 807 enim.
792 779 966 814 praecipue

167 825 228 853 hoc
253 824 285 852 in
310 824 408 860 libro,
443 824 500 852 tibi
525 829 665 854 occurret
691 825 828 861 legenti,
855 825 962 860 Virgi-

165 870 247 898 lium
284 870 382 903 locis,
420 878 503 905 quae
534 871 667 899 Aeneae
703 876 842 906 tempore
874 874 964 899 erant

165 917 260 953 „sine
280 916 409 944 nomine
429 920 566 953 terrae··,
592 917 723 945 nomina
742 917 860 950 indere,
881 924 964 950 quae

166 967 279 996 postea
313 962 550 993 inclaruerunt:
595 971 697 997 neque
732 964 826 991 aliter
856 963 963 991 facere

164 1008 277 1044 potuit,
302 1008 331 1036 si
353 1009 426 1037 loca
449 1010 579 1037 volebat
604 1009 757 1038 indicare.
790 1010 963 1037 Praeterea

165 1054 408 1083 animadvertes
433 1062 488 1089 per
512 1058 610 1083 totum
633 1062 762 1083 carmen
785 1054 961 1088 Virgilium

165 1100 200 1127 in
225 1102 368 1128 locorum
397 1101 461 1129 situ
486 1101 692 1129 describendo
722 1108 795 1128 esse
825 1101 961 1135 diligen-

167 1146 340 1178 tissimum,
364 1154 468 1181 neque
491 1147 628 1180 profecto
653 1147 686 1174 in
708 1147 750 1174 iis
774 1146 961 1182 regionibus

165 1192 402 1224 describendis,
452 1199 533 1226 quas
580 1192 673 1220 multi
712 1192 850 1220 Romani
897 1191 959 1226 ipsi

165 1238 320 1273 adierant,
346 1242 413 1266 erat
437 1237 573 1274 fingendi
602 1239 703 1265 locus.
754 1234 961 1266 Antandrum

163 1288 197 1312 ut
221 1292 263 1312 ex
287 1286 346 1312 hoc
371 1285 440 1312 loco
466 1284 529 1312 iam
554 1288 703 1318 apparet.
740 1283 772 1311 in
800 1285 876 1311 ldae
906 1291 959 1311 ra-

166 1330 235 1358 dice
260 1329 379 1364 supina
408 1331 610 1358 ascendebat.
660 1329 754 1357 Silva
784 1331 824 1358 ad
856 1337 959 1358 naves

163 1377 379 1404 exstruendas
398 1376 495 1405 etiam
519 1380 629 1410 postea
653 1377 845 1404 abundabat.
881 1377 960 1404 Xen.

164 1423 203 1450 Η.
231 1423 266 1449 G.
296 1419 326 1459 2,
354 1419 381 1450 1.
429 1422 687 1451 Misericordiam
711 1426 816 1450 autent
845 1427 961 1452 movet.

163 1468 245 1503 quod
277 1476 313 1495 eo
345 1468 415 1502 ipso
446 1469 533 1499 loco.
569 1476 630 1502 quo
654 1473 747 1496 antea
781 1469 907 1496 divitiis
932 1473 960 1496 et

162 1514 278 1548 opibus
307 1513 498 1551 affluebant,
530 1514 641 1547 fugam
669 1522 784 1549 parare
810 1519 963 1548 comuntur

164 1559 249 1588 iussi
269 1567 289 1588 a
313 1560 385 1596 diis,
412 1569 474 1588 non
500 1567 520 1588 a
545 1560 677 1589 Graecis
702 1561 871 1595 compulsi.
921 1561 962 1588 Hi

165 1606 249 1634 enim
277 1606 386 1635 statim
411 1614 529 1635 eversa
548 1607 645 1635 Troia
671 1611 744 1635 ante
770 1607 907 1635 hiemem
930 1607 962 1634 in

163 1652 302 1687 patriam
329 1652 454 1681 reversi
479 1657 586 1687 erant;
614 1653 746 1681 Aeneas
777 1661 861 1681 anno
889 1662 961 1688 pro-

162 1698 266 1733 ximo,
303 1698 431 1727 ineunte
452 1707 545 1735 vere,
577 1699 708 1727 Troiam
735 1700 873 1734 reliquit.
921 1715 957 1719 —

166 1740 288 1773 Moliri
314 1744 352 1773 cf.
383 1742 412 1782 2,
442 1742 516 1773 108.

207 1787 237 1818 7.
266 1787 393 1820 Incerti
424 1800 490 1830 qno
518 1789 547 1827 f.
573 1789 606 1829 f.
656 1793 744 1821 Haec
773 1794 873 1820 verba
909 1791 962 1826 (ut

162 1844 194 1864 v.
217 1833 257 1871 4)
283 1841 312 1864 et
338 1845 447 1865 omnes
479 1837 534 1872 qui
567 1840 596 1866 li.
621 1840 641 1866 l.
679 1843 852 1867 narrantur
876 1846 963 1866 erro-

162 1890 214 1910 res
253 1883 471 1911 adversantur
515 1884 564 1911 illi
604 1887 751 1915 oraculo.
788 1886 868 1919 qumi
909 1885 962 1912 dat

166 1929 290 1957 Creusa
319 1926 348 1962 2,
374 1925 440 1956 780
467 1938 514 1964 sq.
547 1938 640 1964 quem
666 1932 771 1959 locum
803 1930 960 1960 conferas.

171 1971 232 2002 Ld.
260 1974 415 2002 incertum
446 1979 533 2009 putat
560 1976 720 2004 Aeneam.
762 1977 878 2011 quippe
910 1977 962 2005 cni

167 2016 300 2058 Lydius
340 2017 488 2059 Thybris
528 2021 711 2055 incognitus
749 2022 850 2051 esset!
910 2019 960 2050 Pl.

163 2070 262 2094 totum
289 2074 419 2095 versum
443 2063 473 2094 7.
502 2069 570 2095 vult
596 2070 721 2097 abesse.
756 2084 793 2087 —
832 2065 964 2096 Sistere

164 2112 410 2141 intransitivum
446 2117 492 2141 est
538 2109 599 2147 11,
626 2111 702 2142 873.
752 2116 787 2142 G.
822 2111 860 2142 1.
885 2111 961 2141 479.

164 2159 258 2187 Lucr.
284 2156 314 2188 4.
333 2155 409 2186 417.
449 2164 481 2187 nt
507 2157 693 2188 consistere
716 2160 747 2187 in
767 2166 863 2194 prosa
889 2166 962 2187 ora-

162 2204 248 2232 tione
273 2204 311 2233 cf.
339 2201 368 2241 1,
392 2201 465 2233 104.
495 2221 532 2224 ——
563 2202 665 2234 detur
689 2215 715 2235 c.
743 2206 798 2234 inf.
829 2204 857 2239 1,
883 2203 935 2233 66.

206 2248 237 2278 8.
264 2247 322 2279 vix
345 2266 388 2269 —
415 2259 519 2290 quum
547 2256 580 2280 ut
602 2250 678 2280 635.
708 2250 736 2287 1,
764 2250 815 2279 36.
860 2251 906 2280 cf.
931 2250 961 2287 5,

163 2292 240 2323 857.

209 2338 239 2369 9.
269 2338 368 2370 Fatis
398 2339 478 2371 vela
509 2340 612 2379 dare,
656 2343 732 2372 fatis
771 2343 962 2372 ducentibus

163 2388 240 2415 vela
265 2387 339 2415 dant
362 2387 382 2415 i.
408 2396 434 2416 e.
459 2397 520 2423 quo
543 2397 581 2418 ea
606 2391 685 2417 vela
708 2390 882 2421 intendant,
907 2397 960 2417 se-

165 2433 221 2467 qui
241 2433 425 2468 decernunt,
443 2433 506 2463 fato
530 2444 565 2464 se
586 2436 795 2466 committunt.
815 2435 962 2464 nescien-

164 2482 223 2512 tes,
247 2486 308 2512 quo
334 2485 373 2506 ea
399 2480 530 2509 ducant:
569 2481 611 2509 ita
640 2479 750 2510 ventis
776 2478 853 2510 vela
876 2478 962 2509 (lare

165 2525 282 2561 legitur
316 2521 346 2561 4,
372 2522 448 2553 546.
490 2524 521 2561 8,
546 2524 622 2555 708.
666 2529 724 2556 Ov.
749 2530 791 2556 M.
823 2524 851 2557 1.
878 2524 960 2558 132:

159 2566 341 2611 profundo
376 2567 455 2599 vela
494 2569 579 2600 clare
618 2574 658 2601 A.
689 2571 748 2609 12,
775 2572 849 2601 263.
901 2574 961 2601 Sed

164 2617 279 2645 dicitur
301 2616 398 2645 etiam
423 2619 530 2645 solum
559 2615 637 2646 vela
669 2615 754 2647 dare
784 2627 839 2654 pro
871 2626 962 2647 nave

164 2660 261 2691 abire
284 2662 323 2691 cf.
352 2660 383 2693 1.
402 2659 455 2690 35.
503 2664 608 2697 Quare
633 2661 727 2702 fatis
749 2665 846 2693 etiam
869 2666 961 2693 abla-

163 2709 267 2738 tivum
291 2711 410 2737 habere
434 2710 520 2737 haud
542 2711 717 2738 absurdum
738 2715 796 2738 est.
835 2712 885 2739 Sc.
912 2711 962 2739 iu-

163 2757 214 2783 bet
244 2756 334 2784 abire
367 2763 407 2783 ex
439 2754 533 2789 fatis,
572 2756 654 2790 quod
688 2755 756 2784 fata
791 2756 821 2784 id
852 2760 963 2791 postu-

162 2803 240 2830 lant.
292 2801 336 2830 At
375 2809 439 2829 non
473 2809 554 2836 opus
586 2801 668 2830 idem
699 2802 814 2831 iterum
848 2803 963 2839 dicere,

162 2848 244 2881 quod
270 2848 335 2876 iam
361 2847 479 2875 dictum
507 2850 554 2875 est
578 2854 695 2882 supra:
723 2845 887 2889 auguriis
909 2845 961 2876 di-

163 2901 251 2922 vom.

212 2937 263 2967 11.
290 2940 436 2968 Pluralis
477 2947 617 2978 campos
658 2939 765 2976 signat
809 2940 961 2975 antiquae

164 2985 254 3014 urbis
269 2986 481 3014 latitudinem.
502 3000 539 3004 —
558 2981 670 3013 Fls-sul
689 2993 752 3013 non
775 2990 823 3014 est
846 2988 961 3021 expul-

167 3038 224 3059 sus
250 3033 305 3060 sed
329 3032 384 3066 qui
410 3036 503 3061 extra
526 3035 589 3067 est,
615 3031 663 3060 sic
690 3031 745 3066 qui
768 3037 880 3067 sponte
904 3035 961 3061 ab·

166 3080 213 3105 est
236 3078 271 3107 Ο.
296 3079 339 3106 Μ.
366 3074 420 3116 15,
447 3075 499 3106 61.

1063 728 1112 759 12.
1140 732 1225 760 Socii
1248 735 1337 769 sunt,
1365 731 1419 766 qui
1445 739 1477 759 v.
1497 727 1517 758 8
1542 733 1571 758 et
1596 726 1626 763 2,
1651 725 1717 756 796
1742 735 1808 756 me-

1012 781 1187 806 morantur.
1238 778 1325 811 Quod
1351 777 1450 805 filium
1475 776 1634 811 nominat,
1659 774 1809 803 videmus

1012 831 1085 852 eum
1107 832 1181 852 esse
1205 828 1328 858 patrem
1352 823 1622 851 amantissimum.
1650 836 1687 840 ——-
1718 816 1810 858 „Dii

1018 866 1165 898 Penates
1192 869 1265 897 sive
1298 876 1317 897 a
1345 877 1429 904 penu
1455 869 1546 897 ducto
1578 867 1721 903 nomine,
1761 869 1807 893 est

1011 916 1096 944 enim
1122 923 1230 950 omne,
1265 923 1325 949 quo
1351 919 1528 944 vescuntur
1554 913 1718 949 nomineS,
1752 920 1808 946 pe-

1010 969 1083 995 nus,
1111 961 1169 996 (cf.
1202 956 1235 995 1,
1256 957 1343 996 704)
1371 961 1443 989 sive
1469 962 1509 988 ab
1534 968 1587 995 ec,
1612 959 1694 994 quod
1717 958 1808 992 peni-

1010 1010 1061 1035 tus
1093 1007 1251 1040 insident;
1289 1014 1330 1034 ex
1362 1014 1423 1040 quo
1454 1006 1551 1033 etiam
1576 1005 1763 1033 Penetrales
1789 1011 1809 1032 a

1010 1052 1111 1086 poetis
1147 1053 1326 1080 vocantur*
1364 1052 1431 1080 Cic.
1466 1052 1531 1079 Nl).
1565 1048 1605 1087 2,
1635 1048 1688 1078 27.
1732 1054 1809 1077 sunt

1009 1102 1130 1125 tutores
1156 1097 1303 1126 familiae
1328 1101 1357 1125 et
1385 1097 1500 1132 gentis,
1530 1103 1612 1131 quae
1638 1103 1722 1131 penu
1745 1095 1807 1123 ali-

1007 1147 1058 1171 tur
1078 1145 1130 1171 vel
1152 1150 1235 1178 quae
1260 1143 1291 1170 in
1315 1143 1536 1177 penetralibus
1561 1147 1624 1176 est;
1651 1150 1715 1170 non
1734 1145 1809 1169 sunt

1007 1193 1128 1218 certum
1153 1190 1284 1218 deorum
1311 1197 1431 1225 genus.
1473 1190 1528 1217 sed
1561 1196 1603 1217 ex
1629 1188 1691 1215 diis
1723 1187 1808 1215 alios

1007 1236 1094 1263 aliae
1119 1241 1230 1269 gentes
1252 1236 1359 1263 colunt
1387 1236 1535 1264 Penates.
1574 1236 1685 1268 Itaque
1709 1241 1805 1268 quum

1008 1282 1155 1310 Romana
1182 1289 1262 1317 gens
1285 1282 1427 1310 omnium
1460 1286 1544 1309 esset
1571 1279 1806 1315 potentissima.

1007 1329 1146 1356 Penates
1172 1329 1243 1356 eius
1268 1328 1455 1355 dicebantur
1473 1331 1616 1362 potentes
1633 1330 1662 1355 et
1681 1322 1808 1366 magui

1010 1370 1086 1402 159.
1125 1372 1154 1407 9,
1183 1372 1257 1401 252.
1310 1374 1369 1407 Qui
1393 1379 1498 1402 tamen
1524 1376 1650 1407 essent,
1677 1372 1806 1408 ignora-

1008 1422 1117 1449 batur:
1162 1420 1309 1453 Nigidius
1353 1424 1381 1447 et
1415 1421 1522 1448 Labeo
1552 1421 1637 1447 Deos
1669 1419 1806 1446 Penates

1008 1467 1142 1494 Aeneae
1175 1468 1353 1501 Neptunum
1385 1471 1413 1493 et
1446 1466 1633 1500 Apollinem
1668 1465 1804 1493 tradunt.

1010 1512 1078 1547 (Cf.
1102 1515 1192 1541 Serv.
1218 1513 1258 1541 ad
1289 1510 1313 1544 Ι,
1338 1510 1413 1540 380.
1440 1514 1539 1541 Macr.
1568 1509 1597 1544 3,
1626 1509 1677 1546 4.)
1714 1510 1805 1546 ..Alii

1008 1563 1133 1590 autem.
1161 1563 1192 1587 ut
1226 1559 1365 1587 Cassius
1389 1559 1539 1590 Hemina.
1568 1558 1694 1589 dicunt,
1724 1558 1806 1585 Deos

1010 1606 1149 1633 Penates
1168 1613 1208 1633 ex
1228 1605 1451 1633 Samothracia
1474 1605 1666 1639 appellatos,
1690 1596 1807 1636 θεοὺς

1006 1644 1198 1690 μεγάλους,
1223 1642 1339 1685 θεοὺς
1364 1643 1558 1685 δυνατοὺς,
1583 1642 1699 1683 θεοὺς
1722 1655 1806 1687 χρη-

1011 1690 1156 1731 στούς.“
1189 1699 1219 1725 S.
1250 1698 1269 1724 l.
1296 1698 1314 1724 1.
1365 1696 1541 1726 ..Nonnulli
1568 1697 1706 1723 Penates
1731 1703 1806 1723 esse

1010 1743 1177 1778 dixerunt,v
1221 1751 1275 1778 per
1312 1751 1392 1777 quos
1425 1743 1589 1777 spiramus
1626 1745 1653 1769 et
1689 1749 1806 1775 corpus

1009 1791 1164 1817 habemns
1205 1794 1234 1817 et
1272 1789 1372 1817 animi
1410 1789 1551 1817 rationes
1592 1787 1803 1822 possidemus.

1009 1836 1072 1863 Eos
1102 1840 1207 1863 autem
1235 1844 1308 1863 esse
1334 1837 1458 1869 lovem.
1496 1837 1628 1863 aethera
1657 1833 1805 1867 medium,

1009 1883 1174 1915 lunonem,
1201 1882 1301 1910 imum
1325 1888 1403 1910 aera
1424 1889 1495 1909 cum
1519 1885 1621 1915 terra,
1646 1887 1806 1908 summum

1009 1928 1148 1956 aetheris
1174 1935 1326 1956 cacumen
1350 1928 1550 1958 Minervam:
1581 1934 1661 1961 quos
1687 1927 1804 1954 Dema—

1009 1974 1070 2002 rati
1095 1974 1251 2002 Corinthii
1276 1974 1378 2002 filius.
1413 1973 1648 2002 samothraciis
1675 1972 1805 2007 religio-

1009 2020 1105 2048 nibus
1125 2020 1260 2055 mystice
1287 2020 1437 2050 imbutus.
1466 2027 1529 2048 uno
1556 2019 1670 2052 templo
1693 2022 1721 2046 et
1744 2020 1803 2046 sub

1009 2067 1119 2094 eodem
1148 2071 1227 2095 tecto
1256 2066 1432 2095 coniunxit.
1483 2066 1543 2094 His
1570 2064 1690 2093 addidit
1721 2066 1806 2092 Mer-

1009 2112 1149 2142 curium.
1188 2120 1372 2140 sermonum
1401 2112 1527 2140 deun1.“
1581 2112 1672 2139 Serv.
1702 2111 1743 2138 ad
1773 2108 1803 2145 2,

1010 2155 1085 2184 296.
1135 2159 1171 2184 Et
1201 2158 1286 2191 apud
1312 2158 1444 2186 Livium
1475 2156 1505 2192 3,
1533 2154 1572 2184 17
1599 2157 1653 2185 1)ὶί
1675 2156 1805 2191 Capito-

1009 2202 1068 2230 lini
1094 2203 1244 2231 videntur
1268 2203 1379 2231 haberi
1398 2204 1547 2231 Penates.
1595 2204 1704 2236 Neque
1724 2209 1803 2236 qua-

1010 2250 1057 2276 les
1076 2252 1183 2277 essent
1205 2249 1248 2276 dii
1266 2257 1437 2282 eorumque
1461 2249 1652 2285 simulacra,
1683 2252 1803 2283 poterat

1010 2299 1118 2323 notum
1145 2302 1233 2328 esse,
1259 2302 1356 2328 quum
1381 2302 1436 2322 eos
1460 2303 1519 2323 nec
1542 2294 1651 2322 videre
1675 2295 1802 2329 populo,

1008 2349 1110 2375 neque
1151 2340 1371 2369 sacerdotibus
1412 2346 1545 2368 narrare
1583 2344 1638 2368 aut
1674 2340 1803 2375 pingere

1007 2387 1139 2418 licebat.
1177 2391 1255 2415 teste
1276 2386 1367 2416 Dion.
1395 2386 1468 2414 Hal.
1497 2383 1526 2418 1,
1553 2383 1605 2413 67.
1646 2386 1737 2413 Serv.
1762 2387 1803 2413 ad

1007 2435 1037 2461 h.
1071 2434 1091 2461 l.
1124 2433 1299 2467 Battoque,
1340 2439 1404 2466 qua
1431 2432 1541 2460 Cicero
1568 2433 1588 2459 l.
1615 2432 1636 2458 l.
1671 2435 1700 2459 et
1725 2431 1802 2460 Dio-

1008 2479 1125 2514 nysius
1150 2480 1187 2507 de
1211 2479 1253 2506 iis
1278 2478 1456 2514 disserunt,
1486 2477 1567 2506 satis
1594 2478 1699 2514 docet,
1733 2477 1802 2506 illis

1008 2525 1203 2560 temporibus
1242 2533 1307 2553 rem
1342 2523 1446 2552 fuisse
1485 2526 1664 2552 obscuram.
1714 2523 1802 2557 Quae

1008 2576 1115 2600 nostro
1141 2576 1294 2605 tempore,
1320 2572 1414 2606 longe
1437 2572 1476 2598 ab
1502 2570 1571 2597 illis
1592 2569 1802 2604 scriptoribus

1007 2622 1143 2649 remoto,
1174 2617 1248 2650 fingi
1274 2618 1311 2644 de
1333 2616 1376 2644 iis
1399 2620 1427 2643 et
1453 2615 1569 2645 coniici
1593 2619 1718 2651 posset,
1746 2617 1801 2644 do-

1007 2664 1071 2692 cuit
1103 2664 1269 2692 Klaussen
1299 2663 1331 2690 in
1362 2662 1444 2690 libro
1486 2660 1621 2690 Aeneas
1645 2658 1719 2690 und
1746 2658 1804 2691 die

1012 2706 1166 2738 Penalen
1196 2709 1361 2743 inscripto.
1411 2709 1475 2735 Nos
1506 2708 1682 2743 addamus,
1719 2714 1802 2743 quae

1008 2763 1029 2784 a
1069 2756 1280 2790 scriptoribus
1323 2755 1500 2782 traduntur.
1572 2754 1698 2789 „Varro
1742 2756 1802 2783 lios

1011 2803 1087 2830 deos
1115 2802 1301 2830 Dardanum
1325 2808 1366 2828 ex
1389 2800 1611 2829 Samothracia
1641 2800 1674 2827 in
1694 2800 1799 2836 Phry-

1007 2848 1106 2884 giam.
1129 2849 1167 2876 de
1188 2846 1333 2882 Phrygia
1357 2846 1503 2874 Aeneam
1528 2846 1561 2874 in
1583 2846 1713 2875 Italiam
1734 2854 1801 2875 me-

1008 2898 1109 2923 morat
1141 2892 1344 2928 portavisse‘·
1383 2893 1473 2920 Serv.
1508 2893 1549 2920 ad
1583 2889 1618 2927 1,
1651 2889 1726 2920 380,
1775 2893 1801 2920 Ε

1008 2940 1149 2968 Lavinio
1176 2940 1347 2967 noluerunt
1371 2938 1530 2975 decedere,
1554 2938 1648 2967 Dion.
1672 2939 1694 2966 1.
1711 2939 1732 2966 l.
1767 2939 1798 2966 S.

1008 2987 1049 3014 ad
1074 2988 1103 3014 h.
1130 2987 1151 3012 l.
1200 2986 1435 3019 „Imperatores
1459 2983 1493 3012 in
1516 2984 1704 3019 provincias
1725 2983 1801 3013 ituri

1008 3033 1092 3067 apud
1117 3039 1171 3059 eos
1193 3031 1333 3065 primum
1355 3028 1595 3059 immolabant.“
1622 3032 1653 3058 S.
1671 3030 1712 3059 ad
1726 3031 1757 3057 h.
1776 3031 1798 3057 l.

1009 3078 1192 3115 „Consules
1231 3080 1259 3104 et
1296 3077 1485 3114 Praetores,
1532 3076 1605 3105 sive
1646 3076 1800 3112 Dictator,
