2023 3350
263 140 314 178 58

824 142 858 172 P.
886 140 1077 174 leGan
1102 140 1311 176 MAROMS

260 248 385 290 Adsit
418 250 605 292 laetitiae
637 250 830 292 Bacchus
871 251 1014 302 dator,
1057 256 1099 294 et
1134 253 1249 296 bona
1286 255 1404 296 Iuno.

261 306 314 346 Et
352 321 445 348 vos.
488 322 532 353 o.

576 311 756 358 coetum,
796 308 925 361 Tyrii,
967 309 1178 352 celebrate
1217 312 1416 354 faventes.

1794 315 1874 354 735

260 363 399 411 Dixit,
439 367 481 404 et
521 365 563 405 in
600 378 785 405 mensam
819 364 995 406 laticum
1028 366 1177 408 libavit
1205 368 1419 421 honorem,

260 419 502 472 Primaque.
545 421 697 471 libato,
744 436 905 464 summo
942 427 1063 464 tenus
1098 425 1244 478 attigit
1275 440 1368 479 ore3

258 476 362 516 Tum
399 477 535 518 Bitiae
576 478 691 518 dedit
727 478 995 533 increpitans.

1054 481 1131 522 Ille
1160 482 1338 536 impiger
1374 483 1518 524 hausit

259 535 529 585 Spumantem
566 538 760 587 pateram
804 540 846 577 et
883 537 1007 590 pleno
1046 551 1091 579 se
1122 539 1285 592 proluit
1319 554 1445 592 auro,

258 590 359 631 Post
396 590 469 631 alii
502 605 711 643 proceres.

773 593 949 635 Cithara
983 595 1157 637 crinitus
1189 597 1316 651 Iopas

1789 599 1871 638 740

255 647 461 688 Personat
497 652 664 699 aurata,
703 649 849 691 docuit
885 665 1009 704 quem
1049 653 1254 695 maximus
1290 655 1422 697 Atlas.

254 703 334 744 Hic
370 704 483 745 caint
520 709 731 747 errantem
768 707 932 760 lunam,
973 709 1159 763 solisque
1191 711 1385 763 laborem

254 760 375 801 Unde
415 761 632 803 hominum
666 777 814 816 genus,
858 769 900 807 et
932 766 1133 819 pecudes;
1173 768 1285 810 unde
1320 768 1455 810 imber
1494 772 1537 810 et
1570 765 1709 822 igne83

254 817 505 870 Arcturum,
543 820 791 875 pluviasque
825 822 1015 877 Hyades,
1059 825 1332 879 geminosque
1365 826 1560 877 Triones,

255 961 291 964 —
316 943 464 975 minores
486 948 524 977 cf.
544 947 618 979 532.
666 952 801 981 Attende
826 955 854 981 h.
882 955 900 981 Ι.
929 954 1036 983 inver-

251 998 321 1019 sam
346 992 378 1019 in
400 993 492 1026 peius
517 1002 590 1023 esse
615 998 842 1033 precationem3
881 1008 1036 1029 memores

251 1037 336 1065 enim
355 1043 495 1071 pugnant
517 1040 641 1076 ipsique
658 1047 848 1078 nepotesque
869 1045 906 1073 cf.
919 1043 1034 1081 ⁴,629.

297 1079 371 1111 734.
400 1081 501 1113 Adsit
523 1091 579 1115 etc.
628 1089 662 1116 Si
689 1090 728 1117 ad
757 1090 915 1118 auxilium
938 1098 1036 1120 voca-

254 1132 302 1155 tur
332 1129 425 1162 detffi.
463 1138 586 1165 semper
616 1138 649 1161 ut
678 1134 760 1163 adsit
789 1140 918 1171 rogatur
942 1137 980 1165 cf.
1005 1134 1034 1173 4,

251 1170 326 1200 57s.
371 1172 406 1202 S.
431 1172 482 1203 78.
534 1174 591 1212 10,
619 1175 692 1207 254.
720 1177 793 1208 461.
820 1179 895 1209 773.
955 1184 1035 1210 Nam

253 1220 342 1247 modo
372 1226 554 1254 praesentes
580 1225 654 1252 deos
688 1226 812 1254 auxilio
843 1235 917 1255 esse
943 1235 1038 1261 posse

251 1265 372 1299 antiqui
400 1269 567 1300 putabant.
599 1273 632 1297 ut
654 1278 729 1305 nos,
764 1272 818 1305 qui
842 1273 1037 1307 omnipoten-

250 1314 309 1338 tem
335 1313 488 1340 habemus
513 1315 619 1345 deum.
643 1317 775 1344 eundem
799 1318 916 1352 ubique
943 1326 1035 1353 prae-

250 1361 371 1384 sentem
402 1366 474 1386 esse
503 1359 646 1388 dicimus.
703 1362 755 1391 Sic
784 1370 948 1401 praesens·
982 1372 1036 1398 pro

249 1406 358 1435 potens
380 1403 417 1431 cf.
444 1401 495 1437 12.
523 1402 596 1433 152.
625 1422 662 1425 —
690 1404 778 1436 bona
803 1408 840 1437 cf.
870 1406 920 1442 12,
943 1406 1016 1437 647.

294 1444 368 1475 735.
401 1446 537 1477 Coetum
576 1448 744 1480 celebrare
787 1454 851 1482 Cic.
897 1455 961 1482 Att.
1008 1452 1035 1492 1,

250 1490 300 1524 19.
325 1490 343 1519 9
375 1496 575 1531 concentus,
611 1494 668 1535 qui
691 1495 792 1526 initio
818 1496 1037 1528 celebraban-

247 1539 314 1567 tur.
342 1535 408 1565 iam
438 1536 595 1578 diufieri
621 1539 804 1572 desierunt.

294 1581 367 1611 736.
394 1580 534 1613 laticum
558 1583 738 1615 honorem:
770 1590 815 1617 De
839 1590 979 1625 genitivo
1004 1590 1035 1618 id

249 1637 309 1662 quo
343 1637 455 1662 regens
479 1635 598 1659 constat
629 1633 826 1666 significante
857 1635 894 1663 cf.
923 1635 951 1671 5.
980 1633 1032 1663 52.

251 1689 287 1692 —
317 1671 354 1702 1η
380 1683 532 1704 mensam
556 1674 640 1706 libat
664 1686 770 1711 „more
794 1678 978 1709 sacrorum'·‘
1001 1683 1032 1708 S.

248 1719 285 1747 cf.
310 1716 340 1750 8.
364 1718 437 1748 279.

292 1762 366 1793 737.
399 1762 531 1802 Libato,
554 1768 755 1803 participium
781 1770 924 1798 neutrius
949 1772 1031 1799 nude

246 1811 383 1843 positum
407 1811 444 1839 cf.
471 1814 522 1839 Gr.
546 1812 567 1845 ς
591 1810 665 1841 451.
707 1830 743 1833 —
783 1823 911 1843 summo
932 1817 1031 1844 tenus

247 1853 370 1893 attigit
412 1864 486 1884 ore:
534 1860 591 1886 ..Et
632 1860 856 1888 verecundiam
902 1862 1031 1897 reginae

247 1902 380 1929 ostendit
405 1906 432 1929 et
458 1910 575 1931 morem
600 1905 787 1933 Romanum.
837 1908 916 1934 Nam
946 1908 1030 1941 apud

247 1947 383 1975 maiores
422 1952 546 1976 nostros
588 1949 725 1978 feminae
763 1959 823 1978 non
863 1954 1030 1980 utebantur

244 1992 340 2024 vino.
386 1992 448 2020 nisi
485 2001 648 2023 sacrorum
683 2004 801 2024 caussa
837 1997 932 2025 certis
964 1998 1029 2025 die-

244 2039 324 2065 bus*
356 2040 386 2065 S.
435 2039 544 2072 Itaque
579 2045 611 2068 ut
639 2042 750 2077 regina
781 2043 866 2070 debet
904 2043 1029 2071 bibendi

245 2082 347 2111 facere
376 2083 516 2116 initium,
553 2089 584 2113 111
610 2086 727 2114 semina
756 2088 831 2115 vino
858 2088 1027 2116 abstinere.

248 2124 298 2156 Pl.
325 2128 403 2157 coni.
437 2126 592 2168 linoque
618 2130 674 2160 vix
702 2129 793 2160 labio
821 2141 956 2161 summa
984 2138 1029 2161 te-

243 2181 303 2201 nus
324 2174 426 2207 attigit
452 2182 523 2209 ora.
545 2175 609 2209 (sc.
635 2178 760 2213 poculi]
791 2176 873 2207 Cum
898 2179 1009 2207 Bitiae.

288 2217 361 2247 738.
393 2217 616 2259 increpitans,
641 2225 815 2251 exhortans
839 2228 871 2251 ut
899 2221 928 2259 3,
952 2221 1026 2252 454.

242 2265 309 2292 lam
332 2266 464 2293 Servius
487 2271 606 2303 monet,
642 2268 671 2296 si
695 2269 774 2297 Dido
799 2269 930 2297 Aeneae
956 2278 1027 2304 pro-

243 2310 419 2345 pinaverit,
450 2311 553 2340 fuisse
577 2318 687 2342 contra
709 2315 865 2343 decorum.
914 2316 1026 2349 Propi-

242 2356 339 2383 nandi
358 2364 427 2385 mos
457 2358 541 2391 apud
565 2358 726 2387 Romanos
750 2367 847 2394 saepe
871 2368 1026 2389 memora-

241 2404 298 2429 tur.
329 2417 366 2420 —
395 2402 498 2431 Bitias
522 2407 626 2432 autem
653 2408 682 2432 et
706 2406 817 2439 Iopas,
852 2410 929 2434 teste
952 2408 1027 2434 Ser-

241 2447 306 2478 vio.
336 2448 457 2477 Punica
480 2453 569 2477 erant
595 2450 733 2478 nomina.

285 2490 359 2521 739.
386 2493 431 2522 Cf.
462 2494 579 2529 Copam
613 2492 653 2522 29
693 2491 823 2524 aestivo
859 2492 1026 2524 recubans

240 2538 272 2566 te
293 2536 413 2574 prolue
436 2536 533 2567 vitro.

286 2580 360 2611 740.
387 2584 425 2611 Ut
452 2587 481 2612 h.
512 2587 532 2613 l.
558 2586 671 2621 Iopas,
703 2585 747 2613 ita
777 2592 827 2619 ap.
856 2586 1025 2614 Homerum

244 2628 392 2656 Phemius
420 2634 447 2657 et
478 2631 674 2659 Demodocus
706 2634 821 2659 canunt
849 2632 889 2658 ad
922 2631 1025 2659 citha-

240 2679 326 2705 ram;
352 2674 389 2701 cf.
413 2676 516 2708 Quint.
544 2673 572 2703 1.
601 2674 649 2707 10,
674 2673 726 2704 10.
753 2672 826 2703 104.
855 2691 891 2695 ——
921 2673 1025 2703 crini-

242 2719 315 2745 tus:
338 2720 370 2746 Is
395 2719 425 2746 iu
447 2721 608 2755 Apollinis
632 2730 747 2749 morem
771 2721 1023 2749 citharoedorum

240 2763 366 2791 habitus
389 2769 464 2792 erat.
508 2766 554 2794 Cf.
580 2764 654 2794 590.
685 2782 722 2786 —
763 2763 962 2802 personare,
993 2774 1022 2794 v.

242 2813 401 2840 neutrum.
433 2814 478 2837 est
503 2818 618 2847 magna
644 2820 721 2840 voce
745 2819 877 2846 sonare,
912 2816 943 2839 ut
970 2819 1024 2845 per

239 2860 387 2887 magnum
410 2855 549 2888 spatium
569 2858 717 2885 audiatur
738 2857 776 2885 cf.
793 2857 857 2885 Cic.
879 2865 922 2891 pr.
938 2858 1022 2885 Coel.

239 2897 280 2925 20
311 2896 385 2927 Non
411 2896 596 2938 loquuntur
621 2900 745 2937 solum,
779 2910 895 2930 verum
919 2899 1022 2930 etiam

236 2946 433 2982 personant.
481 2946 555 2973 Tac.
581 2948 642 2974 An.
669 2946 718 2982 16,
741 2946 759 2975 4
789 2944 886 2975 Plebs
906 2955 1021 2986 perso-

238 2986 345 3017 nabat
376 2986 476 3017 certis
504 2988 629 3020 modis.
666 2990 860 3031 plausuque
889 3000 1022 3029 compo·

238 3031 314 3063 sito.
346 3036 393 3062 Ita
419 3041 579 3064 resonare
603 3038 676 3065 Hor.
699 3039 732 3066 C.
761 3036 790 3074 3,
811 3035 864 3073 11,
883 3035 911 3065 3.
948 3037 1021 3065 Ali-

1082 957 1128 982 ter
1152 955 1217 983 Cic.
1244 955 1328 983 Phil.
1355 953 1384 991 2,
1409 952 1449 982 41
1487 950 1724 983 personabant
1753 951 1869 983 omnia

1085 997 1220 1028 vocibus
1247 998 1428 1029 ebriorum.

1127 1042 1202 1074 741.
1230 1043 1358 1083 „Quae
1381 1046 1546 1081 legendum
1571 1049 1633 1081 est,
1657 1053 1719 1073 non
1748 1043 1869 1084 quem“

1083 1092 1113 1118 S.
1145 1106 1182 1110 —
1220 1088 1324 1129 Quem
1350 1092 1462 1130 MPRy
1488 1094 1629 1125 praestat
1653 1091 1746 1119 alteri
1771 1097 1870 1129 quae,

1082 1138 1163 1169 quod
1189 1137 1286 1165 etiam
1312 1137 1344 1165 in
1369 1137 1460 1165 libris
1484 1140 1542 1172 est.
1565 1144 1626 1170 quo
1651 1140 1775 1170 recepto
1799 1143 1868 1164 rec-

1082 1184 1132 1209 tus
1174 1183 1247 1210 ordo
1294 1190 1355 1210 non
1398 1182 1580 1211 servabitur
1621 1181 1868 1217 sententiarum3

1084 1234 1157 1254 nam
1187 1224 1262 1255 741.
1289 1225 1330 1255 42
1356 1228 1393 1256 de
1416 1228 1485 1262 ipso
1510 1229 1605 1263 Iopa,
1649 1227 1682 1255 in
1707 1226 1869 1261 sequenti-

1083 1274 1143 1300 bus
1176 1274 1213 1301 de
1246 1273 1286 1301 iis
1316 1280 1398 1307 quae
1429 1272 1512 1302 canit
1541 1277 1589 1301 est
1616 1280 1737 1308 sermo;
1778 1279 1868 1311 quae

1083 1321 1189 1346 autem
1214 1322 1377 1352 propterea
1398 1320 1428 1346 S.
1451 1320 1572 1354 probat,
1597 1319 1679 1353 quod
1695 1318 1793 1346 Atlas
1813 1318 1868 1346 do-

1083 1371 1153 1391 cere
1175 1371 1237 1391 non
1263 1364 1395 1398 potuerit
1419 1365 1544 1399 Iopam,
1573 1363 1707 1392 Didonis
1731 1366 1868 1397 tempore

1082 1409 1255 1437 viventem.
1305 1410 1364 1437 Sed
1394 1409 1427 1437 in
1455 1409 1606 1444 mythicis
1630 1408 1867 1437 narrationibus

1081 1462 1143 1481 non
1179 1459 1227 1482 est
1266 1461 1305 1482 ea
1343 1454 1493 1489 temporiS
1532 1454 1730 1483 concinnitas
1768 1460 1867 1488 quae-

1082 1500 1193 1535 renda,
1235 1503 1264 1527 et
1289 1500 1386 1528 Atlas
1414 1501 1491 1528 deus
1517 1503 1565 1528 est
1589 1507 1713 1534 semper
1735 1499 1865 1536 vivens,

1081 1549 1110 1572 et
1141 1546 1236 1579 Iopae
1266 1546 1411 1574 canentis
1439 1546 1540 1574 maior
1569 1548 1616 1573 est
1646 1546 1721 1573 laus
1747 1548 1778 1573 et
1809 1552 1866 1573 ex-

1082 1591 1250 1626 spectatio,
1291 1591 1320 1619 si
1351 1593 1391 1619 ab
1420 1591 1489 1625 ipso
1513 1591 1645 1619 Atlante
1665 1593 1868 1624 praeceptore

1080 1635 1197 1664 didicit.
1240 1651 1277 1654 —
1317 1632 1489 1664 maximus
1524 1632 1624 1664 Atlas
1653 1635 1691 1665 cf.
1720 1633 1758 1673 8,
1791 1632 1866 1664 136.

1081 1680 1191 1709 Cicero
1233 1685 1339 1709 autem
1373 1681 1465 1709 Tusc.
1503 1680 1540 1716 5,
1572 1678 1602 1717 3,
1635 1677 1654 1708 8
1702 1681 1866 1709 Atlantem

1079 1727 1293 1754 astronomiae
1331 1726 1493 1755 studuisse
1532 1730 1637 1762 putat,
1675 1730 1865 1761 quapropter

1078 1771 1173 1798 etiam
1200 1774 1229 1799 h.
1256 1773 1276 1799 l.
1302 1773 1341 1799 ab
1366 1780 1402 1800 eo
1425 1773 1520 1806 Iopas
1543 1772 1652 1800 doctus
1677 1778 1748 1800 esse
1773 1771 1865 1807 fingi—

1078 1819 1136 1844 tur.

1123 1858 1196 1889 742.
1223 1863 1392 1889 errantem
1423 1858 1563 1890 lunam.-
1601 1863 1694 1890 Luna
1724 1861 1864 1890 omnium

1076 1908 1242 1935 stellarum
1265 1907 1406 1935 maxime
1430 1908 1533 1936 locum
1557 1910 1664 1935 mutat.
1700 1922 1738 1926 —
1771 1903 1864 1935 Solis

1077 1949 1212 1980 labores
1244 1953 1343 1987 canit,
1386 1953 1406 1980 i.
1430 1960 1456 1980 e.
1487 1952 1572 1981 canit
1604 1952 1659 1986 qui
1686 1952 1752 1980 sint
1782 1952 1863 1981 solis

1075 1998 1217 2033 labores,
1260 1998 1385 2032 quando
1419 2005 1547 2026 cursum
1581 2005 1676 2026 suum
1713 1997 1863 2026 conficere

1075 2044 1189 2070 tendat.
1232 2043 1269 2070 In
1294 2043 1435 2071 animum
1461 2049 1578 2072 revoca
1597 2043 1760 2071 duodecim
1779 2044 1861 2072 Her-

1076 2088 1157 2115 culis
1185 2089 1328 2124 labores,
1366 2088 1481 2122 quihus
1507 2088 1591 2116 Solis
1620 2096 1673 2123 per
1695 2089 1861 2118 zodiacum

1075 2134 1241 2161 decursum
1280 2137 1389 2168 putant
1425 2134 1577 2169 indicari,
1618 2137 1649 2162 et
1682 2134 1861 2163 Phoenices

1075 2180 1181 2206 Solem
1216 2182 1244 2207 et
1279 2180 1403 2207 Lunam
1435 2180 1510 2207 deos
1539 2179 1678 2207 maxime
1711 2179 1860 2208 coluisse.

1073 2224 1164 2252 Alibi
1189 2221 1321 2252 labores
1346 2224 1524 2260 significant
1543 2224 1684 2252 defectus
1713 2228 1745 2252 ut
1769 2225 1804 2252 G.
1830 2223 1860 2262 2,

1074 2266 1138 2297 478
1173 2266 1333 2306 Defectus
1359 2266 1451 2297 Solis
1479 2267 1592 2297 varim
1617 2266 1786 2308 lunaeque
1810 2266 1864 2298 la-

1074 2311 1191 2349 bores,·
1238 2315 1357 2343 Lucan.
1389 2312 1427 2348 7,
1458 2311 1477 2341 4
1520 2311 1748 2354 Defectusque
1784 2312 1863 2353 pati

1073 2356 1182 2388 voluit
1205 2361 1396 2398 raptaeque
1423 2356 1555 2387 labores
1582 2356 1680 2399 lucis.

1118 2402 1194 2432 744.
1220 2405 1379 2433 Arcturus
1404 2406 1499 2432 stella
1528 2404 1561 2432 in
1587 2405 1722 2433 Boeotae
1754 2405 1858 2434 sidere

1073 2449 1111 2478 cf.
1142 2448 1172 2483 3,
1197 2447 1271 2477 516.
1306 2465 1342 2469 --
1381 2451 1512 2485 Hyades
1534 2450 1605 2478 sive
1629 2450 1777 2485 Pluviae,
1798 2453 1859 2479 Su-

1073 2496 1181 2530 culae.
1218 2495 1378 2528 virgiliae
1407 2495 1524 2531 dictae,
1564 2496 1596 2523 in
1620 2496 1724 2530 capite
1748 2497 1857 2525 Tauri.

1075 2555 1112 2559 -—
1143 2537 1280 2568 Gemini
1308 2537 1448 2569 Triones
1473 2545 1545 2569 sunt
1568 2548 1646 2569 ursa
1668 2541 1770 2570 maior
1795 2543 1858 2570 He-

1073 2585 1148 2618 lice,
1188 2585 1220 2613 in
1245 2593 1339 2619 quam
1371 2586 1466 2614 etiam
1493 2587 1628 2615 callisto
1653 2587 1766 2616 dicitur
1787 2594 1857 2615 mu-

1071 2634 1135 2658 tata
1162 2632 1219 2659 Ov.
1244 2633 1286 2659 Μ.
1314 2629 1349 2667 2,
1375 2628 1440 2659 496
1466 2640 1531 2667 sq.,
1568 2635 1597 2660 et
1621 2632 1725 2660 minor
1749 2632 1857 2667 cyno-

1071 2683 1163 2711 sura,
1195 2679 1356 2711 nymphae
1381 2684 1464 2711 quae
1485 2679 1596 2705 lovem
1619 2677 1772 2706 infantem
1796 2685 1856 2705 nu-

1070 2721 1220 2755 triebant,
1263 2726 1452 2757 quapropter
1492 2722 1523 2750 in
1563 2722 1668 2750 sidera
1705 2726 1854 2751 mutatae.

1071 2767 1149 2800 Quid
1184 2767 1301 2795 triones
1332 2767 1434 2801 (unde
1466 2767 1636 2802 septentrio
1669 2768 1750 2801 quod
1782 2776 1855 2802 sep-

1070 2815 1130 2840 teni
1157 2813 1281 2848 magnis
1305 2813 1408 2841 stellis
1433 2816 1588 2847 constant,
1611 2812 1649 2841 cf.
1672 2812 1737 2841 Cic.
1759 2814 1795 2841 N.
1815 2814 1852 2842 D.

1071 2854 1101 2891 2,
1129 2854 1190 2892 41)
1221 2858 1374 2893 significet
1408 2859 1497 2886 docet
1528 2859 1605 2886 Gell.
1636 2855 1672 2892 2,
1697 2854 1739 2886 21
1769 2862 1799 2886 et
1823 2860 1853 2887 S.

1070 2903 1139 2936 qui:
1162 2903 1301 2935 ..triones
1327 2908 1399 2932 sunt
1428 2905 1526 2931 boves
1551 2900 1713 2931 aratorii“.
1753 2903 1799 2932 Cf.
1817 2905 1852 2932 G.

1072 2945 1100 2978 3,
1122 2944 1196 2974 381.
1238 2949 1340 2977 Maior
1364 2948 1533 2983 praecipue
1551 2947 1665 2976 dicitur
1687 2949 1782 2977 etiam
1801 2956 1852 2983 ap.

1068 2993 1217 3027 antiquos
1239 2984 1379 3031 ἅμαξα,
1401 2995 1587 3030 plaustrum,
1615 2989 1854 3023 Himmetswa-

1068 3046 1149 3078 gen.
