2023 3350
229 142 311 182 330
569 140 605 171 P.
637 137 832 170 leGlLll
863 136 1074 170 MARONJS
1100 136 1335 171 AENEmos
1361 137 1446 170 Lm.
1473 137 1531 168 vr.

228 263 355 287 norum
372 258 465 286 artes
490 252 592 291 dicat,
619 256 651 283 et
674 250 716 283 ad
741 250 836 292 quod
865 249 1033 282 destinati
1059 251 1132 283 sint
1157 252 1306 284 Romani
1334 251 1552 294 pronuntiet,
1581 249 1724 283 scilicet:
1751 260 1876 293 regere

227 301 378 342 imperio
413 298 586 341 populos,
626 298 802 340 pacisque
836 298 1019 337 imponere
1051 307 1204 337 morem,
1232 307 1390 339 parcere
1421 298 1593 329 subiectis
1625 299 1663 328 et
1697 296 1876 329 debellare

226 345 407 387 superbos.
441 362 485 366 ——
519 342 635 384 Pergit
667 341 845 374 Anchises
880 342 915 373 in
952 342 1180 375 recensendis
1218 343 1355 375 umbris
1388 348 1421 376 et
1450 346 1625 375 monstrat
1655 341 1875 381 Marcellum,

229 391 409 423 Gallorum
436 393 470 421 et
489 387 698 421 Hannibalis
723 388 904 426 victorem,
930 387 990 428 qui
1016 388 1139 420 tertius
1165 388 1287 421 retulit
1312 389 1425 431 spolia
1451 389 1579 432 opima.
1628 388 1692 420 Est
1715 398 1800 420 sane.
1818 388 1876 420 hic

226 437 278 468 vir
301 436 440 477 dignuS,
468 435 526 476 qui
552 434 647 466 omni
671 433 775 466 laude
801 432 1010 472 cumuletur,
1043 434 1122 475 quis
1149 432 1275 475 negat?
1306 435 1385 476 quis
1411 445 1480 467 non
1507 433 1770 477 reprehenderit
1793 444 1875 477 poe-

228 487 309 520 tam,
335 481 364 512 si
391 480 490 512 illum
516 476 834 522 praetermisisset?
865 478 1103 511 Nihilominus
1136 483 1251 511 tamen
1282 479 1420 513 Aeneas
1448 481 1483 513 in
1517 480 1583 513 hoc
1610 490 1680 512 non
1707 485 1874 517 moratur,

227 527 289 560 sed
314 527 374 568 qui
405 526 449 558 sit
476 526 552 558 eius
576 535 712 563 comes,
745 525 863 557 statim
901 525 976 567 ipse
1002 525 1154 566 quaerit,
1178 525 1274 566 quod
1298 535 1477 568 nunquam
1505 526 1587 559 feeit
1613 530 1732 559 antea:
1754 530 1874 559 tantus

228 573 271 608 ei.
298 573 357 614 qui
380 574 535 613 ignorat,
566 572 635 604 iam
662 571 811 605 videtur.
870 571 944 603 Hac
976 571 1180 613 quaestione
1213 571 1342 603 iniecta
1382 572 1554 604 transitus
1580 572 1618 604 fit
1644 573 1686 604 ad
1718 573 1875 615 egregios

226 618 307 651 illos
334 627 467 657 versus,
493 616 623 659 quibus
641 617 806 650 laudatur
831 616 889 649 ille
911 616 1119 653 Marcellus,
1145 616 1240 648 filius
1258 617 1438 658 Octaviae,
1457 628 1562 659 gener
1575 617 1740 659 Augusti,
1768 627 1875 660 quem

226 666 258 697 is
288 663 358 696 sibi
387 665 421 696 in
457 664 603 706 imperio
639 662 802 705 sperabat
834 672 1101 701 successurum,
1138 672 1297 695 summae
1337 663 1412 705 spei
1448 663 1725 702 adolescentem,
1770 673 1874 706 quem

225 711 388 752 iniquum
417 709 527 742 satum
562 709 726 751 Augusto
753 713 786 741 et
815 708 969 741 humano
998 709 1114 749 generi
1143 709 1290 751 eripuit⁷
1326 718 1430 750 quem
1462 709 1571 742 totius
1602 710 1724 752 populi
1758 710 1875 742 luctus

226 757 328 790 flevit.
380 757 603 798 Quantopere
639 755 674 787 hi
707 764 831 787 versus
853 755 966 796 ipsam
992 755 1168 787 Octaviam
1197 755 1387 794 moverint,
1420 758 1459 786 ut
1488 765 1597 797 quum
1624 756 1793 798 Virgilius
1817 756 1875 798 qui

226 802 395 836 recitabat
431 802 573 834 tandem
607 801 649 834 ad
684 800 788 834 verba
823 801 1057 843 pervenisset:
1094 804 1133 832 ta
1173 799 1374 832 Marcellus
1408 802 1496 840 eris,
1537 799 1672 834 viribus
1700 802 1874 841 deficeret,

227 849 313 882 satis
339 852 392 881 est
414 854 548 881 notum.
572 867 616 870 —
641 847 675 879 Si
701 846 784 879 haee
809 847 845 878 in
865 847 1015 879 somniis
1037 846 1430 879 monstrassetAeneae
1448 845 1634 886 Anchises,
1660 853 1875 890 quantopere

228 894 418 927 clamarent
444 893 495 926 illi
525 894 633 926 critici
668 898 808 935 poetam
836 892 984 925 delirare
1019 897 1052 925 et
1080 893 1192 934 ipsius
1223 893 1352 925 somnii
1381 893 1531 925 vanitate
1556 892 1746 935 infringere
1774 903 1874 926 suam

226 939 431 974 historiam!
465 941 550 972 Tres
575 940 683 982 igitur
707 939 860 971 vidimus
889 944 1029 981 poetam
1057 939 1299 981 composuisse
1326 938 1485 979 ordines,
1517 938 1669 980 primum
1694 939 1808 973 claudi
1832 938 1875 972 ab

225 988 302 1029 ipso
327 987 502 1028 Augusto,
530 985 725 1018 secundum
755 995 772 1017 a
799 984 957 1025 Caesare,
982 984 1136 1026 Augusti
1165 989 1273 1027 patre,
1301 985 1442 1017 tertium
1466 994 1484 1016 a
1510 984 1698 1026 Marcello,
1718 985 1875 1028 Augusti

226 1033 311 1066 filio.
364 1034 462 1073 Quos
478 1032 570 1064 viros
595 1032 626 1063 si
652 1041 723 1064 uno
750 1035 871 1063 tenore
896 1031 1083 1070 laudasset,
1109 1030 1254 1063 alterius
1276 1030 1398 1063 laudes
1423 1030 1572 1063 alterum
1599 1030 1874 1064 obscurrassent.

319 1080 384 1111 His
411 1078 515 1110 dietis
540 1083 642 1120 poeta
657 1077 772 1109 noluit
798 1078 934 1110 diutius
955 1082 1074 1110 tenere
1092 1076 1400 1120 exspectationem.
1430 1086 1545 1118 neque
1573 1077 1723 1110 reditum
1739 1077 1876 1111 Aeneae

226 1124 348 1158 multis
375 1123 491 1157 verbis
518 1123 787 1157 describendum
815 1123 961 1166 putavit.
