2023 3350
15 2912 17 2917 .
14 2842 17 2905 .„--
8 2802 17 2833 *⁴⁴*
8 2715 17 2795 4-.—·:
12 2678 15 2693 ..

678 99 914 134 AENEIDOS
943 101 1031 134 LIB.
1056 102 1154 134 VIII.

1659 105 1741 146 399

91 215 310 269 Ingentes3
346 213 588 268 vallemque
620 212 753 254 boves
793 225 1049 267 amnemque
1085 214 1303 259 tenebant.

91 273 149 315 At
182 272 307 314 furiis
340 271 444 314 Caci
478 284 597 313 mens
632 269 781 322 effera,
818 284 872 312 ne
908 271 1015 324 quid
1048 271 1247 314 inausum

1661 275 1743 315 205

92 331 181 372 Aut
218 330 502 372 intractatum
541 327 767 370 scelerisve
805 327 946 370 dolive
978 328 1142 381 fuisset,

92 387 308 438 Quattuor
338 400 364 429 a
396 385 579 428 stabulis
618 386 862 440 praestanti
897 399 1080 440 corpore
1117 390 1269 429 tauros

91 445 284 496 Avertit,
321 443 502 486 totidem
541 443 683 485 forma
720 447 955 497 superante
987 444 1200 496 iuvencas,

91 503 235 556 Atque
269 501 368 553 hos,
402 514 456 542 ne
498 514 585 555 qua
624 500 768 542 forent
800 501 985 554 pedibus
1026 502 1210 555 vestigia
1249 501 1391 553 rectis,

94 559 242 601 Gauda
279 559 324 600 in
361 558 609 612 speluncam
641 561 806 599 tractos
842 559 1062 612 versisque
1100 560 1269 600 viarum

1662 560 1745 600 210

91 615 269 658 Indiciis
306 619 455 669 raptos
496 630 600 658 saxo
641 614 891 657 occultabat
927 630 1074 670 opaco.

90 672 323 725 Quaerenti
358 673 477 714 nulla
515 673 572 714 ad
611 673 860 727 speluncam
895 673 1019 727 signa
1054 672 1264 715 ferebant.

88 731 279 782 Interea,
322 743 455 783 quum
495 731 582 772 iam
618 730 799 772 stabulis
842 734 1041 773 saturata
1073 734 1265 772 moveret

88 787 499 842 Amphitryoniades
542 792 739 829 armenta
777 787 1030 841 abitumque
1067 792 1257 842 pararet,

87 845 293 887 Discessu
329 846 497 899 mugire
536 846 684 897 boves,
717 848 851 898 atque
891 859 1016 887 omne
1056 846 1242 899 querelis

1659 852 1741 891 215

87 903 264 956 Impleri
300 917 451 944 nemus
487 906 530 944 et
561 903 691 945 colles
724 903 912 944 clamore
946 903 1142 957 relinqui.

90 960 297 1002 Reddidit
333 974 420 1001 una
454 960 585 1002 boum
621 974 769 1002 vocem
806 964 1017 1014 vastoque
1050 960 1128 1002 sub
1166 963 1292 1002 antro

88 1018 264 1071 Mugiit,
302 1021 346 1059 et
388 1017 489 1059 Caci
529 1031 649 1071 spem
688 1017 906 1059 custodita
945 1017 1111 1059 fefellit.

89 1074 172 1116 Hic
205 1088 305 1116 vero
342 1075 520 1117 Alcidae
556 1075 680 1116 furiis
721 1078 943 1116 exarserat
981 1079 1079 1116 atro

88 1132 206 1173 Felle
245 1132 387 1174 dolor:
424 1132 542 1186 rapit
577 1146 699 1174 arma
733 1146 864 1173 manu
900 1132 1113 1185 nodisque
1149 1133 1380 1184 gravatum

1658 1138 1741 1178 220

87 1189 252 1242 Robur,
290 1193 332 1231 et
367 1190 474 1231 aerii
511 1203 640 1230 cursu
675 1189 786 1242 petit
819 1188 957 1230 ardua
994 1189 1166 1229 montis.

89 1247 196 1288 Tum
232 1248 419 1301 primum
456 1247 595 1288 nostri
636 1247 795 1288 Cacum
826 1246 970 1288 videre
1006 1246 1231 1287 timentem

88 1304 416 1358 Turbatumque
453 1304 577 1345 oculi.

133 1442 210 1472 205.
232 1441 346 1482 furiis
370 1447 500 1484 MPRyh
530 1449 670 1473 testatur
689 1441 753 1472 Rb.
804 1445 892 1473 Con-

89 1493 139 1518 tra
164 1487 226 1518 Ην.
252 1490 284 1518 in
303 1493 334 1519 M
350 1488 450 1528 suris
475 1491 549 1519 dicit
576 1498 665 1527 esse,
691 1490 788 1524 idque
816 1498 892 1524 pro-

90 1538 159 1569 ban
186 1533 286 1572 furis
312 1537 365 1564 dat
398 1536 495 1564 etiam
522 1539 616 1564 Serv.
666 1537 757 1570 Quae
793 1543 890 1569 quam

86 1580 184 1609 facile
201 1585 325 1610 mutata
340 1581 416 1617 sint,
431 1582 608 1617 intelliges.
642 1582 748 1609 Furiis
767 1582 891 1610 Cacum

87 1626 141 1661 agi
158 1626 290 1654 nimium
307 1634 386 1655 esse
402 1628 591 1663 videbatur3
620 1628 679 1656 sed
700 1627 777 1655 mali
801 1635 890 1655 sem-

87 1679 147 1706 per
170 1673 295 1700 maiora.
321 1674 362 1701 ad
387 1672 538 1702 facinora
558 1678 665 1701 mente
685 1680 748 1701 sua
772 1673 891 1707 impel-

87 1718 209 1755 luntur,
237 1722 271 1746 ut
295 1719 423 1747 tandem
446 1726 572 1753 poenas
599 1721 698 1755 luant,
723 1721 787 1746 hae
813 1724 891 1747 sunt

87 1770 200 1791 eorum
225 1763 341 1792 furiae.
393 1765 500 1799 Quare
528 1765 635 1799 magis
663 1764 805 1798 placebit
826 1763 889 1801 fu-

87 1805 152 1836 riis
177 1806 261 1837 Caci
281 1817 374 1837 mens
398 1810 518 1844 effera,
549 1817 644 1844 quam
666 1807 764 1846 suris
795 1807 889 1839 Caci.

86 1855 201 1887 Neque
236 1862 332 1883 mens
372 1852 456 1884 Caci
490 1855 541 1890 (in
574 1863 637 1889 quo
672 1857 785 1883 haeret
816 1852 889 1890 Pl.)

88 1899 247 1935 advertit,
273 1905 304 1928 ut
329 1899 428 1927 facile
455 1900 658 1935 intelligitur,
685 1902 743 1929 sed
778 1898 891 1930 Cacus

88 1943 298 1979 [praesertim
334 1945 504 1973 enuntiato
536 1946 728 1981 interiecto,
779 1947 888 1974 locum

92 1997 156 2024 que
183 1991 288 2018 attulit
313 1990 515 2018 simillimum
552 1987 615 2019 Lcl.
662 1991 748 2019 Livii
778 1990 806 2027 1,
842 1990 892 2027 15,

95 2035 148 2071 1.].
202 2032 254 2064 ΡΙ.
291 2040 322 2064 ιιι
350 2043 478 2064 omnem
505 2037 634 2064 tolleret
668 2036 891 2064 difficultatem

87 2080 193 2109 conL:
232 2078 397 2118 Aesuris
427 2078 511 2110 Caci
536 2090 662 2109 manus
688 2078 817 2120 effera!

133 2125 211 2154 206.
242 2123 379 2156 Fuisset
403 2134 446 2155 ex
467 2132 576 2155 mente
603 2127 724 2155 dictum
746 2127 891 2155 Evandri

87 2171 265 2200 narrantis.

132 2217 210 2245 207.
237 2219 358 2246 tauros
397 2218 580 2252 praestanti
611 2224 751 2252 corpore
780 2221 808 2245 et
841 2216 891 2245 iu-

87 2269 214 2291 vencas
229 2262 334 2291 forma
353 2267 543 2297 superante.
582 2264 631 2291 De
648 2264 712 2291 abl.
728 2262 769 2290 cf.
789 2262 816 2300 1,
836 2263 890 2292 71.

133 2306 215 2335 208.
241 2306 379 2337 Avertit
397 2309 442 2338 ita
464 2309 488 2345 1,
512 2306 591 2337 472.
642 2308 693 2344 10,
720 2308 772 2336 78.
823 2309 891 2337 Cat.

87 2353 195 2387 Epitn.
211 2352 231 2380 5
248 2351 421 2382 Auratam
447 2356 609 2393 optantes
631 2350 768 2383 Colchis
790 2362 892 2383 aver-

88 2399 161 2428 tere
182 2395 323 2435 pellem.
371 2399 425 2428 Sic
452 2402 583 2428 uertere
611 2398 638 2436 1,
663 2398 740 2427 528.

133 2442 211 2471 209.
243 2439 392 2472 Pedibus
416 2442 520 2473 rectis
544 2445 711 2473 ablativus
738 2450 807 2481 est,
841 2453 889 2474 sc.

87 2496 128 2517 ne
157 2488 302 2522 vestigia
325 2494 452 2526 essent,
477 2490 506 2519 si
525 2491 606 2519 recti
630 2492 732 2525 pedes
755 2497 889 2527 essent;

87 2541 130 2562 ea
162 2539 272 2562 autem
306 2537 474 2564 turbantur
507 2541 538 2564 et
566 2537 725 2565 tolluntur
752 2537 890 2572 pedibus

86 2579 245 2608 inversis.

132 2623 211 2654 211.
241 2622 378 2664 Raptus
400 2625 642 2655 u'akefieldius
681 2635 743 2656 suo
786 2630 890 2656 Marte

87 2671 224 2699 mutavit
244 2670 278 2698 in
305 2672 441 2710 raptor,
468 2676 501 2699 ut
524 2672 640 2700 dicitur
662 2673 770 2701 Cacus
791 2674 889 2709 Prop.

86 2713 124 2754 4,
155 2716 193 2752 9,
239 2715 287 2744 11.
337 2723 477 2750 eamque
512 2717 737 2746 coniecturam
762 2721 889 2754 ample-

86 2765 187 2790 xatus
211 2766 262 2790 est
286 2758 350 2790 Rb.
380 2762 584 2797 saepiusque
609 2765 723 2792 laudat
749 2772 780 2799 p.
809 2764 887 2793 286.

86 2804 170 2843 365,
197 2812 227 2836 et
249 2807 366 2845 intulit,
393 2811 515 2847 raptos
536 2813 646 2838 autem
661 2813 736 2844 post
758 2812 890 2840 tractos

87 2853 212 2886 putavit
238 2861 316 2882 esse
342 2853 553 2888 superfluum.

131 2897 210 2926 212.
236 2897 438 2938 quaerenti:
464 2900 495 2928 ei
520 2899 574 2934 qui
600 2900 744 2936 quaeum
768 2901 802 2929 id
827 2905 890 2938 est,

89 2942 274 2978 quicunque
309 2946 448 2979 quaerit.
497 2945 624 2975 Nemini
656 2946 753 2981 signa
784 2954 891 2982 appa-

89 2992 168 3016 rent.
217 2989 265 3019 cf.
296 2989 333 3028 t,
362 2990 437 3019 102.

638 1304 768 1357 Fugit
805 1303 925 1345 ilicet
963 1304 1081 1345 ocior
1118 1304 1247 1354 Euro,

985 1444 1062 1473 215.
1090 1441 1242 1484 mugire.
1290 1444 1339 1472 De
1372 1443 1427 1472 inf.
1452 1444 1610 1475 historico
1644 1448 1684 1477 cf.
1712 1447 1744 1486 2,

943 1488 1017 1518 132.
1045 1505 1089 1509 -
1115 1489 1162 1519 cf.
1186 1491 1246 1518 ov.
1274 1492 1316 1525 M,
1337 1489 1374 1527 6,
1411 1489 1477 1519 547
1505 1489 1653 1532 implebo
1683 1492 1745 1523 sil-

938 1544 1001 1565 vas
1027 1538 1060 1565 et
1087 1533 1226 1564 conscia
1250 1543 1339 1564 saxa
1365 1534 1528 1575 querelis.

982 1581 1060 1610 216.
1087 1579 1192 1610 colles
1224 1578 1377 1610 clamore
1404 1579 1559 1622 relinqui
1580 1591 1599 1612 a
1625 1586 1742 1615 bobus.

939 1628 1092 1656 Forsitan
1115 1627 1262 1663 mireris,
1297 1628 1382 1661 quod
1409 1630 1491 1657 haec
1514 1631 1650 1665 addam3
1683 1633 1743 1660 sed

939 1680 1134 1707 quamquam
1160 1681 1219 1707 per
1245 1680 1282 1701 se
1300 1672 1398 1702 facile
1423 1674 1562 1709 intelligi
1580 1677 1743 1715 videntur,

937 1724 1049 1747 exstat
1077 1724 1185 1747 tamen
1208 1718 1385 1752 explicatio
1404 1720 1471 1747 alia
1497 1722 1598 1749 haec:
1629 1723 1742 1752 Colles

938 1769 1137 1799 superantur
1153 1766 1249 1792 boum
1266 1766 1400 1799 mugitu.
1438 1765 1492 1793 Sic
1506 1774 1741 1802 nonnunquam

939 1815 970 1838 ut
996 1812 1082 1838 mala
1111 1810 1207 1838 tacite
1232 1815 1404 1838 removeat
1427 1811 1482 1844 qui
1510 1811 1743 1847 interpretatur

938 1857 1035 1884 etiam
1057 1857 1158 1890 plana
1183 1855 1309 1887 cogitur
1333 1857 1527 1891 explanare.
1579 1855 1633 1887 Pl.
1657 1860 1743 1889 coni.

938 1900 1094 1930 clamare
1116 1898 1317 1940 propinqui.

983 1945 1060 1975 21'1'.
1088 1944 1148 1975 snb
1176 1948 1279 1975 antro
1306 1945 1346 1974 cf.
1372 1945 1409 1983 6,
1436 1944 1513 1975 203.

984 1991 1062 2021 218.
1089 1989 1219 2030 mugiit
1252 1999 1365 2029 „more
1390 2000 1453 2021 suo
1484 2001 1544 2028 pro
1570 1994 1743 2030 mugivit.“

940 2039 972 2065 S.
1022 2037 1071 2067 Cf.
1096 2036 1134 2075 3,
1160 2036 1238 2065 603.

985 2081 1064 2111 219.
1090 2084 1284 2111 exarserat.
1333 2084 1383 2111 De
1416 2085 1742 2121 plusquamperfecto

939 2127 980 2156 cf.
1015 2127 1069 2164 10,
1100 2126 1178 2155 546.
1230 2125 1284 2156 Pl.
1314 2129 1401 2156 coni.
1435 2126 1502 2157 Hic
1534 2139 1568 2158 v.
1601 2129 1744 2162 Alcides

934 2170 1044 2210 furiis
1071 2169 1218 2209 exarsit,
1245 2175 1276 2201 et
1292 2174 1372 2201 atro
1394 2170 1484 2210 selle
1500 2172 1631 2214 dolens,
1655 2185 1685 2206 r.
1709 2186 1743 2208 a.

939 2226 984 2246 m.
1010 2227 1043 2246 π.
1067 2225 1104 2257 g.
1132 2214 1264 2246 Robur.

983 2261 1062 2291 220.
1091 2260 1200 2291 Arma
1232 2262 1421 2296 explicatur
1445 2270 1504 2297 per
1527 2262 1631 2294 nodis
1655 2274 1744 2307 gra—

938 2311 1059 2337 vatum
1092 2306 1213 2343 robur,
1242 2315 1325 2341 uuae
1357 2314 1407 2336 est
1434 2310 1542 2337 clava.
1594 2311 1635 2339 cf.
1662 2311 1741 2342 201.

939 2354 992 2382 Sic
1024 2354 1139 2382 eadem
1174 2355 1271 2382 clava
1301 2354 1455 2382 Herculis
1490 2352 1595 2383 robur
1626 2358 1744 2387 dicitur

937 2401 1011 2429 Val.
1032 2402 1080 2428 ΡΙ.
1107 2399 1133 2436 l,
1161 2397 1238 2427 634.
1288 2401 1381 2427 Mart.
1401 2400 1432 2435 9,
1459 2397 1513 2436 44,
1539 2399 1559 2429 4
1580 2406 1610 2430 et
1632 2401 1744 2433 nodo-

939 2453 1012 2474 sum
1042 2443 1146 2474 robur
1168 2445 1240 2473 val.
1265 2446 1314 2472 Fl.
1340 2443 1377 2481 2,
1402 2443 1480 2474 534.

983 2483 1062 2519 221.
1090 2488 1188 2519 AerIi
1225 2491 1375 2518 dicuntur
1414 2496 1543 2519 montes
1582 2491 1619 2530 6,
1663 2491 1743 2523 234.

940 2537 1010 2566 Cat.
1035 2535 1098 2573 68,
1124 2535 1177 2565 56.
1229 2533 1335 2575 Alpes
1360 2538 1397 2564 G.
1423 2536 1459 2573 3,
1487 2535 1563 2564 474.
1612 2539 1672 2568 Ov.
1697 2542 1740 2569 Μ.

937 2581 975 2619 2,
1001 2581 1079 2610 226.
1129 2589 1275 2621 quercus
1299 2582 1338 2609 A.
1368 2580 1406 2618 3,
1438 2581 1515 2610 680.
1564 2580 1680 2612 ulmus
1704 2587 1741 2614 Ε.

937 2627 969 2664 2,
995 2627 1049 2656 59.
1074 2642 1118 2647 —
1142 2623 1291 2656 aetherii
1313 2627 1343 2654 in
1376 2630 1458 2655 Mss.
1483 2627 1592 2664 aliqt.;
1619 2630 1743 2665 impro-

938 2675 1046 2710 batur,
1081 2673 1166 2707 quod
1199 2669 1377 2700 aetherius
1403 2681 1468 2701 non
1500 2681 1594 2703 mons
1620 2676 1742 2715 quivis,

938 2721 997 2748 sed
1020 2720 1182 2753 Olympus
1203 2719 1391 2753 appellatur
1409 2718 1450 2747 cf.
1476 2718 1553 2747 319.
1601 2720 1633 2757 6,
1661 2721 1739 2751 579.

941 2764 998 2802 10,
1039 2763 1118 2792 621.
1172 2763 1229 2799 11,
1279 2762 1359 2792 867.
1385 2779 1431 2783 ——
1465 2762 1582 2794 ardua
1612 2765 1742 2796 montis

936 2810 978 2841 cf.
1010 2809 1043 2846 1,
1067 2808 1144 2838 422.

981 2854 1059 2884 223.
1087 2853 1266 2884 turbatum
1295 2851 1405 2883 oculis
1429 2857 1519 2884 MPR
1546 2860 1575 2884 et
1609 2859 1641 2885 S.
1674 2865 1740 2886 rec.

939 2899 1004 2930 Rb.
1041 2898 1146 2941 Wg.:
1187 2900 1302 2928 Oculis
1335 2901 1445 2930 Cacus
1480 2902 1578 2930 animi
1614 2905 1741 2931 turbam

936 2947 1051 2982 prodit.
1102 2946 1143 2975 cf.
1171 2946 1209 2983 5,
1234 2945 1310 2974 505.
1360 2947 1448 2983 „Alii
1478 2945 1572 2975 oculi
1605 2947 1741 2982 leguut“

938 2995 971 3022 S.
1020 3000 1088 3021 rec.
1109 2990 1175 3022 Ld.
1204 2993 1294 3027 prol).
1323 2989 1392 3029 Pt.;
1414 2993 1475 3021 sed
1492 2989 1557 3021 Rb.
1582 3001 1648 3022 non
1665 2994 1740 3024 dicit
