2023 3350
679 73 917 108 AENEIDOS
950 77 1036 109 Lm.
1062 77 1120 109 vl.
1661 80 1741 120 321

81 191 315 244 Ipsumque
356 188 592 241 Aeaciden,
634 203 767 243 genus
806 190 1110 243 armipotentis
1150 191 1322 243 Achilli,

1656 194 1741 234 840

82 249 208 290 Ultus
245 261 347 290 avos
383 247 557 299 Troiae,
598 247 762 301 templa
799 251 841 289 et
876 251 1091 291 temerat-a
1127 249 1358 291 Minervae.

83 306 187 357 Quis
224 310 288 357 te,
330 319 484 358 magne
520 304 648 357 Cato,
687 306 890 353 tacitum,

931 310 1007 347 aut
1041 310 1104 359 te,
1143 307 1291 359 Cosse,
1333 306 1582 361 relinquat?

83 365 186 415 Quis
222 363 409 405 Gracchi
449 363 613 416 genus?
655 367 731 405 aut
771 364 984 418 geminos,
1029 364 1115 406 duo
1154 365 1337 408 fulmina
1376 365 1491 417 belli,

83 421 330 476 Scipiadas,
371 421 538 462 cladem
573 421 757 475 Libyae,
799 435 1022 475 parvoque
1061 426 1280 476 potentem

82 480 348 531 Fabricium,
387 479 452 520 vel
493 482 536 520 te
577 479 717 530 sulco,
765 479 968 532 Serrane,
1013 482 1256 523 serentem?

1653 482 1738 521 845

83 538 177 588 Quo
215 537 375 579 fessum
412 537 585 590 rapitis,
626 537 748 579 Fabii
761 538 780 578 ’ζ’
818 541 866 579 tu
902 538 1118 581 Maximus
1154 539 1228 581 ille
1268 553 1324 591 eS,

82 595 202 637 Unus
235 595 310 649 qui
344 595 469 636 nobis
503 595 747 637 cunctando
785 595 979 637 restituis
1016 610 1120 638 rem.

81 652 307 694 Excudent
345 653 421 694 alii
464 653 678 707 spirantia
714 653 886 695 mollius

928 667 1031 696 aera
1045 668 1054 705 3

83 710 220 753 Credo
257 711 478 765 equidem3
519 712 635 753 vivos
669 711 827 754 ducent
864 711 917 753 de
950 725 1167 754 marmore
1201 710 1366 762 voltus,

81 878 152 905 lam
179 878 274 906 eruet
301 885 415 906 verum
443 880 501 909 est.
533 885 589 912 pro
614 879 751 907 Graecia
778 883 885 907 autem

80 923 146 951 iam
182 919 216 959 1,
256 921 320 951 284
362 924 487 959 Argos.
528 925 701 960 Mycenas,
736 925 885 953 Phthiam

82 969 205 1004 posuit,
243 977 341 1004 quum
374 971 412 997 de
437 970 547 998 eodem
568 971 718 999 Mummii
747 976 887 1005 tempore

80 1017 276 1049 loqueretur.
306 1030 344 1034 —
375 1017 471 1044 eruet
497 1014 614 1055 Argos
648 1019 679 1045 cl
706 1014 884 1045 Aeaciden

82 1069 222 1097 zeugma
253 1064 301 1089 est
332 1061 370 1090 cf.
408 1057 442 1094 1,
475 1059 551 1089 356.
586 1077 622 1081 —-
660 1063 751 1091 Hanc
782 1070 886 1091 meam

81 1108 335 1142 explicationem
369 1115 479 1135 veram
513 1116 604 1140 esse,
647 1117 688 1136 ex
723 1117 758 1135 eo
790 1108 887 1135 facile

81 1154 300 1190 computabis,
351 1154 435 1188 quoti
478 1161 509 1181 v.
552 1151 612 1180 84!
662 1151 757 1181 ullas
800 1162 885 1181 avos-

87 1196 216 1228 'l'roiae
250 1208 335 1227 unus
366 1203 490 1227 tautum
523 1199 733 1235 inlellipritttr,
773 1204 885 1227 contra

80 1245 110 1273 si
143 1245 266 1280 priores
301 1254 418 1274 versus
451 1245 489 1273 tle
516 1245 671 1273 Mummio
705 1249 740 1273 et
769 1246 883 1273 Paullo

80 1291 296 1327 accipiuntur,
320 1293 361 1319 atl
378 1292 530 1319 Paullum
551 1291 629 1318 illutl
651 1288 746 1319 ultus
766 1291 884 1319 refere-

80 1341 140 1373 tur,
175 1338 235 1365 etsi
257 1337 410 1366 Mummio
437 1338 491 1365 vel
519 1337 661 1365 maxime
685 1339 744 1365 hoc
772 1342 883 1371 aptum

79 1388 137 1418 est,
160 1391 258 1418 quum
272 1385 409 1412 Paullus
431 1382 547 1411 vicerit
568 1383 793 1411 Macedoniam
818 1392 880 1411 non

80 1430 260 1465 Graeciam,
290 1437 390 1465 quare
414 1430 590 1457 absurdum
615 1429 746 1457 attribui
771 1429 878 1460 alteri.

78 1475 131 1504 cui
145 1484 207 1504 11011
225 1476 387 1510 convenit,
403 1475 514 1511 negari
528 1475 633 1504 alleri.
647 1475 699 1503 cui
716 1475 878 1503 convenit.

82 1536 120 1540 -
161 1523 270 1556 Neque
306 1526 429 1550 tantum
465 1529 549 1549 avos
586 1522 785 1550 ulciscemur
817 1522 881 1549 110-

78 1567 185 1604 mani,
217 1569 273 1596 sed
299 1568 397 1597 etiam
426 1568 502 1595 deos
526 1574 546 1596 a
567 1568 701 1596 Graecis
726 1568 879 1596 violatos.

77 1615 216 1642 Errasse
250 1614 284 1642 in
325 1614 377 1643 his
414 1614 566 1642 versibus
590 1614 767 1650 Virgilium
800 1614 883 1642 dixit

78 1660 231 1696 Hyginus
257 1667 308 1695 ap.
335 1661 414 1689 Gell.
444 1656 495 1695 10,
529 1657 566 1687 16
602 1660 768 1694 ..confudit
795 1660 881 1688 enim

78 1710 109 1734 et
136 1714 293 1741 personas
323 1707 476 1735 diversas
505 1710 535 1734 et
569 1710 732 1740 tempora·
766 1706 882 1740 opina-

77 1755 194 1786 tusque
216 1757 264 1781 est
279 1761 353 1781 eum
377 1756 599 1787 exempturnm
624 1752 730 1780 fuisse
751 1760 781 1780 τ.
801 1750 879 1779 840.

83 1794 135 1826 ΡΙ.
161 1799 242 1827 delet
268 1796 333 1826 839
349 1814 386 1818 —
402 1795 454 1826 41.
495 1798 634 1831 Uterque
657 1798 771 1826 maluit
795 1798 880 1826 vitu-

80 1850 195 1878 perare
221 1851 318 1879 quam
347 1844 524 1878 explicare.

125 1887 202 1918 841.
229 1892 275 1918 De
302 1892 361 1919 hoc
386 1890 504 1919 Aiacis
529 1891 652 1917 scelere
679 1888 718 1917 cf.
758 1886 792 1921 1,
826 1885 880 1916 41.

80 1933 116 1971 2,
144 1933 222 1963 403.
257 1951 294 1955 ——
334 1933 519 1964 'remerare
551 1939 598 1963 est
632 1939 753 1963 temera
779 1935 882 1963 autla-

77 1981 131 2010 cia
157 1982 285 2011 violare
315 1990 368 2010 res
393 1989 526 2015 sacras·,
564 1981 610 2009 ita
634 1981 702 2009 Tib.
733 1978 768 2016 3,
797 1980 833 2017 5,
860 1978 880 2007 7

76 2025 170 2056 nulli
194 2026 399 2056 temeranda
425 2025 577 2056 uirorum
601 2034 715 2055 sacra.
757 2027 815 2054 ΟΥ.
838 2028 881 2054 Μ.

79 2071 116 2109 8,
150 2071 228 2102 742.
273 2072 328 2110 10,
363 2071 438 2101 695.
485 2072 541 2107 15,
569 2070 622 2100 75.
669 2073 743 2100 Val.
774 2073 820 2101 Fl.
855 2069 882 2109 1,

78 2117 156 2148 627.
182 2116 247 2147 801
275 2121 318 2149 al.
368 2120 409 2147 Ut
434 2119 524 2147 furor
549 2119 604 2147 ille
629 2118 746 2147 dicitur
771 2114 800 2154 1,
829 2115 882 2155 4l,

79 2166 127 2195 sic
162 2170 248 2195 recte
281 2166 463 2199 ten1e1·itas;
510 2172 586 2193 nam
623 2164 678 2199 qui
717 2171 801 2192 sana
835 2168 883 2192 est

78 2216 184 2241 mente
217 2216 245 2241 et
269 2212 325 2247 qui
353 2213 501 2241 consulto
527 2211 612 2247 agit,
645 2218 710 2238 11011
744 2210 881 2238 violabit

78 2259 155 2286 deos
178 2262 233 2286 aut
259 2266 342 2293 quae
372 2259 504 2287 deorum
536 2262 621 2285 sunt.
658 2272 696 2275 ——
732 2257 821 2290 Quod
848 2256 881 2284 iu

79 2304 236 2333 Mummio
268 2304 391 2333 diutius
424 2308 586 2337 moratur,
620 2311 716 2337 (11111111
744 2303 777 2330 111
801 2302 880 2330 aliis

78 2350 267 2379 hominibus
284 2358 348 2379 non
365 2350 487 2378 minore
504 2351 600 2378 laude
621 2349 740 2385 (lignis.
759 2356 881 2377 caussa

78 2399 144 2432 est,
178 2400 210 2424 nt
238 2397 304 2424 iam
329 2396 567 2431 intlicav‘unus,
599 2397 683 2430 quod
709 2395 881 2424 Graeciam

78 2442 138 2470 ille
163 2442 300 2479 devicit,
328 2442 445 2470 Troiae
471 2442 649 2471 victricem.

125 2485 203 2516 842.
235 2485 395 2527 Magnus
440 2485 528 2516 Cato
566 2492 615 2516 est
658 2490 700 2516 M.
744 2488 881 2517 Porcius

79 2534 159 2563 Cato
196 2530 314 2562 Maior
339 2534 527 2562 Censorius,
578 2534 625 2563 Cf.
652 2531 692 2570 8,
725 2531 801 2562 670.
840 2549 877 2552 —

79 2580 204 2609 Cossus
228 2583 277 2608 est
301 2579 343 2608 A.
370 2580 544 2608 Cornelius
570 2580 713 2614 CossttS,
747 2579 802 2614 qui
829 2588 881 2608 se-

78 2627 186 2655 cunda
216 2626 288 2654 tulit
319 2626 428 2660 spolia
458 2626 567 2660 opima
589 2626 687 2654 Larte
710 2626 881 2654 Tolumnio

78 2672 186 2702 occiso
202 2673 276 2701 Liv.
299 2668 330 2707 4,
360 2669 409 2700 19.
461 2673 530 2707 „Ea
554 2671 614 2700 rite
641 2671 748 2706 spolia
773 2672 884 2706 opima

77 2720 254 2755 habentur,
291 2725 375 2753 quae
407 2719 474 2746 (lux
509 2718 582 2746 duci
612 2716 774 2746 detraxit*
807 2718 882 2746 Liv.

79 2761 116 2801 4,
143 2762 196 2793 20.
223 2779 261 2784 —-
290 2761 434 2793 tacitum
462 2760 664 2802 relinquat3
699 2764 739 2792 cf.
766 2761 831 2791 715
857 2767 887 2792 et

80 2810 148 2840 cic.
164 2811 254 2839 Fam.
275 2808 305 2847 3,
332 2807 352 2838 S
377 2806 497 2838 Prima
523 2806 591 2837 duo
616 2806 736 2848 capita
755 2807 883 2849 episto-

80 2853 138 2885 lae
164 2858 248 2885 tuae
275 2853 387 2885 tacita
415 2851 501 2884 mihi
526 2851 761 2894 relinquenda
793 2858 885 2884 snat.

124 2899 202 2931 843.
229 2904 394 2931 Gracchos
421 2904 590 2937 memorat,
616 2909 679 2929 non
707 2905 740 2930 ut
761 2903 883 2939 laudet,

79 2948 136 2976 sed
165 2949 248 2982 quod
282 2948 430 2977 illustres
461 2951 538 2977 sunt
571 2947 612 2976 cf.
650 2944 727 2976 758.
779 2948 885 2982 Quare

80 2992 198 3022 Caium
222 2998 254 3023 et
276 2995 443 3024 Tiberium
468 2994 586 3023 fratres
612 3001 675 3022 nou
700 2993 808 3023 minus
834 2994 885 3022 iu-

935 879 1072 912 tellexit,
1103 886 1200 913 quam
1227 882 1349 912 patrem
1373 880 1403 905 et
1428 884 1527 906 avum
1552 884 1673 906 eorum.
1697 891 1735 896 —

939 922 1104 953 Fulmina
1138 921 1220 953 belli
1257 924 1301 951 ita
1340 923 1405 952 iam
1438 924 1534 952 Lucr.
1572 921 1610 957 3,
1652 920 1739 950 1017

937 967 1124 1010 Scipiades·
1156 967 1238 998 belli
1264 966 1428 1006 fulmen‚·
1469 973 1497 997 et
1530 973 1661 998 secutus
1691 973 1739 997 est

934 1017 993 1044 Sil.
1012 1014 1134 1050 7,106.
1169 1016 1207 1045 cf.
1234 1015 1403 1043 Hamilcar
1422 1015 1556 1043 Bareas.
1580 1015 1740 1049 Bajazetlt

934 1062 1081 1092 Iltlerim.
1114 1064 1236 1090 Gaston
1262 1062 1300 1089 de
1328 1060 1423 1091 Foix,
1460 1060 1585 1088 fulmen
1611 1060 1738 1088 ltaliae.

937 1123 974 1126 —-
1005 1108 1072 1137 Cic.
1102 1116 1146 1142 pr.
1172 1108 1264 1135 Ball).
1291 1103 1328 1133 15
1356 1113 1460 1144 quam
1488 1103 1556 1133 dno
1576 1102 1740 1141 fulmina

931 1151 1044 1182 *nostri
1070 1150 1211 1192 imperii
1244 1168 1288 1171 —
1328 1151 1387 1179 (In.
1421 1153 1452 1180 et
1485 1148 1520 1179 P.
1556 1149 1740 1191 Scipiones

932 1196 1096 1227 exstincti
1120 1195 1339 1228 ‹it-vidissent.
1390 1194 1658 1235 ltaJnlminarc
1690 1193 1738 1234 12,

933 1241 1009 1272 1154.

979 1288 1057 1318 844.
1088 1286 1276 1329 Scipiades
1311 1296 1429 1323 graeca
1460 1288 1562 1317 forma
1590 1296 1609 1317 a
1634 1288 1739 1323 poetis

932 1337 1029 1364 etiam
1082 1337 1114 1364 in
1160 1336 1320 1364 Romanis
1365 1335 1550 1363 nominibus
1596 1335 1737 1370 usitata;

938 1379 1167 1410 ,llemmiadcs
1188 1383 1282 1411 Lurr.
1310 1381 1334 1417 1,
1357 1379 1410 1409 27.
1456 1378 1670 1409 Romulidae
1694 1381 1736 1409 A.

928 1428 965 1458 8.
994 1427 1070 1457 638.
1121 1429 1175 1457 sic
1200 1430 1338 1457 Plautus
1367 1428 1432 1455 iam
1460 1427 1539 1455 lusit
1570 1427 1603 1455 111
1640 1429 1737 1455 verbo

930 1472 1125 1513 rapacidac
1160 1482 1178 1503 a
1213 1482 1328 1513 rapas
1354 1474 1447 1501 ducto
1474 1473 1551 1501 Aul.
1579 1470 1615 1504 2.
1642 1470 1678 1510 7,
1705 1470 1737 1501 8.

929 1520 1010 1554 Qu'ut
1051 1521 1133 1555 quod
1168 1520 1341 1548 Iuvenalis
1381 1519 1454 1547 fecit
1489 1516 1672 1547 Stoicidae
1708 1517 1737 1549 2,

930 1567 983 1594 65.
1022 1582 1058 1586 —-
1093 1567 1218 1595 Gemini
1253 1571 1326 1594 sunt
1359 1565 1528 1599 Africani,
1567 1564 1674 1593 Maior
1708 1570 1737 1593 et

929 1613 1045 1641 Minor.
1076 1628 1113 1632 —-
1141 1620 1323 1652 parvoque
1344 1613 1520 1651 potentem
1553 1611 1573 1639 i.
1601 1620 1627 1639 e.
1655 1617 1737 1645 pau-

930 1667 1052 1695 perem,
1082 1660 1138 1688 sed
1162 1667 1317 1693 magnum
1342 1658 1376 1686 in
1399 1657 1567 1692 republica
1592 1657 1713 1685 virum.

975 1713 1054 1744 845.
1085 1714 1273 1745 Serranus.
1330 1717 1372 1743 Μ.
1402 1715 1529 1743 Atilius
1563 1715 1737 1744 Calatinus

930 1764 1102 1790 Serranus.
1154 1764 1343 1790 ..Serentem
1364 1761 1559 1789 invenerunt
1586 1761 1653 1789 dati
1680 1763 1737 1789 110-

929 1816 1024 1836 nores
1042 1811 1212 1837 seranum.
1241 1809 1324 1835 unde
1347 1806 1547 1843 cognomen*
1570 1807 1656 1834 Plin.
1683 1803 1735 1843 18,

931 1852 967 1890 3,
1002 1851 1021 1881 4
1054 1854 1092 1883 cf.
1119 1854 1185 1882 Cic.
1212 1854 1285 1881 BA.
1318 1851 1368 1881 18.
1418 1852 1597 1881 Atiliorum
1620 1860 1737 1880 nomen

929 1901 1054 1928 celebre
1089 1904 1157 1928 erat
1190 1900 1334 1928 maxime
1363 1900 1448 1928 bello
1473 1898 1596 1927 Punico
1629 1898 1734 1934 primo

930 1946 969 1975 cf.
997 1948 1082 1974 Flor.
1110 1944 1145 1983 2,
1176 1944 1211 1981 2,
1242 1942 1299 1981 12,
1332 1942 1380 1973 17.

976 2001 1053 2031 846.
1076 2001 1212 2041 fessum
1247 2004 1430 2032 enarrando
1465 2006 1505 2031 tot
1538 2003 1645 2031 claros
1679 2004 1737 2030 110-

930 2050 1044 2078 mines.
1079 2064 1117 2068 —
1156 2050 1270 2078 Simile
1302 2054 1348 2078 est
1382 2049 1526 2077 Horatii:
1575 2045 1650 2086 Quo
1684 2055 1737 2076 me

936 2092 1073 2123 Bacche
1108 2093 1206 2131 rapis
1234 2092 1287 2124 lui
1315 2092 1457 2134 plenum
1486 2095 1521 2123 C.
1549 2092 1585 2130 3,
1615 2092 1674 2129 25,
1707 2090 1735 2122 1.

931 2143 986 2169 Est
1014 2142 1049 2175 Q.
1077 2141 1199 2169 Fabius
1224 2142 1391 2169 Maximus
1420 2141 1605 2169 Cunctator.

978 2195 1056 2226 847.
1084 2198 1210 2226 Versus
1251 2197 1480 2226 nobilissimus
1519 2196 1617 2225 Ennii
1665 2196 1737 2224 sine

929 2244 1024 2273 dubio
1054 2245 1087 2272 in
1107 2244 1249 2272 omnium
1277 2252 1331 2271 ore
1354 2245 1569 2277 versabatur3
1596 2249 1737 2277 quapro-

929 2295 997 2325 pter
1030 2290 1194 2326 Virgilius
1228 2297 1301 2318 eum
1336 2289 1408 2317 suis
1448 2287 1660 2324 interposuit,
1703 2290 1737 2315 nt

930 2337 1022 2365 Ovid.
1056 2338 1143 2364 Fast.
1178 2334 1214 2369 2,
1252 2333 1312 2363 241
1357 2336 1394 2363 ut
1426 2341 1546 2373 posses
1581 2330 1663 2362 olim
1699 2334 1736 2361 ln

934 2379 1089 2411 Maxime
1117 2378 1225 2416 nasci,
1253 2378 1309 2410 cui
1336 2388 1389 2409 res
1411 2376 1609 2409 cunctando
1636 2375 1739 2408 resri-

930 2426 1064 2458 tuenda
1079 2426 1190 2465 foret.

976 2484 1055 2514 848.
1085 2481 1274 2525 Spiranlia
1304 2491 1406 2520 aera,
1441 2488 1475 2512 ut
1499 2485 1534 2510 G.
1563 2479 1601 2519 3,
1640 2479 1681 2510 34
1707 2485 1738 2511 01

930 2534 1046 2562 Claud.
1081 2533 1156 2561 bell.
1187 2533 1254 2560 Get.
1291 2527 1355 2558 612
1397 2525 1577 2568 spirantia
1616 2525 1736 2568 signa.

930 2580 1011 2608 Tam
1035 2578 1162 2607 similes
1181 2576 1372 2606 viventibus
1393 2575 1525 2610 formas,
1553 2578 1585 2603 ut
1607 2574 1735 2609 spirare

930 2626 1123 2662 videantur,
1157 2628 1286 2657 tamque
1318 2623 1450 2658 molles,
1482 2620 1592 2656 qualis
1624 2620 1736 2650 carnis

930 2680 1004 2700 esse
1034 2673 1117 2700 solet
1151 2669 1306 2699 mollities
1340 2667 1379 2697 cf.
1414 2668 1448 2695 Ε.
1481 2665 1518 2703 3,
1555 2664 1608 2695 45.
1657 2667 1735 2695 Hor.

930 2719 1000 2746 ΑΡ.
1029 2715 1070 2745 33
1098 2713 1218 2745 molles
1243 2711 1442 2743 imitabitur
1469 2720 1550 2741 aere
1576 2709 1737 2751 capillos,

929 2769 959 2793 et
983 2764 1091 2798 Quint.
1129 2758 1187 2799 12,
1217 2758 1275 2795 10,
1308 2757 1326 2786 7
1360 2760 1458 2795 signa
1484 2759 1641 2788 discernit
1672 2755 1737 2787 du-

929 2807 1043 2846 riora,
1070 2805 1186 2836 minas
1212 2803 1353 2844 rig-ida,
1382 2801 1558 2833 molliora.
1609 2805 1664 2833 Sic
1689 2804 1738 2832 ‹1⁴1-

930 2856 1013 2886 citur
1035 2862 1161 2883 aarum
1189 2849 1303 2888 molle,
1332 2851 1450 2880 ductile
1477 2847 1530 2887 10,
1557 2847 1633 2879 138.
1657 2848 1735 2878 818.

930 2903 1006 2931 val.
1024 2902 1071 2929 Fl.
1095 2897 1123 2937 1,
1150 2897 1226 2927 430.
1254 2913 1290 2917 —-
1310 2896 1404 2926 Aera
1429 2898 1467 2926 de
1492 2897 1598 2933 siguis
1620 2896 1734 2925 aeneis

931 2948 1050 2977 dicitur
1078 2954 1129 2981 ap.
1158 2946 1233 2974 Hor.
1261 2946 1318 2979 Ep.
1344 2941 1380 2979 2,
1408 2940 1444 2977 1,
1472 2940 1548 2970 2-11.

976 2991 1054 3022 849.
1082 2988 1184 3021 credo
1210 2991 1266 3027 „in
1287 2987 1346 3018 Pl.
1374 2986 1470 3022 ccclv,
1496 2990 1578 3024 quod
1603 2995 1738 3025 magno-

1396 3034 1458 3077 21.
