<?xml version="1.0" encoding="UTF-8"?>
<!DOCTYPE html PUBLIC "-//W3C//DTD XHTML 1.0 Transitional//EN"
    "http://www.w3.org/TR/xhtml1/DTD/xhtml1-transitional.dtd">
<html xmlns="http://www.w3.org/1999/xhtml" xml:lang="en" lang="en">
 <head>
  <title>
</title>
<meta http-equiv="Content-Type" content="text/html;charset=utf-8" />
  <meta name='ocr-system' content='tesseract 3.04.00' />
  <meta name='ocr-capabilities' content='ocr_page ocr_carea ocr_par ocr_line ocrx_word'/>
</head>
<body>
  <div class='ocr_page' id='page_1' title='image "aeneisvi00virguoft_0176.png"; bbox 0 0 2023 3350; ppageno 0'>
   <div class='ocr_carea' id='block_1_1' title="bbox 245 112 324 150">
    <p class='ocr_par' dir='ltr' id='par_1_1' title="bbox 245 112 324 150">
     <span class='ocr_line' id='line_1_1' title="bbox 245 112 324 150; baseline 0 0"><span class='ocrx_word' id='word_1_1' title='bbox 245 112 324 150; x_wconf 81' lang='lat'>150</span> 
     </span>
    </p>
   </div>
   <div class='ocr_carea' id='block_1_2' title="bbox 802 107 1292 143">
    <p class='ocr_par' dir='ltr' id='par_1_2' title="bbox 802 107 1292 143">
     <span class='ocr_line' id='line_1_2' title="bbox 802 107 1292 143; baseline 0.004 -3"><span class='ocrx_word' id='word_1_2' title='bbox 802 108 838 140; x_wconf 89' lang='grc' dir='ltr'>Ρ.</span> <span class='ocrx_word' id='word_1_3' title='bbox 862 107 1058 141; x_wconf 85' lang='lat' dir='ltr'>VIRGILII</span> <span class='ocrx_word' id='word_1_4' title='bbox 1082 109 1292 143; x_wconf 77' lang='lat' dir='ltr'>MARONIS</span> 
     </span>
    </p>
   </div>
   <div class='ocr_carea' id='block_1_3' title="bbox 238 219 1459 388">
    <p class='ocr_par' dir='ltr' id='par_1_3' title="bbox 238 219 1459 388">
     <span class='ocr_line' id='line_1_3' title="bbox 351 219 1271 273; baseline 0.002 -11"><span class='ocrx_word' id='word_1_5' title='bbox 351 221 520 262; x_wconf 83' lang='lat' dir='ltr'>Interea</span> <span class='ocrx_word' id='word_1_6' title='bbox 555 221 733 261; x_wconf 78' lang='lat' dir='ltr'>classem</span> <span class='ocrx_word' id='word_1_7' title='bbox 770 219 874 261; x_wconf 89' lang='lat' dir='ltr'>velis</span> <span class='ocrx_word' id='word_1_8' title='bbox 909 223 1062 273; x_wconf 87' lang='lat' dir='ltr'>aptare</span> <span class='ocrx_word' id='word_1_9' title='bbox 1094 221 1271 264; x_wconf 87' lang='lat' dir='ltr'>iubebat</span> 
     </span>
     <span class='ocr_line' id='line_1_4' title="bbox 238 277 1366 331; baseline 0.002 -12"><span class='ocrx_word' id='word_1_10' title='bbox 238 278 464 327; x_wconf 75' lang='lat' dir='ltr'>Anchises,</span> <span class='ocrx_word' id='word_1_11' title='bbox 506 277 628 319; x_wconf 89' lang='lat' dir='ltr'>fieret</span> <span class='ocrx_word' id='word_1_12' title='bbox 661 279 787 318; x_wconf 86' lang='lat' dir='ltr'>vento</span> <span class='ocrx_word' id='word_1_13' title='bbox 829 290 953 317; x_wconf 87' lang='lat' dir='ltr'>mora</span> <span class='ocrx_word' id='word_1_14' title='bbox 985 290 1038 318; x_wconf 91' lang='lat' dir='ltr'>ne</span> <span class='ocrx_word' id='word_1_15' title='bbox 1079 291 1166 331; x_wconf 85' lang='lat' dir='ltr'>qua</span> <span class='ocrx_word' id='word_1_16' title='bbox 1200 279 1366 321; x_wconf 86' lang='lat' dir='ltr'>ferenti.</span> 
     </span>
     <span class='ocr_line' id='line_1_5' title="bbox 239 334 1459 388; baseline 0.003 -13"><span class='ocrx_word' id='word_1_17' title='bbox 239 337 371 385; x_wconf 78' lang='lat' dir='ltr'>Quem</span> <span class='ocrx_word' id='word_1_18' title='bbox 400 334 559 376; x_wconf 87' lang='lat' dir='ltr'>Phoebi</span> <span class='ocrx_word' id='word_1_19' title='bbox 588 335 798 387; x_wconf 77' lang='lat' dir='ltr'>interpres</span> <span class='ocrx_word' id='word_1_20' title='bbox 837 334 971 375; x_wconf 89' lang='lat' dir='ltr'>multo</span> <span class='ocrx_word' id='word_1_21' title='bbox 1012 335 1240 388; x_wconf 89' lang='lat' dir='ltr'>compellat</span> <span class='ocrx_word' id='word_1_22' title='bbox 1278 337 1459 379; x_wconf 86' lang='lat' dir='ltr'>honore:</span> 
     </span>
    </p>
   </div>
   <div class='ocr_carea' id='block_1_4' title="bbox 240 390 1372 446">
    <p class='ocr_par' dir='ltr' id='par_1_4' title="bbox 240 390 1372 446">
     <span class='ocr_line' id='line_1_6' title="bbox 240 390 1372 446; baseline 0.002 -13"><span class='ocrx_word' id='word_1_23' title='bbox 240 392 467 445; x_wconf 86' lang='lat' dir='ltr'>Coniugio,</span> <span class='ocrx_word' id='word_1_24' title='bbox 514 390 717 442; x_wconf 82' lang='lat' dir='ltr'>Anchisa,</span> <span class='ocrx_word' id='word_1_25' title='bbox 760 391 936 432; x_wconf 89' lang='lat' dir='ltr'>Veneris</span> <span class='ocrx_word' id='word_1_26' title='bbox 969 390 1143 444; x_wconf 87' lang='lat' dir='ltr'>dignate</span> <span class='ocrx_word' id='word_1_27' title='bbox 1177 394 1372 446; x_wconf 89' lang='lat' dir='ltr'>superbo,</span> 
     </span>
    </p>
   </div>
   <div class='ocr_carea' id='block_1_5' title="bbox 236 448 1502 676">
    <p class='ocr_par' dir='ltr' id='par_1_5' title="bbox 239 448 1282 502">
     <span class='ocr_line' id='line_1_7' title="bbox 239 448 1282 502; baseline 0 -12"><span class='ocrx_word' id='word_1_28' title='bbox 239 449 350 491; x_wconf 84' lang='lat' dir='ltr'>Cura</span> <span class='ocrx_word' id='word_1_29' title='bbox 389 448 531 499; x_wconf 87' lang='lat' dir='ltr'>deum,</span> <span class='ocrx_word' id='word_1_30' title='bbox 571 448 638 490; x_wconf 91' lang='lat' dir='ltr'>bis</span> <span class='ocrx_word' id='word_1_31' title='bbox 672 448 914 502; x_wconf 79' lang='lat' dir='ltr'>Pergameis</span> <span class='ocrx_word' id='word_1_32' title='bbox 951 452 1096 502; x_wconf 84' lang='lat' dir='ltr'>erepte</span> <span class='ocrx_word' id='word_1_33' title='bbox 1135 450 1282 501; x_wconf 88' lang='lat' dir='ltr'>ruinis,</span> 
     </span>
    </p>

    <p class='ocr_par' dir='ltr' id='par_1_6' title="bbox 238 505 1395 559">
     <span class='ocr_line' id='line_1_8' title="bbox 238 505 1395 559; baseline 0.001 -13"><span class='ocrx_word' id='word_1_34' title='bbox 238 506 349 547; x_wconf 88' lang='lat' dir='ltr'>Ecce</span> <span class='ocrx_word' id='word_1_35' title='bbox 383 506 464 546; x_wconf 85' lang='lat' dir='ltr'>tibi</span> <span class='ocrx_word' id='word_1_36' title='bbox 505 506 718 547; x_wconf 77' lang='lat' dir='ltr'>Ausoniae</span> <span class='ocrx_word' id='word_1_37' title='bbox 759 506 907 557; x_wconf 74' lang='lat' dir='ltr'>tellus,</span> <span class='ocrx_word' id='word_1_38' title='bbox 951 505 1061 547; x_wconf 86' lang='lat' dir='ltr'>hanc</span> <span class='ocrx_word' id='word_1_39' title='bbox 1101 507 1245 559; x_wconf 84' lang='lat' dir='ltr'>arripe</span> <span class='ocrx_word' id='word_1_40' title='bbox 1278 506 1395 548; x_wconf 75' lang='lat' dir='ltr'>velis.</span> 
     </span>
    </p>

    <p class='ocr_par' dir='ltr' id='par_1_7' title="bbox 236 563 1502 676">
     <span class='ocr_line' id='line_1_9' title="bbox 238 563 1502 617; baseline 0.001 -13"><span class='ocrx_word' id='word_1_41' title='bbox 238 563 294 604; x_wconf 88' lang='lat' dir='ltr'>Et</span> <span class='ocrx_word' id='word_1_42' title='bbox 330 567 473 604; x_wconf 86' lang='lat' dir='ltr'>tamen</span> <span class='ocrx_word' id='word_1_43' title='bbox 515 563 625 604; x_wconf 87' lang='lat' dir='ltr'>hanc</span> <span class='ocrx_word' id='word_1_44' title='bbox 661 563 814 617; x_wconf 82' lang='lat' dir='ltr'>pelago</span> <span class='ocrx_word' id='word_1_45' title='bbox 850 563 1175 617; x_wconf 76' lang='lat' dir='ltr'>praeterlabare</span> <span class='ocrx_word' id='word_1_46' title='bbox 1212 577 1385 605; x_wconf 87' lang='lat' dir='ltr'>necesse</span> <span class='ocrx_word' id='word_1_47' title='bbox 1420 568 1502 617; x_wconf 84' lang='lat' dir='ltr'>est3</span> 
     </span>
     <span class='ocr_line' id='line_1_10' title="bbox 236 621 1474 676; baseline 0.001 -15"><span class='ocrx_word' id='word_1_48' title='bbox 236 621 451 662; x_wconf 84' lang='lat' dir='ltr'>Ausoniae</span> <span class='ocrx_word' id='word_1_49' title='bbox 490 635 591 674; x_wconf 86' lang='lat' dir='ltr'>pars</span> <span class='ocrx_word' id='word_1_50' title='bbox 629 621 705 662; x_wconf 88' lang='lat' dir='ltr'>illa</span> <span class='ocrx_word' id='word_1_51' title='bbox 740 621 910 676; x_wconf 90' lang='lat' dir='ltr'>procul,</span> <span class='ocrx_word' id='word_1_52' title='bbox 953 634 1083 674; x_wconf 89' lang='lat' dir='ltr'>quam</span> <span class='ocrx_word' id='word_1_53' title='bbox 1123 621 1275 675; x_wconf 87' lang='lat' dir='ltr'>pandit</span> <span class='ocrx_word' id='word_1_54' title='bbox 1309 621 1474 674; x_wconf 87' lang='lat' dir='ltr'>Apollo.</span> 
     </span>
    </p>
   </div>
   <div class='ocr_carea' id='block_1_6' title="bbox 236 677 1034 732">
    <p class='ocr_par' dir='ltr' id='par_1_8' title="bbox 236 677 1034 732">
     <span class='ocr_line' id='line_1_11' title="bbox 236 677 1034 732; baseline 0.001 -14"><span class='ocrx_word' id='word_1_55' title='bbox 236 677 371 728; x_wconf 82' lang='lat' dir='ltr'>Vade,</span> <span class='ocrx_word' id='word_1_56' title='bbox 414 678 492 729; x_wconf 83' lang='lat' dir='ltr'>ait,</span> <span class='ocrx_word' id='word_1_57' title='bbox 534 692 557 719; x_wconf 93' lang='lat' dir='ltr'>o</span> <span class='ocrx_word' id='word_1_58' title='bbox 599 677 701 719; x_wconf 80' lang='lat' dir='ltr'>felix</span> <span class='ocrx_word' id='word_1_59' title='bbox 740 679 831 720; x_wconf 89' lang='lat' dir='ltr'>nati</span> <span class='ocrx_word' id='word_1_60' title='bbox 860 679 1034 732; x_wconf 87' lang='lat' dir='ltr'>pietate.</span> 
     </span>
    </p>
   </div>
   <div class='ocr_carea' id='block_1_7' title="bbox 235 734 1567 963">
    <p class='ocr_par' dir='ltr' id='par_1_9' title="bbox 235 734 1432 790">
     <span class='ocr_line' id='line_1_12' title="bbox 235 734 1432 790; baseline 0 -14"><span class='ocrx_word' id='word_1_61' title='bbox 235 734 452 777; x_wconf 83' lang='lat' dir='ltr'>Provehor</span> <span class='ocrx_word' id='word_1_62' title='bbox 492 739 535 776; x_wconf 92' lang='lat' dir='ltr'>et</span> <span class='ocrx_word' id='word_1_63' title='bbox 574 735 706 777; x_wconf 88' lang='lat' dir='ltr'>fando</span> <span class='ocrx_word' id='word_1_64' title='bbox 739 740 960 790; x_wconf 80' lang='lat' dir='ltr'>surgentes</span> <span class='ocrx_word' id='word_1_65' title='bbox 997 735 1196 777; x_wconf 87' lang='lat' dir='ltr'>demoror</span> <span class='ocrx_word' id='word_1_66' title='bbox 1231 735 1432 778; x_wconf 79' lang='lat' dir='ltr'>austros?</span> 
     </span>
    </p>

    <p class='ocr_par' dir='ltr' id='par_1_10' title="bbox 235 793 1539 904">
     <span class='ocr_line' id='line_1_13' title="bbox 235 793 1539 847; baseline -0.001 -13"><span class='ocrx_word' id='word_1_67' title='bbox 235 793 323 834; x_wconf 86' lang='lat' dir='ltr'>Nec</span> <span class='ocrx_word' id='word_1_68' title='bbox 352 793 492 834; x_wconf 82' lang='lat' dir='ltr'>minus</span> <span class='ocrx_word' id='word_1_69' title='bbox 526 793 842 845; x_wconf 80' lang='lat' dir='ltr'>Andromache,</span> <span class='ocrx_word' id='word_1_70' title='bbox 893 793 1089 847; x_wconf 88' lang='lat' dir='ltr'>digressu</span> <span class='ocrx_word' id='word_1_71' title='bbox 1129 798 1294 836; x_wconf 86' lang='lat' dir='ltr'>maesta</span> <span class='ocrx_word' id='word_1_72' title='bbox 1328 806 1539 847; x_wconf 87' lang='lat' dir='ltr'>supremo,</span> 
     </span>
     <span class='ocr_line' id='line_1_14' title="bbox 236 850 1192 904; baseline 0 -12"><span class='ocrx_word' id='word_1_73' title='bbox 236 851 338 892; x_wconf 89' lang='lat' dir='ltr'>Fert</span> <span class='ocrx_word' id='word_1_74' title='bbox 374 850 614 904; x_wconf 83' lang='lat' dir='ltr'>picturatas</span> <span class='ocrx_word' id='word_1_75' title='bbox 653 852 749 893; x_wconf 85' lang='lat' dir='ltr'>auri</span> <span class='ocrx_word' id='word_1_76' title='bbox 785 851 1022 893; x_wconf 87' lang='lat' dir='ltr'>subtemine</span> <span class='ocrx_word' id='word_1_77' title='bbox 1054 855 1192 893; x_wconf 84' lang='lat' dir='ltr'>vestes</span> 
     </span>
    </p>

    <p class='ocr_par' dir='ltr' id='par_1_11' title="bbox 235 907 1567 963">
     <span class='ocr_line' id='line_1_15' title="bbox 235 907 1567 963; baseline 0 -14"><span class='ocrx_word' id='word_1_78' title='bbox 235 909 293 950; x_wconf 88' lang='lat' dir='ltr'>Et</span> <span class='ocrx_word' id='word_1_79' title='bbox 325 908 553 962; x_wconf 85' lang='lat' dir='ltr'>Phrygiam</span> <span class='ocrx_word' id='word_1_80' title='bbox 583 909 766 950; x_wconf 81' lang='lat' dir='ltr'>Ascanio</span> <span class='ocrx_word' id='word_1_81' title='bbox 803 907 1094 963; x_wconf 76' lang='lat' dir='ltr'>chlamydem3</span> <span class='ocrx_word' id='word_1_82' title='bbox 1131 923 1209 951; x_wconf 87' lang='lat' dir='ltr'>nec</span> <span class='ocrx_word' id='word_1_83' title='bbox 1249 907 1362 949; x_wconf 82' lang='lat' dir='ltr'>cedit</span> <span class='ocrx_word' id='word_1_84' title='bbox 1395 907 1567 958; x_wconf 82' lang='lat' dir='ltr'>honori3</span> 
     </span>
    </p>
   </div>
   <div class='ocr_carea' id='block_1_8' title="bbox 237 1062 1031 1592">
    <p class='ocr_par' dir='ltr' id='par_1_12' title="bbox 237 1062 1031 1455">
     <span class='ocr_line' id='line_1_16' title="bbox 239 1062 1029 1096; baseline 0.001 -7"><span class='ocrx_word' id='word_1_85' title='bbox 239 1062 484 1095; x_wconf 67' lang='lat' dir='ltr'>gravissimum.</span> <span class='ocrx_word' id='word_1_86' title='bbox 519 1063 601 1096; x_wconf 84' lang='lat' dir='ltr'>quod</span> <span class='ocrx_word' id='word_1_87' title='bbox 627 1062 674 1091; x_wconf 86' lang='lat' dir='ltr'>sic</span> <span class='ocrx_word' id='word_1_88' title='bbox 697 1062 778 1090; x_wconf 87' lang='lat' dir='ltr'>inter</span> <span class='ocrx_word' id='word_1_89' title='bbox 803 1069 838 1090; x_wconf 85' lang='lat' dir='ltr'>se</span> <span class='ocrx_word' id='word_1_90' title='bbox 859 1062 1029 1091; x_wconf 86' lang='lat' dir='ltr'>conferun—</span> 
     </span>
     <span class='ocr_line' id='line_1_17' title="bbox 238 1105 1028 1143; baseline 0.001 -8"><span class='ocrx_word' id='word_1_91' title='bbox 238 1112 288 1135; x_wconf 87' lang='lat' dir='ltr'>tur</span> <span class='ocrx_word' id='word_1_92' title='bbox 314 1105 396 1135; x_wconf 81' lang='lat' dir='ltr'>remi</span> <span class='ocrx_word' id='word_1_93' title='bbox 420 1112 449 1136; x_wconf 90' lang='lat' dir='ltr'>et</span> <span class='ocrx_word' id='word_1_94' title='bbox 473 1115 585 1141; x_wconf 85' lang='lat' dir='ltr'>arma,</span> <span class='ocrx_word' id='word_1_95' title='bbox 609 1116 660 1136; x_wconf 88' lang='lat' dir='ltr'>res</span> <span class='ocrx_word' id='word_1_96' title='bbox 686 1109 777 1143; x_wconf 84' lang='lat' dir='ltr'>duae,</span> <span class='ocrx_word' id='word_1_97' title='bbox 801 1116 864 1136; x_wconf 88' lang='lat' dir='ltr'>non</span> <span class='ocrx_word' id='word_1_98' title='bbox 882 1108 1028 1136; x_wconf 88' lang='lat' dir='ltr'>homines</span> 
     </span>
     <span class='ocr_line' id='line_1_18' title="bbox 237 1150 1028 1182; baseline 0 -1"><span class='ocrx_word' id='word_1_99' title='bbox 237 1161 308 1181; x_wconf 86' lang='lat' dir='ltr'>cum</span> <span class='ocrx_word' id='word_1_100' title='bbox 334 1155 438 1181; x_wconf 81' lang='lat' dir='ltr'>rebus.</span> <span class='ocrx_word' id='word_1_101' title='bbox 466 1168 502 1172; x_wconf 89' lang='lat'>—-</span> <span class='ocrx_word' id='word_1_102' title='bbox 533 1150 651 1182; x_wconf 76' lang='lat' dir='ltr'>Socios</span> <span class='ocrx_word' id='word_1_103' title='bbox 675 1150 778 1182; x_wconf 80' lang='lat' dir='ltr'>simul</span> <span class='ocrx_word' id='word_1_104' title='bbox 803 1150 944 1182; x_wconf 73' lang='lat' dir='ltr'>instruit</span> <span class='ocrx_word' id='word_1_105' title='bbox 972 1161 1028 1181; x_wconf 85' lang='lat' dir='ltr'>ar-</span> 
     </span>
     <span class='ocr_line' id='line_1_19' title="bbox 238 1195 1028 1232; baseline 0.001 -6"><span class='ocrx_word' id='word_1_106' title='bbox 238 1195 320 1227; x_wconf 73' lang='lat' dir='ltr'>mis.-</span> <span class='ocrx_word' id='word_1_107' title='bbox 355 1199 439 1227; x_wconf 86' lang='lat' dir='ltr'>Socii</span> <span class='ocrx_word' id='word_1_108' title='bbox 476 1199 697 1232; x_wconf 70' lang='lat' dir='ltr'>intelliguntur</span> <span class='ocrx_word' id='word_1_109' title='bbox 730 1199 871 1228; x_wconf 84' lang='lat' dir='ltr'>Aeneae.</span> <span class='ocrx_word' id='word_1_110' title='bbox 920 1199 1028 1227; x_wconf 82' lang='lat' dir='ltr'>Nemi-</span> 
     </span>
     <span class='ocr_line' id='line_1_20' title="bbox 238 1244 1026 1280; baseline 0.001 -8"><span class='ocrx_word' id='word_1_111' title='bbox 238 1252 310 1272; x_wconf 90' lang='lat' dir='ltr'>nem</span> <span class='ocrx_word' id='word_1_112' title='bbox 343 1244 439 1280; x_wconf 79' lang='lat' dir='ltr'>igitur</span> <span class='ocrx_word' id='word_1_113' title='bbox 472 1245 657 1273; x_wconf 87' lang='lat' dir='ltr'>indonatum</span> <span class='ocrx_word' id='word_1_114' title='bbox 692 1245 842 1279; x_wconf 77' lang='lat' dir='ltr'>relinquit</span> <span class='ocrx_word' id='word_1_115' title='bbox 874 1246 1026 1273; x_wconf 83' lang='lat' dir='ltr'>Helenus.</span> 
     </span>
     <span class='ocr_line' id='line_1_21' title="bbox 238 1290 1029 1324; baseline 0.001 -7"><span class='ocrx_word' id='word_1_116' title='bbox 238 1290 421 1324; x_wconf 76' lang='lat' dir='ltr'>Aptissima</span> <span class='ocrx_word' id='word_1_117' title='bbox 449 1294 553 1318; x_wconf 87' lang='lat' dir='ltr'>autem</span> <span class='ocrx_word' id='word_1_118' title='bbox 585 1292 668 1319; x_wconf 86' lang='lat' dir='ltr'>dona</span> <span class='ocrx_word' id='word_1_119' title='bbox 699 1295 774 1318; x_wconf 84' lang='lat' dir='ltr'>sunt</span> <span class='ocrx_word' id='word_1_120' title='bbox 807 1291 964 1319; x_wconf 78' lang='lat' dir='ltr'>militibus</span> <span class='ocrx_word' id='word_1_121' title='bbox 995 1291 1029 1318; x_wconf 90' lang='lat' dir='ltr'>in</span> 
     </span>
     <span class='ocr_line' id='line_1_22' title="bbox 238 1336 1031 1370; baseline 0.001 -7"><span class='ocrx_word' id='word_1_122' title='bbox 238 1337 324 1363; x_wconf 87' lang='lat' dir='ltr'>bella</span> <span class='ocrx_word' id='word_1_123' title='bbox 350 1336 441 1364; x_wconf 85' lang='lat' dir='ltr'>ituris</span> <span class='ocrx_word' id='word_1_124' title='bbox 465 1342 564 1364; x_wconf 86' lang='lat' dir='ltr'>arma.</span> <span class='ocrx_word' id='word_1_125' title='bbox 614 1338 812 1370; x_wconf 80' lang='lat' dir='ltr'>Quamquam</span> <span class='ocrx_word' id='word_1_126' title='bbox 845 1337 910 1364; x_wconf 85' lang='lat' dir='ltr'>iam</span> <span class='ocrx_word' id='word_1_127' title='bbox 939 1344 1031 1365; x_wconf 84' lang='lat' dir='ltr'>arma</span> 
     </span>
     <span class='ocr_line' id='line_1_23' title="bbox 239 1382 1029 1419; baseline 0.001 -10"><span class='ocrx_word' id='word_1_128' title='bbox 239 1383 412 1415; x_wconf 72' lang='lat' dir='ltr'>llabelian13</span> <span class='ocrx_word' id='word_1_129' title='bbox 441 1385 472 1409; x_wconf 84' lang='lat' dir='ltr'>at</span> <span class='ocrx_word' id='word_1_130' title='bbox 495 1382 604 1409; x_wconf 82' lang='lat' dir='ltr'>habuit</span> <span class='ocrx_word' id='word_1_131' title='bbox 631 1382 727 1410; x_wconf 81' lang='lat' dir='ltr'>etiam</span> <span class='ocrx_word' id='word_1_132' title='bbox 751 1383 901 1419; x_wconf 78' lang='lat' dir='ltr'>Aeneas,</span> <span class='ocrx_word' id='word_1_133' title='bbox 924 1386 1029 1410; x_wconf 88' lang='lat' dir='ltr'>tamen</span> 
     </span>
     <span class='ocr_line' id='line_1_24' title="bbox 239 1427 507 1455; baseline 0.004 -1"><span class='ocrx_word' id='word_1_134' title='bbox 239 1427 374 1455; x_wconf 85' lang='lat' dir='ltr'>donatur</span> <span class='ocrx_word' id='word_1_135' title='bbox 397 1427 507 1455; x_wconf 87' lang='lat' dir='ltr'>armis.</span> 
     </span>
    </p>

    <p class='ocr_par' dir='ltr' id='par_1_13' title="bbox 239 1513 1030 1592">
     <span class='ocr_line' id='line_1_25' title="bbox 239 1513 1030 1547; baseline 0.003 -3"><span class='ocrx_word' id='word_1_136' title='bbox 239 1513 442 1546; x_wconf 74' lang='lat'>472—505.</span> <span class='ocrx_word' id='word_1_137' title='bbox 491 1513 626 1545; x_wconf 63' lang='lat' dir='ltr'>Aeneas</span> <span class='ocrx_word' id='word_1_138' title='bbox 650 1514 797 1546; x_wconf 73' lang='lat' dir='ltr'>discedit</span> <span class='ocrx_word' id='word_1_139' title='bbox 826 1514 868 1547; x_wconf 82' lang='lat' dir='ltr'>ab</span> <span class='ocrx_word' id='word_1_140' title='bbox 896 1514 1030 1547; x_wconf 80' lang='lat' dir='ltr'>Heleno</span> 
     </span>
     <span class='ocr_line' id='line_1_26' title="bbox 482 1560 794 1592; baseline 0 -1"><span class='ocrx_word' id='word_1_141' title='bbox 482 1564 516 1591; x_wconf 86' lang='lat' dir='ltr'>et</span> <span class='ocrx_word' id='word_1_142' title='bbox 541 1560 794 1592; x_wconf 80' lang='lat' dir='ltr'>Andromacha.</span> 
     </span>
    </p>
   </div>
   <div class='ocr_carea' id='block_1_9' title="bbox 234 1616 1032 2121">
    <p class='ocr_par' dir='ltr' id='par_1_14' title="bbox 234 1616 1031 2066">
     <span class='ocr_line' id='line_1_27' title="bbox 282 1616 1031 1658; baseline 0.003 -12"><span class='ocrx_word' id='word_1_143' title='bbox 282 1616 357 1647; x_wconf 75' lang='lat'>472.</span> <span class='ocrx_word' id='word_1_144' title='bbox 385 1616 528 1649; x_wconf 75' lang='lat' dir='ltr'>classem</span> <span class='ocrx_word' id='word_1_145' title='bbox 555 1617 641 1648; x_wconf 77' lang='lat' dir='ltr'>velis</span> <span class='ocrx_word' id='word_1_146' title='bbox 667 1622 807 1658; x_wconf 81' lang='lat' dir='ltr'>aptare.-</span> <span class='ocrx_word' id='word_1_147' title='bbox 832 1618 964 1658; x_wconf 79' lang='lat' dir='ltr'>Aptare</span> <span class='ocrx_word' id='word_1_148' title='bbox 985 1624 1031 1648; x_wconf 87' lang='lat' dir='ltr'>est</span> 
     </span>
     <span class='ocr_line' id='line_1_28' title="bbox 237 1662 1031 1701; baseline 0 -9"><span class='ocrx_word' id='word_1_149' title='bbox 237 1664 404 1698; x_wconf 82' lang='lat' dir='ltr'>instruere,</span> <span class='ocrx_word' id='word_1_150' title='bbox 436 1673 559 1695; x_wconf 84' lang='lat' dir='ltr'>ornare.</span> <span class='ocrx_word' id='word_1_151' title='bbox 589 1662 727 1694; x_wconf 70' lang='lat' dir='ltr'>znrecht</span> <span class='ocrx_word' id='word_1_152' title='bbox 756 1662 912 1701; x_wconf 79' lang='lat' dir='ltr'>macheu,</span> <span class='ocrx_word' id='word_1_153' title='bbox 934 1666 972 1694; x_wconf 81' lang='lat' dir='ltr'>cf.</span> <span class='ocrx_word' id='word_1_154' title='bbox 1002 1664 1031 1699; x_wconf 73' lang='lat'>⁴.</span> 
     </span>
     <span class='ocr_line' id='line_1_29' title="bbox 237 1708 1031 1751; baseline 0.001 -14"><span class='ocrx_word' id='word_1_155' title='bbox 237 1708 319 1743; x_wconf 56' lang='lat'>4322</span> <span class='ocrx_word' id='word_1_156' title='bbox 349 1711 395 1739; x_wconf 85' lang='lat' dir='ltr'>ita</span> <span class='ocrx_word' id='word_1_157' title='bbox 420 1708 561 1739; x_wconf 65' lang='lat' dir='ltr'>biremes</span> <span class='ocrx_word' id='word_1_158' title='bbox 592 1709 740 1750; x_wconf 76' lang='lat' dir='ltr'>remigio</span> <span class='ocrx_word' id='word_1_159' title='bbox 762 1710 793 1747; x_wconf 64' lang='lat'>8.</span> <span class='ocrx_word' id='word_1_160' title='bbox 817 1709 869 1739; x_wconf 72' lang='grc'><strong>80.</strong></span> <span class='ocrx_word' id='word_1_161' title='bbox 922 1711 1031 1751; x_wconf 75' lang='lat' dir='ltr'>Apta-</span> 
     </span>
     <span class='ocr_line' id='line_1_30' title="bbox 234 1753 1030 1795; baseline 0.003 -12"><span class='ocrx_word' id='word_1_162' title='bbox 234 1754 333 1795; x_wconf 77' lang='lat' dir='ltr'>rique</span> <span class='ocrx_word' id='word_1_163' title='bbox 359 1753 431 1784; x_wconf 77' lang='lat' dir='ltr'>suis</span> <span class='ocrx_word' id='word_1_164' title='bbox 459 1754 578 1794; x_wconf 78' lang='lat' dir='ltr'>pinum</span> <span class='ocrx_word' id='word_1_165' title='bbox 606 1754 697 1785; x_wconf 81' lang='lat' dir='ltr'>iubet</span> <span class='ocrx_word' id='word_1_166' title='bbox 722 1755 947 1784; x_wconf 74' lang='lat' dir='ltr'>armamentis</span> <span class='ocrx_word' id='word_1_167' title='bbox 973 1759 1030 1785; x_wconf 62' lang='grc' dir='ltr'><strong>ΟΥ.</strong></span> 
     </span>
     <span class='ocr_line' id='line_1_31' title="bbox 237 1798 1031 1841; baseline 0.003 -13"><span class='ocrx_word' id='word_1_168' title='bbox 237 1803 278 1829; x_wconf 83' lang='grc' dir='ltr'><strong>Μ.</strong></span> <span class='ocrx_word' id='word_1_169' title='bbox 317 1798 373 1834; x_wconf 78' lang='grc'>11,</span> <span class='ocrx_word' id='word_1_170' title='bbox 406 1799 480 1830; x_wconf 81' lang='grc'><strong>456.</strong></span> <span class='ocrx_word' id='word_1_171' title='bbox 542 1799 665 1830; x_wconf 49' lang='lat' dir='ltr'>Eas-em</span> <span class='ocrx_word' id='word_1_172' title='bbox 714 1800 847 1841; x_wconf 70' lang='lat' dir='ltr'>ragina</span> <span class='ocrx_word' id='word_1_173' title='bbox 885 1804 1031 1841; x_wconf 83' lang='lat' dir='ltr'>aptarat</span> 
     </span>
     <span class='ocr_line' id='line_1_32' title="bbox 236 1844 1029 1887; baseline 0.003 -13"><span class='ocrx_word' id='word_1_174' title='bbox 236 1844 365 1874; x_wconf 78' lang='lat' dir='ltr'>eburna</span> <span class='ocrx_word' id='word_1_175' title='bbox 388 1848 428 1875; x_wconf 88' lang='lat' dir='ltr'>A.</span> <span class='ocrx_word' id='word_1_176' title='bbox 458 1846 487 1881; x_wconf 78' lang='grc'>9,</span> <span class='ocrx_word' id='word_1_177' title='bbox 512 1845 585 1875; x_wconf 83' lang='grc'><strong>305.</strong></span> <span class='ocrx_word' id='word_1_178' title='bbox 630 1848 683 1876; x_wconf 84' lang='lat' dir='ltr'>Sic</span> <span class='ocrx_word' id='word_1_179' title='bbox 710 1851 833 1886; x_wconf 80' lang='lat' dir='ltr'>optare</span> <span class='ocrx_word' id='word_1_180' title='bbox 856 1856 1029 1887; x_wconf 66' lang='lat' dir='ltr'>anpassen</span> 
     </span>
     <span class='ocr_line' id='line_1_33' title="bbox 236 1892 1029 1927; baseline 0.001 -7"><span class='ocrx_word' id='word_1_181' title='bbox 236 1892 306 1920; x_wconf 81' lang='lat' dir='ltr'>sine</span> <span class='ocrx_word' id='word_1_182' title='bbox 328 1894 471 1921; x_wconf 80' lang='lat' dir='ltr'>ablativo</span> <span class='ocrx_word' id='word_1_183' title='bbox 495 1898 523 1921; x_wconf 85' lang='lat' dir='ltr'>et</span> <span class='ocrx_word' id='word_1_184' title='bbox 548 1893 675 1927; x_wconf 76' lang='lat' dir='ltr'>quidem</span> <span class='ocrx_word' id='word_1_185' title='bbox 708 1902 778 1922; x_wconf 83' lang='lat' dir='ltr'>cuin</span> <span class='ocrx_word' id='word_1_186' title='bbox 814 1894 923 1921; x_wconf 74' lang='lat' dir='ltr'>dativo</span> <span class='ocrx_word' id='word_1_187' title='bbox 959 1895 1029 1922; x_wconf 85' lang='lat' dir='ltr'>eius</span> 
     </span>
     <span class='ocr_line' id='line_1_34' title="bbox 237 1936 1028 1972; baseline 0.003 -7"><span class='ocrx_word' id='word_1_188' title='bbox 237 1939 289 1966; x_wconf 84' lang='lat' dir='ltr'>cui</span> <span class='ocrx_word' id='word_1_189' title='bbox 313 1943 438 1972; x_wconf 80' lang='lat' dir='ltr'>aptatur</span> <span class='ocrx_word' id='word_1_190' title='bbox 467 1937 496 1972; x_wconf 77' lang='lat'>2,</span> <span class='ocrx_word' id='word_1_191' title='bbox 520 1936 594 1966; x_wconf 80' lang='lat'>390.</span> <span class='ocrx_word' id='word_1_192' title='bbox 616 1936 690 1967; x_wconf 74' lang='lat'>572.</span> <span class='ocrx_word' id='word_1_193' title='bbox 717 1938 747 1968; x_wconf 80' lang='lat'>9.</span> <span class='ocrx_word' id='word_1_194' title='bbox 769 1937 842 1967; x_wconf 71' lang='lat'>2364.</span> <span class='ocrx_word' id='word_1_195' title='bbox 877 1938 923 1970; x_wconf 77' lang='lat'>10.</span> <span class='ocrx_word' id='word_1_196' title='bbox 959 1937 1028 1967; x_wconf 85' lang='grc'><strong>131.</strong></span> 
     </span>
     <span class='ocr_line' id='line_1_35' title="bbox 237 1982 1027 2019; baseline 0.001 -8"><span class='ocrx_word' id='word_1_197' title='bbox 237 1988 265 2011; x_wconf 83' lang='lat' dir='ltr'>et</span> <span class='ocrx_word' id='word_1_198' title='bbox 292 1984 361 2011; x_wconf 73' lang='lat' dir='ltr'>sine</span> <span class='ocrx_word' id='word_1_199' title='bbox 383 1985 491 2012; x_wconf 77' lang='lat' dir='ltr'>dativo</span> <span class='ocrx_word' id='word_1_200' title='bbox 515 1984 544 2019; x_wconf 98' lang='grc'>5,</span> <span class='ocrx_word' id='word_1_201' title='bbox 571 1982 645 2012; x_wconf 84' lang='grc'><strong>753.</strong></span> <span class='ocrx_word' id='word_1_202' title='bbox 678 1983 708 2019; x_wconf 86' lang='grc'>9,</span> <span class='ocrx_word' id='word_1_203' title='bbox 736 1983 810 2012; x_wconf 84' lang='grc'><strong>305.</strong></span> <span class='ocrx_word' id='word_1_204' title='bbox 847 1983 897 2017; x_wconf 79' lang='lat' dir='ltr'>tt.</span> <span class='ocrx_word' id='word_1_205' title='bbox 924 1983 953 2013; x_wconf 70' lang='lat' dir='ltr'>S.</span> <span class='ocrx_word' id='word_1_206' title='bbox 990 2001 1027 2004; x_wconf 97' lang='lat'><strong>—</strong></span> 
     </span>
     <span class='ocr_line' id='line_1_36' title="bbox 241 2026 1028 2066; baseline 0.003 -9"><span class='ocrx_word' id='word_1_207' title='bbox 241 2026 382 2058; x_wconf 78' lang='lat' dir='ltr'>lubebat</span> <span class='ocrx_word' id='word_1_208' title='bbox 408 2031 585 2066; x_wconf 86' lang='lat' dir='ltr'>„subaudis</span> <span class='ocrx_word' id='word_1_209' title='bbox 605 2029 731 2059; x_wconf 71' lang='lat' dir='ltr'>sot:ios&#39;·‘</span> <span class='ocrx_word' id='word_1_210' title='bbox 759 2032 789 2058; x_wconf 86' lang='lat' dir='ltr'>S.</span> <span class='ocrx_word' id='word_1_211' title='bbox 823 2030 861 2059; x_wconf 86' lang='lat' dir='ltr'>cf.</span> <span class='ocrx_word' id='word_1_212' title='bbox 885 2032 924 2059; x_wconf 88' lang='lat' dir='ltr'>ad</span> <span class='ocrx_word' id='word_1_213' title='bbox 946 2028 975 2059; x_wconf 83' lang='lat'>2.</span> <span class='ocrx_word' id='word_1_214' title='bbox 999 2029 1028 2059; x_wconf 83' lang='lat'>3.</span> 
     </span>
    </p>

    <p class='ocr_par' dir='ltr' id='par_1_15' title="bbox 283 2083 1032 2121">
     <span class='ocr_line' id='line_1_37' title="bbox 283 2083 1032 2121; baseline 0.005 -9"><span class='ocrx_word' id='word_1_215' title='bbox 283 2083 358 2113; x_wconf 74' lang='lat'>⁴73.</span> <span class='ocrx_word' id='word_1_216' title='bbox 381 2084 521 2121; x_wconf 61' lang='lat' dir='ltr'>ferens.-</span> <span class='ocrx_word' id='word_1_217' title='bbox 549 2088 718 2119; x_wconf 70' lang='lat' dir='ltr'>secundus,</span> <span class='ocrx_word' id='word_1_218' title='bbox 742 2092 775 2115; x_wconf 90' lang='lat' dir='ltr'>ut</span> <span class='ocrx_word' id='word_1_219' title='bbox 799 2084 828 2116; x_wconf 74' lang='lat'>4.</span> <span class='ocrx_word' id='word_1_220' title='bbox 854 2085 929 2116; x_wconf 77' lang='lat'>430.</span> <span class='ocrx_word' id='word_1_221' title='bbox 979 2088 1032 2117; x_wconf 81' lang='lat' dir='ltr'>Sic</span> 
     </span>
    </p>
   </div>
   <div class='ocr_carea' id='block_1_10' title="bbox 235 2129 1032 2217">
    <p class='ocr_par' dir='ltr' id='par_1_16' title="bbox 235 2129 1032 2217">
     <span class='ocr_line' id='line_1_38' title="bbox 236 2129 1032 2169; baseline 0.005 -11"><span class='ocrx_word' id='word_1_222' title='bbox 236 2131 319 2158; x_wconf 85' lang='lat' dir='ltr'>Plin.</span> <span class='ocrx_word' id='word_1_223' title='bbox 361 2133 439 2160; x_wconf 81' lang='lat' dir='ltr'>Pan.</span> <span class='ocrx_word' id='word_1_224' title='bbox 471 2130 530 2160; x_wconf 85' lang='lat'>31:</span> <span class='ocrx_word' id='word_1_225' title='bbox 570 2130 649 2160; x_wconf 82' lang='lat' dir='ltr'>hinc</span> <span class='ocrx_word' id='word_1_226' title='bbox 685 2129 778 2161; x_wconf 80' lang='lat' dir='ltr'>venti</span> <span class='ocrx_word' id='word_1_227' title='bbox 815 2132 968 2169; x_wconf 79' lang='lat' dir='ltr'>ferentes</span> <span class='ocrx_word' id='word_1_228' title='bbox 1002 2136 1032 2162; x_wconf 80' lang='lat' dir='ltr'>et</span> 
     </span>
     <span class='ocr_line' id='line_1_39' title="bbox 235 2174 689 2217; baseline 0.002 -13"><span class='ocrx_word' id='word_1_229' title='bbox 235 2174 345 2204; x_wconf 62' lang='lat' dir='ltr'>brt-vis</span> <span class='ocrx_word' id='word_1_230' title='bbox 375 2185 496 2206; x_wconf 79' lang='lat' dir='ltr'>cursus</span> <span class='ocrx_word' id='word_1_231' title='bbox 519 2180 689 2217; x_wconf 77' lang='lat' dir='ltr'>optentur.</span> 
     </span>
    </p>
   </div>
   <div class='ocr_carea' id='block_1_11' title="bbox 233 2231 1032 2611">
    <p class='ocr_par' dir='ltr' id='par_1_17' title="bbox 233 2231 1032 2554">
     <span class='ocr_line' id='line_1_40' title="bbox 281 2231 1030 2271; baseline 0.005 -12"><span class='ocrx_word' id='word_1_232' title='bbox 281 2231 355 2261; x_wconf 71' lang='lat'>47⁴.</span> <span class='ocrx_word' id='word_1_233' title='bbox 383 2231 525 2271; x_wconf 83' lang='lat' dir='ltr'>honore,</span> <span class='ocrx_word' id='word_1_234' title='bbox 562 2236 615 2269; x_wconf 84' lang='lat' dir='ltr'>qni</span> <span class='ocrx_word' id='word_1_235' title='bbox 644 2236 752 2263; x_wconf 76' lang='lat' dir='ltr'>verbis</span> <span class='ocrx_word' id='word_1_236' title='bbox 772 2236 946 2269; x_wconf 56' lang='lat' dir='ltr'>indicatum</span> <span class='ocrx_word' id='word_1_237' title='bbox 992 2235 1030 2264; x_wconf 84' lang='lat' dir='ltr'>cf.</span> 
     </span>
     <span class='ocr_line' id='line_1_41' title="bbox 235 2277 1032 2319; baseline 0.003 -13"><span class='ocrx_word' id='word_1_238' title='bbox 235 2279 292 2307; x_wconf 85' lang='lat' dir='ltr'>Sil.</span> <span class='ocrx_word' id='word_1_239' title='bbox 313 2278 341 2314; x_wconf 77' lang='grc'>2,</span> <span class='ocrx_word' id='word_1_240' title='bbox 364 2277 427 2307; x_wconf 56' lang='lat'>4533</span> <span class='ocrx_word' id='word_1_241' title='bbox 452 2289 552 2319; x_wconf 79' lang='lat' dir='ltr'>quam</span> <span class='ocrx_word' id='word_1_242' title='bbox 583 2278 648 2308; x_wconf 80' lang='lat' dir='ltr'>tali</span> <span class='ocrx_word' id='word_1_243' title='bbox 670 2279 861 2319; x_wconf 74' lang='lat' dir='ltr'>alloquitur</span> <span class='ocrx_word' id='word_1_244' title='bbox 888 2279 1032 2308; x_wconf 47' lang='lat' dir='ltr'>*Nemeae</span> 
     </span>
     <span class='ocr_line' id='line_1_42' title="bbox 233 2322 1031 2363; baseline 0.003 -12"><span class='ocrx_word' id='word_1_245' title='bbox 233 2327 380 2363; x_wconf 79' lang='lat' dir='ltr'>pacator</span> <span class='ocrx_word' id='word_1_246' title='bbox 405 2322 551 2361; x_wconf 78' lang='lat' dir='ltr'>honore,</span> <span class='ocrx_word' id='word_1_247' title='bbox 584 2331 612 2354; x_wconf 84' lang='lat' dir='ltr'>et</span> <span class='ocrx_word' id='word_1_248' title='bbox 640 2328 713 2355; x_wconf 89' lang='lat' dir='ltr'>Tac.</span> <span class='ocrx_word' id='word_1_249' title='bbox 741 2328 778 2354; x_wconf 87' lang='lat' dir='ltr'>H.</span> <span class='ocrx_word' id='word_1_250' title='bbox 806 2325 842 2359; x_wconf 75' lang='lat'>4.</span> <span class='ocrx_word' id='word_1_251' title='bbox 872 2324 890 2353; x_wconf 68' lang='lat'>4</span> <span class='ocrx_word' id='word_1_252' title='bbox 924 2324 1031 2354; x_wconf 82' lang='lat' dir='ltr'>multo</span> 
     </span>
     <span class='ocr_line' id='line_1_43' title="bbox 235 2367 1031 2400; baseline 0.004 -4"><span class='ocrx_word' id='word_1_253' title='bbox 235 2378 309 2397; x_wconf 79' lang='lat' dir='ltr'>cnm</span> <span class='ocrx_word' id='word_1_254' title='bbox 341 2367 468 2399; x_wconf 82' lang='lat' dir='ltr'>honore</span> <span class='ocrx_word' id='word_1_255' title='bbox 500 2369 680 2399; x_wconf 77' lang='lat' dir='ltr'>verborum</span> <span class='ocrx_word' id='word_1_256' title='bbox 718 2369 874 2400; x_wconf 64' lang='lat' dir='ltr'>liaciano</span> <span class='ocrx_word' id='word_1_257' title='bbox 909 2369 1031 2400; x_wconf 78' lang='lat' dir='ltr'>trium-</span> 
     </span>
     <span class='ocr_line' id='line_1_44' title="bbox 235 2412 482 2453; baseline 0.008 -11"><span class='ocrx_word' id='word_1_258' title='bbox 235 2412 357 2453; x_wconf 79' lang='lat' dir='ltr'>phalia</span> <span class='ocrx_word' id='word_1_259' title='bbox 385 2414 482 2445; x_wconf 78' lang='lat' dir='ltr'>data.</span> 
     </span>
     <span class='ocr_line' id='line_1_45' title="bbox 282 2470 1031 2511; baseline 0 -11"><span class='ocrx_word' id='word_1_260' title='bbox 282 2471 356 2500; x_wconf 76' lang='grc'><strong>475.</strong></span> <span class='ocrx_word' id='word_1_261' title='bbox 385 2470 552 2511; x_wconf 67' lang='lat' dir='ltr'>dignate.</span> <span class='ocrx_word' id='word_1_262' title='bbox 577 2473 692 2508; x_wconf 79' lang='lat' dir='ltr'>..digne</span> <span class='ocrx_word' id='word_1_263' title='bbox 719 2472 867 2508; x_wconf 69' lang='lat' dir='ltr'>habite‘,</span> <span class='ocrx_word' id='word_1_264' title='bbox 895 2473 1031 2507; x_wconf 77' lang='lat' dir='ltr'>passiva</span> 
     </span>
     <span class='ocr_line' id='line_1_46' title="bbox 237 2516 733 2554; baseline 0.002 -9"><span class='ocrx_word' id='word_1_265' title='bbox 237 2518 477 2554; x_wconf 77' lang='lat' dir='ltr'>significatione.</span> <span class='ocrx_word' id='word_1_266' title='bbox 527 2518 573 2546; x_wconf 84' lang='lat' dir='ltr'>Cf.</span> <span class='ocrx_word' id='word_1_267' title='bbox 602 2517 630 2553; x_wconf 74' lang='lat'>2.</span> <span class='ocrx_word' id='word_1_268' title='bbox 657 2516 733 2546; x_wconf 72' lang='lat'>422.</span> 
     </span>
    </p>

    <p class='ocr_par' dir='ltr' id='par_1_18' title="bbox 286 2571 1026 2611">
     <span class='ocr_line' id='line_1_47' title="bbox 286 2571 1026 2611; baseline 0.001 -10"><span class='ocrx_word' id='word_1_269' title='bbox 286 2571 356 2602; x_wconf 70' lang='grc'><strong>176.</strong></span> <span class='ocrx_word' id='word_1_270' title='bbox 383 2582 467 2603; x_wconf 83' lang='lat' dir='ltr'>cura</span> <span class='ocrx_word' id='word_1_271' title='bbox 491 2572 589 2603; x_wconf 83' lang='lat' dir='ltr'>deum</span> <span class='ocrx_word' id='word_1_272' title='bbox 617 2574 655 2603; x_wconf 84' lang='lat' dir='ltr'>cf.</span> <span class='ocrx_word' id='word_1_273' title='bbox 681 2572 710 2611; x_wconf 90' lang='lat' dir='ltr'>l,</span> <span class='ocrx_word' id='word_1_274' title='bbox 737 2572 810 2602; x_wconf 81' lang='grc'><strong>678.</strong></span> <span class='ocrx_word' id='word_1_275' title='bbox 841 2590 877 2594; x_wconf 91' lang='lat'>—-</span> <span class='ocrx_word' id='word_1_276' title='bbox 915 2571 965 2602; x_wconf 81' lang='lat' dir='ltr'>bis</span> <span class='ocrx_word' id='word_1_277' title='bbox 990 2571 1026 2602; x_wconf 87' lang='lat' dir='ltr'>P.</span> 
     </span>
    </p>
   </div>
   <div class='ocr_carea' id='block_1_12' title="bbox 237 2617 1027 2694">
    <p class='ocr_par' dir='ltr' id='par_1_19' title="bbox 237 2617 1027 2694">
     <span class='ocr_line' id='line_1_48' title="bbox 237 2617 1027 2657; baseline 0.003 -11"><span class='ocrx_word' id='word_1_278' title='bbox 237 2621 349 2657; x_wconf 80' lang='lat' dir='ltr'>erepto</span> <span class='ocrx_word' id='word_1_279' title='bbox 383 2617 493 2648; x_wconf 70' lang='lat' dir='ltr'>ruinis</span> <span class='ocrx_word' id='word_1_280' title='bbox 527 2621 694 2655; x_wconf 81' lang='lat' dir='ltr'>..probavit</span> <span class='ocrx_word' id='word_1_281' title='bbox 729 2628 839 2650; x_wconf 83' lang='lat' dir='ltr'>curam</span> <span class='ocrx_word' id='word_1_282' title='bbox 877 2618 1027 2648; x_wconf 51' lang='lat' dir='ltr'>deorum*</span> 
     </span>
     <span class='ocr_line' id='line_1_49' title="bbox 238 2664 672 2694; baseline 0.009 -4"><span class='ocrx_word' id='word_1_283' title='bbox 238 2665 268 2690; x_wconf 88' lang='lat' dir='ltr'>S.</span> <span class='ocrx_word' id='word_1_284' title='bbox 317 2666 367 2692; x_wconf 82' lang='lat' dir='ltr'>Ad</span> <span class='ocrx_word' id='word_1_285' title='bbox 393 2674 459 2694; x_wconf 87' lang='lat' dir='ltr'>rem</span> <span class='ocrx_word' id='word_1_286' title='bbox 485 2666 522 2693; x_wconf 84' lang='lat' dir='ltr'>cf.</span> <span class='ocrx_word' id='word_1_287' title='bbox 548 2664 576 2693; x_wconf 75' lang='lat'>2.</span> <span class='ocrx_word' id='word_1_288' title='bbox 597 2664 672 2694; x_wconf 70' lang='lat'>642.</span> 
     </span>
    </p>
   </div>
   <div class='ocr_carea' id='block_1_13' title="bbox 239 2717 1027 2805">
    <p class='ocr_par' dir='ltr' id='par_1_20' title="bbox 239 2717 1027 2805">
     <span class='ocr_line' id='line_1_50' title="bbox 283 2717 1027 2756; baseline 0.003 -9"><span class='ocrx_word' id='word_1_289' title='bbox 283 2717 357 2748; x_wconf 81' lang='grc'>477.</span> <span class='ocrx_word' id='word_1_290' title='bbox 386 2730 457 2749; x_wconf 80' lang='lat' dir='ltr'>ecce</span> <span class='ocrx_word' id='word_1_291' title='bbox 476 2745 482 2750; x_wconf 97' lang='lat'>.</span> <span class='ocrx_word' id='word_1_292' title='bbox 501 2745 506 2749; x_wconf 94' lang='lat'>.</span> <span class='ocrx_word' id='word_1_293' title='bbox 529 2719 649 2751; x_wconf 74' lang='lat' dir='ltr'>tellus:</span> <span class='ocrx_word' id='word_1_294' title='bbox 680 2720 768 2751; x_wconf 76' lang='lat' dir='ltr'>Ecce.</span> <span class='ocrx_word' id='word_1_295' title='bbox 784 2723 915 2750; x_wconf 85' lang='lat' dir='ltr'>eandem</span> <span class='ocrx_word' id='word_1_296' title='bbox 931 2729 1027 2756; x_wconf 87' lang='lat' dir='ltr'>quam</span> 
     </span>
     <span class='ocr_line' id='line_1_51' title="bbox 239 2764 889 2805; baseline 0.006 -14"><span class='ocrx_word' id='word_1_297' title='bbox 239 2771 276 2792; x_wconf 85' lang='lat' dir='ltr'>en</span> <span class='ocrx_word' id='word_1_298' title='bbox 305 2767 437 2794; x_wconf 73' lang='lat' dir='ltr'>assumit</span> <span class='ocrx_word' id='word_1_299' title='bbox 462 2772 669 2804; x_wconf 80' lang='lat' dir='ltr'>structura1n3</span> <span class='ocrx_word' id='word_1_300' title='bbox 697 2768 735 2796; x_wconf 84' lang='lat' dir='ltr'>cf.</span> <span class='ocrx_word' id='word_1_301' title='bbox 762 2766 789 2805; x_wconf 88' lang='lat'>1,</span> <span class='ocrx_word' id='word_1_302' title='bbox 813 2764 889 2795; x_wconf 75' lang='lat'>461.</span> 
     </span>
    </p>
   </div>
   <div class='ocr_carea' id='block_1_14' title="bbox 237 2817 1029 3056">
    <p class='ocr_par' dir='ltr' id='par_1_21' title="bbox 239 2817 1026 2893">
     <span class='ocr_line' id='line_1_52' title="bbox 283 2817 1026 2892; baseline 0.005 -45"><span class='ocrx_word' id='word_1_303' title='bbox 283 2817 357 2892; x_wconf 51' lang='grc' dir='ltr'>ῒὲθ.</span> <span class='ocrx_word' id='word_1_304' title='bbox 387 2820 443 2851; x_wconf 59' lang='lat' dir='ltr'>„tit</span> <span class='ocrx_word' id='word_1_305' title='bbox 470 2825 610 2853; x_wconf 87' lang='lat' dir='ltr'>additum</span> <span class='ocrx_word' id='word_1_306' title='bbox 632 2829 700 2860; x_wconf 74' lang='lat' dir='ltr'>post</span> <span class='ocrx_word' id='word_1_307' title='bbox 726 2820 907 2863; x_wconf 84' lang='lat' dir='ltr'>compellat</span> <span class='ocrx_word' id='word_1_308' title='bbox 932 2824 970 2852; x_wconf 83' lang='lat' dir='ltr'>cf.</span> <span class='ocrx_word' id='word_1_309' title='bbox 997 2823 1026 2851; x_wconf 84' lang='lat'>5.</span> 
     </span>
     <span class='ocr_line' id='line_1_53' title="bbox 239 2871 314 2893; baseline 0.013 -1"><span class='ocrx_word' id='word_1_310' title='bbox 239 2871 280 2892; x_wconf 76' lang='grc'>5.)</span> <span class='ocrx_word' id='word_1_311' title='bbox 308 2888 314 2893; x_wconf 95' lang='grc'><strong>.</strong></span> 
     </span>
    </p>

    <p class='ocr_par' dir='ltr' id='par_1_22' title="bbox 237 2918 1029 3056">
     <span class='ocr_line' id='line_1_54' title="bbox 285 2918 1029 2961; baseline 0.004 -12"><span class='ocrx_word' id='word_1_312' title='bbox 285 2919 358 2950; x_wconf 66' lang='lat' dir='ltr'>tet.</span> <span class='ocrx_word' id='word_1_313' title='bbox 392 2918 561 2953; x_wconf 85' lang='lat' dir='ltr'>Provehor</span> <span class='ocrx_word' id='word_1_314' title='bbox 585 2926 618 2954; x_wconf 88' lang='lat' dir='ltr'>in</span> <span class='ocrx_word' id='word_1_315' title='bbox 642 2927 765 2961; x_wconf 83' lang='lat' dir='ltr'>incepto</span> <span class='ocrx_word' id='word_1_316' title='bbox 789 2933 942 2954; x_wconf 85' lang='lat' dir='ltr'>sermone.</span> <span class='ocrx_word' id='word_1_317' title='bbox 976 2925 1029 2953; x_wconf 83' lang='lat' dir='ltr'>Sic</span> 
     </span>
     <span class='ocr_line' id='line_1_55' title="bbox 238 2965 1028 3014; baseline 0.006 -20"><span class='ocrx_word' id='word_1_318' title='bbox 238 2967 303 3014; x_wconf 72' lang='lat' dir='ltr'>Cic.</span> <span class='ocrx_word' id='word_1_319' title='bbox 332 2967 400 2995; x_wconf 85' lang='lat' dir='ltr'>Fin.</span> <span class='ocrx_word' id='word_1_320' title='bbox 430 2965 459 3002; x_wconf 87' lang='lat'>3,</span> <span class='ocrx_word' id='word_1_321' title='bbox 487 2967 538 3005; x_wconf 76' lang='lat'>22,</span> <span class='ocrx_word' id='word_1_322' title='bbox 565 2968 606 2998; x_wconf 80' lang='lat'>74</span> <span class='ocrx_word' id='word_1_323' title='bbox 635 2969 754 3001; x_wconf 81' lang='lat' dir='ltr'>Sentio</span> <span class='ocrx_word' id='word_1_324' title='bbox 781 2978 832 2999; x_wconf 88' lang='lat' dir='ltr'>me</span> <span class='ocrx_word' id='word_1_325' title='bbox 859 2978 930 2998; x_wconf 74' lang='lat' dir='ltr'>esse</span> <span class='ocrx_word' id='word_1_326' title='bbox 955 2967 1028 2999; x_wconf 84' lang='lat' dir='ltr'>lon-</span> 
     </span>
     <span class='ocr_line' id='line_1_56' title="bbox 237 3013 1029 3056; baseline 0.006 -17"><span class='ocrx_word' id='word_1_327' title='bbox 237 3019 320 3050; x_wconf 69' lang='lat' dir='ltr'>gius</span> <span class='ocrx_word' id='word_1_328' title='bbox 345 3014 563 3051; x_wconf 81' lang='lat' dir='ltr'>provectum,</span> <span class='ocrx_word' id='word_1_329' title='bbox 602 3024 703 3055; x_wconf 82' lang='lat' dir='ltr'>quam</span> <span class='ocrx_word' id='word_1_330' title='bbox 729 3013 907 3056; x_wconf 81' lang='lat' dir='ltr'>proposita</span> <span class='ocrx_word' id='word_1_331' title='bbox 938 3013 1029 3045; x_wconf 83' lang='lat' dir='ltr'>ratio</span> 
     </span>
    </p>
   </div>
   <div class='ocr_carea' id='block_1_15' title="bbox 1072 396 1872 1100">
    <p class='ocr_par' dir='ltr' id='par_1_23' title="bbox 1072 396 1872 1100">
     <span class='ocr_line' id='line_1_57' title="bbox 1781 396 1863 435; baseline -0.012 0"><span class='ocrx_word' id='word_1_332' title='bbox 1781 396 1863 435; x_wconf 86' lang='lat'>475</span> 
     </span>
     <span class='ocr_line' id='line_1_58' title="bbox 1094 678 1865 729; baseline 0.001 -10"><span class='ocrx_word' id='word_1_333' title='bbox 1094 678 1205 729; x_wconf 82' lang='lat' dir='ltr'>Quid</span> <span class='ocrx_word' id='word_1_334' title='bbox 1240 678 1354 719; x_wconf 75' lang='lat' dir='ltr'>ultra</span> <span class='ocrx_word' id='word_1_335' title='bbox 1781 681 1865 720; x_wconf 75' lang='lat'>480</span> 
     </span>
     <span class='ocr_line' id='line_1_59' title="bbox 1072 1056 1872 1100; baseline 0.004 -13"><span class='ocrx_word' id='word_1_336' title='bbox 1072 1057 1280 1100; x_wconf 73' lang='lat' dir='ltr'>postularet.</span> <span class='ocrx_word' id='word_1_337' title='bbox 1305 1075 1350 1080; x_wconf 93' lang='lat'><strong>—</strong></span> <span class='ocrx_word' id='word_1_338' title='bbox 1372 1056 1529 1088; x_wconf 83' lang='lat' dir='ltr'>demoror</span> <span class='ocrx_word' id='word_1_339' title='bbox 1554 1061 1692 1089; x_wconf 68' lang='lat' dir='ltr'>austros·</span> <span class='ocrx_word' id='word_1_340' title='bbox 1712 1068 1793 1097; x_wconf 91' lang='lat' dir='ltr'>„vos</span> <span class='ocrx_word' id='word_1_341' title='bbox 1817 1062 1872 1090; x_wconf 84' lang='lat' dir='ltr'>de-</span> 
     </span>
    </p>
   </div>
   <div class='ocr_carea' id='block_1_16' title="bbox 1072 1104 1872 3055">
    <p class='ocr_par' dir='ltr' id='par_1_24' title="bbox 1076 1104 1868 1181">
     <span class='ocr_line' id='line_1_60' title="bbox 1076 1104 1868 1145; baseline 0 -10"><span class='ocrx_word' id='word_1_342' title='bbox 1076 1115 1191 1145; x_wconf 86' lang='lat' dir='ltr'>moror,</span> <span class='ocrx_word' id='word_1_343' title='bbox 1210 1107 1381 1142; x_wconf 85' lang='lat' dir='ltr'>quominus</span> <span class='ocrx_word' id='word_1_344' title='bbox 1403 1107 1511 1135; x_wconf 81' lang='lat' dir='ltr'>ventis</span> <span class='ocrx_word' id='word_1_345' title='bbox 1536 1104 1695 1135; x_wconf 74' lang='lat' dir='ltr'>utamini“</span> <span class='ocrx_word' id='word_1_346' title='bbox 1714 1108 1746 1135; x_wconf 88' lang='lat' dir='ltr'>S.</span> <span class='ocrx_word' id='word_1_347' title='bbox 1776 1107 1815 1136; x_wconf 81' lang='lat' dir='ltr'>cf.</span> <span class='ocrx_word' id='word_1_348' title='bbox 1838 1105 1868 1145; x_wconf 74' lang='lat'>2,</span> 
     </span>
     <span class='ocr_line' id='line_1_61' title="bbox 1077 1150 1153 1181; baseline 0.013 -1"><span class='ocrx_word' id='word_1_349' title='bbox 1077 1150 1153 1181; x_wconf 75' lang='lat'>648.</span> 
     </span>
    </p>

    <p class='ocr_par' dir='ltr' id='par_1_25' title="bbox 1076 1194 1869 1318">
     <span class='ocr_line' id='line_1_62' title="bbox 1122 1194 1869 1236; baseline 0 -10"><span class='ocrx_word' id='word_1_350' title='bbox 1122 1195 1197 1226; x_wconf 68' lang='lat'>482.</span> <span class='ocrx_word' id='word_1_351' title='bbox 1227 1194 1297 1226; x_wconf 67' lang='lat' dir='ltr'>Nec</span> <span class='ocrx_word' id='word_1_352' title='bbox 1318 1194 1432 1225; x_wconf 68' lang='lat' dir='ltr'>minus</span> <span class='ocrx_word' id='word_1_353' title='bbox 1453 1197 1491 1226; x_wconf 86' lang='lat' dir='ltr'>cf.</span> <span class='ocrx_word' id='word_1_354' title='bbox 1509 1196 1537 1234; x_wconf 86' lang='lat' dir='ltr'>t,</span> <span class='ocrx_word' id='word_1_355' title='bbox 1553 1195 1627 1227; x_wconf 81' lang='lat'>633.</span> <span class='ocrx_word' id='word_1_356' title='bbox 1648 1213 1686 1217; x_wconf 92' lang='lat'>—</span> <span class='ocrx_word' id='word_1_357' title='bbox 1708 1195 1869 1236; x_wconf 65' lang='lat' dir='ltr'>digressu</span> 
     </span>
     <span class='ocr_line' id='line_1_63' title="bbox 1077 1244 1868 1282; baseline 0.004 -12"><span class='ocrx_word' id='word_1_358' title='bbox 1077 1251 1256 1282; x_wconf 75' lang='lat' dir='ltr'>supremo,</span> <span class='ocrx_word' id='word_1_359' title='bbox 1283 1251 1384 1277; x_wconf 83' lang='lat' dir='ltr'>neque</span> <span class='ocrx_word' id='word_1_360' title='bbox 1400 1244 1485 1272; x_wconf 89' lang='lat' dir='ltr'>enim</span> <span class='ocrx_word' id='word_1_361' title='bbox 1509 1244 1634 1279; x_wconf 84' lang='lat' dir='ltr'>sperari</span> <span class='ocrx_word' id='word_1_362' title='bbox 1660 1244 1788 1281; x_wconf 85' lang='lat' dir='ltr'>licebat,</span> <span class='ocrx_word' id='word_1_363' title='bbox 1812 1252 1868 1273; x_wconf 86' lang='lat' dir='ltr'>eos</span> 
     </span>
     <span class='ocr_line' id='line_1_64' title="bbox 1076 1289 1438 1318; baseline 0 -1"><span class='ocrx_word' id='word_1_364' title='bbox 1076 1289 1191 1318; x_wconf 90' lang='lat' dir='ltr'>iterum</span> <span class='ocrx_word' id='word_1_365' title='bbox 1213 1293 1438 1317; x_wconf 77' lang='lat' dir='ltr'>conventuros.</span> 
     </span>
    </p>

    <p class='ocr_par' dir='ltr' id='par_1_26' title="bbox 1077 1331 1872 2000">
     <span class='ocr_line' id='line_1_65' title="bbox 1124 1331 1872 1370; baseline 0.003 -7"><span class='ocrx_word' id='word_1_366' title='bbox 1124 1333 1198 1363; x_wconf 62' lang='lat'>453.</span> <span class='ocrx_word' id='word_1_367' title='bbox 1231 1331 1432 1363; x_wconf 78' lang='lat' dir='ltr'>picturatae</span> <span class='ocrx_word' id='word_1_368' title='bbox 1455 1336 1565 1363; x_wconf 70' lang='lat' dir='ltr'>vestes</span> <span class='ocrx_word' id='word_1_369' title='bbox 1593 1339 1666 1363; x_wconf 90' lang='lat' dir='ltr'>sunt</span> <span class='ocrx_word' id='word_1_370' title='bbox 1688 1336 1791 1370; x_wconf 82' lang='lat' dir='ltr'>pictae</span> <span class='ocrx_word' id='word_1_371' title='bbox 1807 1345 1872 1365; x_wconf 89' lang='lat' dir='ltr'>non</span> 
     </span>
     <span class='ocr_line' id='line_1_66' title="bbox 1078 1380 1870 1417; baseline 0.003 -8"><span class='ocrx_word' id='word_1_372' title='bbox 1078 1381 1238 1409; x_wconf 83' lang='lat' dir='ltr'>coloribus</span> <span class='ocrx_word' id='word_1_373' title='bbox 1265 1381 1321 1408; x_wconf 86' lang='lat' dir='ltr'>sed</span> <span class='ocrx_word' id='word_1_374' title='bbox 1344 1388 1422 1416; x_wconf 88' lang='lat' dir='ltr'>acu,</span> <span class='ocrx_word' id='word_1_375' title='bbox 1447 1384 1521 1409; x_wconf 86' lang='lat' dir='ltr'>sunt</span> <span class='ocrx_word' id='word_1_376' title='bbox 1553 1380 1650 1416; x_wconf 79' lang='lat' dir='ltr'>igitur</span> <span class='ocrx_word' id='word_1_377' title='bbox 1675 1381 1794 1417; x_wconf 78' lang='lat' dir='ltr'>figurae</span> <span class='ocrx_word' id='word_1_378' title='bbox 1818 1382 1870 1410; x_wconf 88' lang='lat' dir='ltr'>in-</span> 
     </span>
     <span class='ocr_line' id='line_1_67' title="bbox 1078 1424 1869 1463; baseline 0.004 -10"><span class='ocrx_word' id='word_1_379' title='bbox 1078 1430 1232 1455; x_wconf 85' lang='lat' dir='ltr'>tertextae</span> <span class='ocrx_word' id='word_1_380' title='bbox 1257 1426 1306 1454; x_wconf 85' lang='lat' dir='ltr'>filo</span> <span class='ocrx_word' id='word_1_381' title='bbox 1331 1433 1429 1461; x_wconf 82' lang='lat' dir='ltr'>saepe</span> <span class='ocrx_word' id='word_1_382' title='bbox 1453 1433 1550 1454; x_wconf 90' lang='lat' dir='ltr'>aureo</span> <span class='ocrx_word' id='word_1_383' title='bbox 1575 1426 1613 1455; x_wconf 84' lang='lat' dir='ltr'>cf.</span> <span class='ocrx_word' id='word_1_384' title='bbox 1636 1424 1667 1463; x_wconf 75' lang='lat'>9,</span> <span class='ocrx_word' id='word_1_385' title='bbox 1690 1425 1766 1456; x_wconf 73' lang='lat'>582.</span> <span class='ocrx_word' id='word_1_386' title='bbox 1804 1425 1869 1456; x_wconf 69' lang='lat' dir='ltr'>Ve-</span> 
     </span>
     <span class='ocr_line' id='line_1_68' title="bbox 1079 1473 1870 1508; baseline 0.005 -10"><span class='ocrx_word' id='word_1_387' title='bbox 1079 1474 1146 1498; x_wconf 64' lang='lat' dir='ltr'>stes</span> <span class='ocrx_word' id='word_1_388' title='bbox 1184 1476 1291 1500; x_wconf 87' lang='lat' dir='ltr'>autem</span> <span class='ocrx_word' id='word_1_389' title='bbox 1327 1476 1354 1500; x_wconf 91' lang='lat' dir='ltr'>et</span> <span class='ocrx_word' id='word_1_390' title='bbox 1395 1473 1560 1508; x_wconf 76' lang='lat' dir='ltr'>stragulae</span> <span class='ocrx_word' id='word_1_391' title='bbox 1595 1476 1669 1500; x_wconf 86' lang='lat' dir='ltr'>sunt</span> <span class='ocrx_word' id='word_1_392' title='bbox 1707 1476 1737 1501; x_wconf 87' lang='lat' dir='ltr'>et</span> <span class='ocrx_word' id='word_1_393' title='bbox 1768 1473 1870 1502; x_wconf 82' lang='lat' dir='ltr'>vesti-</span> 
     </span>
     <span class='ocr_line' id='line_1_69' title="bbox 1079 1518 1871 1553; baseline 0.004 -9"><span class='ocrx_word' id='word_1_394' title='bbox 1079 1522 1193 1545; x_wconf 80' lang='lat' dir='ltr'>menta.</span> <span class='ocrx_word' id='word_1_395' title='bbox 1244 1519 1467 1553; x_wconf 79' lang='lat' dir='ltr'>Stragularum</span> <span class='ocrx_word' id='word_1_396' title='bbox 1500 1518 1583 1552; x_wconf 86' lang='lat' dir='ltr'>apud</span> <span class='ocrx_word' id='word_1_397' title='bbox 1612 1519 1761 1553; x_wconf 87' lang='lat' dir='ltr'>antiquos</span> <span class='ocrx_word' id='word_1_398' title='bbox 1787 1520 1871 1547; x_wconf 88' lang='lat' dir='ltr'>mul-</span> 
     </span>
     <span class='ocr_line' id='line_1_70' title="bbox 1079 1564 1869 1599; baseline 0.005 -10"><span class='ocrx_word' id='word_1_399' title='bbox 1079 1566 1130 1590; x_wconf 79' lang='lat' dir='ltr'>tus</span> <span class='ocrx_word' id='word_1_400' title='bbox 1160 1566 1225 1590; x_wconf 81' lang='lat' dir='ltr'>erat</span> <span class='ocrx_word' id='word_1_401' title='bbox 1255 1570 1352 1595; x_wconf 78' lang='lat' dir='ltr'>usus,</span> <span class='ocrx_word' id='word_1_402' title='bbox 1383 1568 1411 1591; x_wconf 89' lang='lat' dir='ltr'>et</span> <span class='ocrx_word' id='word_1_403' title='bbox 1436 1570 1533 1597; x_wconf 83' lang='lat' dir='ltr'>saepe</span> <span class='ocrx_word' id='word_1_404' title='bbox 1563 1570 1622 1592; x_wconf 81' lang='lat' dir='ltr'>acu</span> <span class='ocrx_word' id='word_1_405' title='bbox 1648 1564 1869 1599; x_wconf 77' lang='lat' dir='ltr'>pingebantur.</span> 
     </span>
     <span class='ocr_line' id='line_1_71' title="bbox 1080 1608 1868 1643; baseline 0.004 -8"><span class='ocrx_word' id='word_1_406' title='bbox 1080 1610 1143 1636; x_wconf 76' lang='lat' dir='ltr'>Nec</span> <span class='ocrx_word' id='word_1_407' title='bbox 1174 1608 1365 1636; x_wconf 80' lang='lat' dir='ltr'>vestimenta</span> <span class='ocrx_word' id='word_1_408' title='bbox 1393 1609 1513 1636; x_wconf 80' lang='lat' dir='ltr'>talibus</span> <span class='ocrx_word' id='word_1_409' title='bbox 1544 1609 1677 1643; x_wconf 85' lang='lat' dir='ltr'>picturis</span> <span class='ocrx_word' id='word_1_410' title='bbox 1707 1612 1868 1639; x_wconf 82' lang='lat' dir='ltr'>carebant.</span> 
     </span>
     <span class='ocr_line' id='line_1_72' title="bbox 1078 1652 1868 1693; baseline 0.003 -13"><span class='ocrx_word' id='word_1_411' title='bbox 1078 1656 1296 1682; x_wconf 81' lang='lat' dir='ltr'>Metnorantur</span> <span class='ocrx_word' id='word_1_412' title='bbox 1328 1654 1395 1682; x_wconf 85' lang='lat' dir='ltr'>Cat.</span> <span class='ocrx_word' id='word_1_413' title='bbox 1427 1655 1530 1688; x_wconf 87' lang='lat' dir='ltr'>Epith.</span> <span class='ocrx_word' id='word_1_414' title='bbox 1563 1652 1616 1682; x_wconf 82' lang='grc'><strong>50.</strong></span> <span class='ocrx_word' id='word_1_415' title='bbox 1651 1655 1724 1683; x_wconf 74' lang='lat' dir='ltr'>Val.</span> <span class='ocrx_word' id='word_1_416' title='bbox 1755 1656 1801 1684; x_wconf 82' lang='lat' dir='ltr'>Fl.</span> <span class='ocrx_word' id='word_1_417' title='bbox 1838 1653 1868 1693; x_wconf 77' lang='lat'>2,</span> 
     </span>
     <span class='ocr_line' id='line_1_73' title="bbox 1079 1696 1871 1735; baseline 0.004 -9"><span class='ocrx_word' id='word_1_418' title='bbox 1079 1696 1154 1727; x_wconf 61' lang='lat'>41⁸9.</span> <span class='ocrx_word' id='word_1_419' title='bbox 1181 1699 1239 1727; x_wconf 87' lang='lat' dir='ltr'>Sil.</span> <span class='ocrx_word' id='word_1_420' title='bbox 1267 1696 1319 1728; x_wconf 86' lang='lat'>15.</span> <span class='ocrx_word' id='word_1_421' title='bbox 1343 1697 1417 1727; x_wconf 78' lang='lat'>421.</span> <span class='ocrx_word' id='word_1_422' title='bbox 1444 1700 1555 1728; x_wconf 84' lang='lat' dir='ltr'>Claud.</span> <span class='ocrx_word' id='word_1_423' title='bbox 1581 1700 1647 1727; x_wconf 80' lang='grc' dir='ltr'><strong>ΒΡ.</strong></span> <span class='ocrx_word' id='word_1_424' title='bbox 1675 1699 1704 1735; x_wconf 79' lang='lat'>2,</span> <span class='ocrx_word' id='word_1_425' title='bbox 1729 1699 1782 1729; x_wconf 75' lang='lat'>41.</span> <span class='ocrx_word' id='word_1_426' title='bbox 1819 1701 1871 1729; x_wconf 91' lang='lat' dir='ltr'>Si-</span> 
     </span>
     <span class='ocr_line' id='line_1_74' title="bbox 1078 1745 1870 1779; baseline 0.003 -6"><span class='ocrx_word' id='word_1_427' title='bbox 1078 1745 1234 1779; x_wconf 84' lang='lat' dir='ltr'>milesque</span> <span class='ocrx_word' id='word_1_428' title='bbox 1275 1750 1383 1773; x_wconf 76' lang='lat' dir='ltr'>vestes</span> <span class='ocrx_word' id='word_1_429' title='bbox 1423 1754 1463 1774; x_wconf 87' lang='lat' dir='ltr'>ex</span> <span class='ocrx_word' id='word_1_430' title='bbox 1502 1745 1604 1774; x_wconf 85' lang='lat' dir='ltr'>medio</span> <span class='ocrx_word' id='word_1_431' title='bbox 1644 1752 1727 1774; x_wconf 78' lang='lat' dir='ltr'>aevo</span> <span class='ocrx_word' id='word_1_432' title='bbox 1765 1747 1870 1776; x_wconf 85' lang='lat' dir='ltr'>adhuc</span> 
     </span>
     <span class='ocr_line' id='line_1_75' title="bbox 1078 1788 1870 1829; baseline 0.004 -11"><span class='ocrx_word' id='word_1_433' title='bbox 1078 1795 1258 1818; x_wconf 72' lang='lat' dir='ltr'>servantur.</span> <span class='ocrx_word' id='word_1_434' title='bbox 1300 1806 1338 1809; x_wconf 98' lang='lat'><strong>—</strong></span> <span class='ocrx_word' id='word_1_435' title='bbox 1387 1788 1549 1829; x_wconf 64' lang='lat' dir='ltr'>firgatis</span> <span class='ocrx_word' id='word_1_436' title='bbox 1585 1794 1691 1820; x_wconf 85' lang='lat' dir='ltr'>autem</span> <span class='ocrx_word' id='word_1_437' title='bbox 1723 1792 1870 1821; x_wconf 89' lang='lat' dir='ltr'>vestibus</span> 
     </span>
     <span class='ocr_line' id='line_1_76' title="bbox 1079 1834 1870 1872; baseline 0.005 -9"><span class='ocrx_word' id='word_1_438' title='bbox 1079 1838 1246 1864; x_wconf 84' lang='lat' dir='ltr'>utebantur</span> <span class='ocrx_word' id='word_1_439' title='bbox 1272 1836 1358 1864; x_wconf 87' lang='lat' dir='ltr'>Galli</span> <span class='ocrx_word' id='word_1_440' title='bbox 1383 1836 1421 1864; x_wconf 84' lang='lat' dir='ltr'>cf.</span> <span class='ocrx_word' id='word_1_441' title='bbox 1441 1834 1471 1872; x_wconf 76' lang='lat'>8,</span> <span class='ocrx_word' id='word_1_442' title='bbox 1491 1834 1566 1864; x_wconf 87' lang='grc'><strong>660.</strong></span> <span class='ocrx_word' id='word_1_443' title='bbox 1616 1837 1785 1866; x_wconf 88' lang='lat' dir='ltr'>Coloribus</span> <span class='ocrx_word' id='word_1_444' title='bbox 1809 1845 1870 1867; x_wconf 84' lang='lat' dir='ltr'>va-</span> 
     </span>
     <span class='ocr_line' id='line_1_77' title="bbox 1079 1882 1867 1917; baseline 0.004 -8"><span class='ocrx_word' id='word_1_445' title='bbox 1079 1882 1219 1917; x_wconf 76' lang='lat' dir='ltr'>riegatas</span> <span class='ocrx_word' id='word_1_446' title='bbox 1248 1882 1386 1910; x_wconf 78' lang='lat' dir='ltr'>Romani</span> <span class='ocrx_word' id='word_1_447' title='bbox 1411 1890 1472 1910; x_wconf 88' lang='lat' dir='ltr'>non</span> <span class='ocrx_word' id='word_1_448' title='bbox 1499 1884 1667 1910; x_wconf 87' lang='lat' dir='ltr'>habebant.</span> <span class='ocrx_word' id='word_1_449' title='bbox 1716 1884 1786 1912; x_wconf 90' lang='lat' dir='ltr'>Iam</span> <span class='ocrx_word' id='word_1_450' title='bbox 1810 1892 1867 1912; x_wconf 89' lang='lat' dir='ltr'>ve-</span> 
     </span>
     <span class='ocr_line' id='line_1_78' title="bbox 1078 1927 1870 1965; baseline 0.005 -11"><span class='ocrx_word' id='word_1_451' title='bbox 1078 1927 1227 1955; x_wconf 71' lang='lat' dir='ltr'>stimenta</span> <span class='ocrx_word' id='word_1_452' title='bbox 1253 1927 1432 1963; x_wconf 80' lang='lat' dir='ltr'>intelligere</span> <span class='ocrx_word' id='word_1_453' title='bbox 1455 1928 1599 1964; x_wconf 80' lang='lat' dir='ltr'>cogimur</span> <span class='ocrx_word' id='word_1_454' title='bbox 1623 1930 1794 1965; x_wconf 82' lang='lat' dir='ltr'>chlamyde</span> <span class='ocrx_word' id='word_1_455' title='bbox 1812 1930 1870 1958; x_wconf 83' lang='lat' dir='ltr'>ad-</span> 
     </span>
     <span class='ocr_line' id='line_1_79' title="bbox 1077 1973 1151 2000; baseline 0 0"><span class='ocrx_word' id='word_1_456' title='bbox 1077 1973 1151 2000; x_wconf 83' lang='lat' dir='ltr'>dita.</span> 
     </span>
    </p>

    <p class='ocr_par' dir='ltr' id='par_1_27' title="bbox 1072 2012 1870 3055">
     <span class='ocr_line' id='line_1_80' title="bbox 1125 2012 1870 2058; baseline 0.003 -13"><span class='ocrx_word' id='word_1_457' title='bbox 1125 2015 1201 2046; x_wconf 72' lang='lat'>48⁴.</span> <span class='ocrx_word' id='word_1_458' title='bbox 1231 2015 1422 2058; x_wconf 76' lang='lat' dir='ltr'>Phrygiam</span> <span class='ocrx_word' id='word_1_459' title='bbox 1449 2015 1735 2057; x_wconf 79' lang='lat' dir='ltr'>chlamydem.—</span> <span class='ocrx_word' id='word_1_460' title='bbox 1762 2012 1870 2058; x_wconf 78' lang='lat' dir='ltr'>Phry-</span> 
     </span>
     <span class='ocr_line' id='line_1_81' title="bbox 1078 2061 1868 2103; baseline 0.003 -12"><span class='ocrx_word' id='word_1_461' title='bbox 1078 2061 1176 2103; x_wconf 75' lang='lat' dir='ltr'>giam</span> <span class='ocrx_word' id='word_1_462' title='bbox 1205 2069 1281 2099; x_wconf 75' lang='lat' dir='ltr'>..aut</span> <span class='ocrx_word' id='word_1_463' title='bbox 1306 2071 1366 2093; x_wconf 85' lang='lat' dir='ltr'>acu</span> <span class='ocrx_word' id='word_1_464' title='bbox 1393 2064 1524 2098; x_wconf 63' lang='lat' dir='ltr'>pictam</span> <span class='ocrx_word' id='word_1_465' title='bbox 1556 2065 1652 2093; x_wconf 86' lang='lat' dir='ltr'>huius</span> <span class='ocrx_word' id='word_1_466' title='bbox 1678 2065 1762 2093; x_wconf 89' lang='lat' dir='ltr'>enim</span> <span class='ocrx_word' id='word_1_467' title='bbox 1788 2065 1868 2094; x_wconf 89' lang='lat' dir='ltr'>artis</span> 
     </span>
     <span class='ocr_line' id='line_1_82' title="bbox 1078 2110 1868 2146; baseline 0.003 -9"><span class='ocrx_word' id='word_1_468' title='bbox 1078 2110 1199 2143; x_wconf 89' lang='lat' dir='ltr'>peritos</span> <span class='ocrx_word' id='word_1_469' title='bbox 1245 2110 1447 2146; x_wconf 69' lang='lat' dir='ltr'>Phrygiones</span> <span class='ocrx_word' id='word_1_470' title='bbox 1492 2110 1644 2145; x_wconf 81' lang='lat' dir='ltr'>dicitnuS,</span> <span class='ocrx_word' id='word_1_471' title='bbox 1694 2112 1868 2139; x_wconf 88' lang='lat' dir='ltr'>secundum</span> 
     </span>
     <span class='ocr_line' id='line_1_83' title="bbox 1078 2153 1868 2193; baseline 0.003 -10"><span class='ocrx_word' id='word_1_472' title='bbox 1078 2156 1230 2183; x_wconf 89' lang='lat' dir='ltr'>Plautum</span> <span class='ocrx_word' id='word_1_473' title='bbox 1267 2155 1363 2189; x_wconf 83' lang='lat' dir='ltr'>(Aul.</span> <span class='ocrx_word' id='word_1_474' title='bbox 1394 2154 1428 2192; x_wconf 84' lang='lat'>3,</span> <span class='ocrx_word' id='word_1_475' title='bbox 1457 2155 1492 2192; x_wconf 92' lang='grc'>5,</span> <span class='ocrx_word' id='word_1_476' title='bbox 1526 2153 1606 2190; x_wconf 79' lang='grc'>34);</span> <span class='ocrx_word' id='word_1_477' title='bbox 1656 2157 1692 2183; x_wconf 92' lang='lat' dir='ltr'>In</span> <span class='ocrx_word' id='word_1_478' title='bbox 1722 2157 1868 2193; x_wconf 74' lang='lat' dir='ltr'>Phrygia</span> 
     </span>
     <span class='ocr_line' id='line_1_84' title="bbox 1078 2200 1867 2237; baseline 0.004 -9"><span class='ocrx_word' id='word_1_479' title='bbox 1078 2201 1163 2229; x_wconf 90' lang='lat' dir='ltr'>enim</span> <span class='ocrx_word' id='word_1_480' title='bbox 1189 2201 1322 2229; x_wconf 79' lang='lat' dir='ltr'>inventa</span> <span class='ocrx_word' id='word_1_481' title='bbox 1354 2205 1400 2229; x_wconf 88' lang='lat' dir='ltr'>est</span> <span class='ocrx_word' id='word_1_482' title='bbox 1434 2208 1497 2229; x_wconf 76' lang='lat' dir='ltr'>ars,</span> <span class='ocrx_word' id='word_1_483' title='bbox 1548 2200 1767 2237; x_wconf 78' lang='lat' dir='ltr'>(Phrygiones</span> <span class='ocrx_word' id='word_1_484' title='bbox 1800 2210 1867 2231; x_wconf 87' lang='lat' dir='ltr'>me—</span> 
     </span>
     <span class='ocr_line' id='line_1_85' title="bbox 1078 2243 1867 2282; baseline 0.003 -8"><span class='ocrx_word' id='word_1_485' title='bbox 1078 2250 1179 2274; x_wconf 86' lang='lat' dir='ltr'>morat</span> <span class='ocrx_word' id='word_1_486' title='bbox 1203 2248 1234 2274; x_wconf 87' lang='lat' dir='ltr'>S.</span> <span class='ocrx_word' id='word_1_487' title='bbox 1261 2247 1357 2275; x_wconf 88' lang='lat' dir='ltr'>etiam</span> <span class='ocrx_word' id='word_1_488' title='bbox 1382 2248 1422 2275; x_wconf 88' lang='lat' dir='ltr'>ad</span> <span class='ocrx_word' id='word_1_489' title='bbox 1456 2245 1504 2282; x_wconf 89' lang='lat'>11,</span> <span class='ocrx_word' id='word_1_490' title='bbox 1534 2243 1599 2272; x_wconf 89' lang='lat'>777</span> <span class='ocrx_word' id='word_1_491' title='bbox 1631 2251 1660 2274; x_wconf 89' lang='lat' dir='ltr'>et</span> <span class='ocrx_word' id='word_1_492' title='bbox 1693 2248 1816 2276; x_wconf 77' lang='lat' dir='ltr'>Nonius</span> <span class='ocrx_word' id='word_1_493' title='bbox 1840 2256 1867 2276; x_wconf 89' lang='lat' dir='ltr'>s.</span> 
     </span>
     <span class='ocr_line' id='line_1_86' title="bbox 1078 2289 1868 2333; baseline 0.003 -14"><span class='ocrx_word' id='word_1_494' title='bbox 1078 2292 1188 2327; x_wconf 79' lang='lat' dir='ltr'>voce.)</span> <span class='ocrx_word' id='word_1_495' title='bbox 1236 2293 1302 2320; x_wconf 88' lang='lat' dir='ltr'>Aut</span> <span class='ocrx_word' id='word_1_496' title='bbox 1339 2294 1376 2320; x_wconf 88' lang='lat' dir='ltr'>ob</span> <span class='ocrx_word' id='word_1_497' title='bbox 1414 2295 1471 2321; x_wconf 86' lang='lat' dir='ltr'>hoc</span> <span class='ocrx_word' id='word_1_498' title='bbox 1509 2292 1627 2320; x_wconf 79' lang='lat' dir='ltr'>addidit</span> <span class='ocrx_word' id='word_1_499' title='bbox 1664 2289 1868 2333; x_wconf 76' lang='lat' dir='ltr'>Phrygiam,</span> 
     </span>
     <span class='ocr_line' id='line_1_87' title="bbox 1077 2338 1868 2372; baseline 0.005 -8"><span class='ocrx_word' id='word_1_500' title='bbox 1077 2338 1171 2371; x_wconf 86' lang='lat' dir='ltr'>quasi</span> <span class='ocrx_word' id='word_1_501' title='bbox 1198 2345 1252 2371; x_wconf 88' lang='lat' dir='ltr'>per</span> <span class='ocrx_word' id='word_1_502' title='bbox 1275 2345 1371 2371; x_wconf 87' lang='lat' dir='ltr'>quam</span> <span class='ocrx_word' id='word_1_503' title='bbox 1404 2338 1528 2372; x_wconf 83' lang='lat' dir='ltr'>patriae</span> <span class='ocrx_word' id='word_1_504' title='bbox 1563 2339 1718 2367; x_wconf 87' lang='lat' dir='ltr'>memoria</span> <span class='ocrx_word' id='word_1_505' title='bbox 1751 2340 1868 2368; x_wconf 88' lang='lat' dir='ltr'>retine-</span> 
     </span>
     <span class='ocr_line' id='line_1_88' title="bbox 1076 2380 1867 2423; baseline 0.005 -14"><span class='ocrx_word' id='word_1_506' title='bbox 1076 2380 1182 2410; x_wconf 49' lang='lat' dir='ltr'>retur*</span> <span class='ocrx_word' id='word_1_507' title='bbox 1220 2384 1250 2410; x_wconf 88' lang='lat' dir='ltr'>S.</span> <span class='ocrx_word' id='word_1_508' title='bbox 1308 2384 1374 2411; x_wconf 87' lang='lat' dir='ltr'>Hoc</span> <span class='ocrx_word' id='word_1_509' title='bbox 1412 2387 1564 2418; x_wconf 83' lang='lat' dir='ltr'>praestat.</span> <span class='ocrx_word' id='word_1_510' title='bbox 1615 2399 1652 2403; x_wconf 96' lang='lat'>—</span> <span class='ocrx_word' id='word_1_511' title='bbox 1705 2381 1867 2423; x_wconf 81' lang='lat' dir='ltr'>Chlamys</span> 
     </span>
     <span class='ocr_line' id='line_1_89' title="bbox 1076 2429 1867 2466; baseline 0.005 -11"><span class='ocrx_word' id='word_1_512' title='bbox 1076 2429 1306 2456; x_wconf 80' lang='lat' dir='ltr'>Thessalorum</span> <span class='ocrx_word' id='word_1_513' title='bbox 1333 2429 1473 2463; x_wconf 85' lang='lat' dir='ltr'>equitum</span> <span class='ocrx_word' id='word_1_514' title='bbox 1496 2429 1731 2466; x_wconf 79' lang='lat' dir='ltr'>vestimentum,</span> <span class='ocrx_word' id='word_1_515' title='bbox 1755 2430 1867 2459; x_wconf 85' lang='lat' dir='ltr'>deinde</span> 
     </span>
     <span class='ocr_line' id='line_1_90' title="bbox 1075 2465 1867 2512; baseline 0.005 -12"><span class='ocrx_word' id='word_1_516' title='bbox 1075 2465 1222 2512; x_wconf 78' lang='grc' dir='ltr'>ἐφήβων</span> <span class='ocrx_word' id='word_1_517' title='bbox 1261 2474 1528 2511; x_wconf 80' lang='lat' dir='ltr'>Atheniensium,</span> <span class='ocrx_word' id='word_1_518' title='bbox 1576 2476 1660 2509; x_wconf 84' lang='lat' dir='ltr'>apud</span> <span class='ocrx_word' id='word_1_519' title='bbox 1703 2476 1867 2504; x_wconf 87' lang='lat' dir='ltr'>Romanos</span> 
     </span>
     <span class='ocr_line' id='line_1_91' title="bbox 1075 2518 1868 2558; baseline 0.006 -13"><span class='ocrx_word' id='word_1_520' title='bbox 1075 2518 1171 2546; x_wconf 87' lang='lat' dir='ltr'>etiam</span> <span class='ocrx_word' id='word_1_521' title='bbox 1195 2526 1365 2552; x_wconf 88' lang='lat' dir='ltr'>puerorum</span> <span class='ocrx_word' id='word_1_522' title='bbox 1391 2525 1419 2549; x_wconf 91' lang='lat' dir='ltr'>et</span> <span class='ocrx_word' id='word_1_523' title='bbox 1446 2521 1598 2549; x_wconf 84' lang='lat' dir='ltr'>iuvenum</span> <span class='ocrx_word' id='word_1_524' title='bbox 1628 2520 1666 2550; x_wconf 85' lang='lat' dir='ltr'>cf.</span> <span class='ocrx_word' id='word_1_525' title='bbox 1692 2518 1723 2558; x_wconf 78' lang='lat'>8,</span> <span class='ocrx_word' id='word_1_526' title='bbox 1752 2519 1813 2548; x_wconf 90' lang='grc'>160</span> <span class='ocrx_word' id='word_1_527' title='bbox 1838 2524 1868 2550; x_wconf 88' lang='lat' dir='ltr'>et</span> 
     </span>
     <span class='ocr_line' id='line_1_92' title="bbox 1077 2560 1865 2602; baseline 0.006 -13"><span class='ocrx_word' id='word_1_528' title='bbox 1077 2560 1151 2596; x_wconf 81' lang='grc'>167,</span> <span class='ocrx_word' id='word_1_529' title='bbox 1176 2562 1251 2592; x_wconf 63' lang='grc'><strong>558.</strong></span> <span class='ocrx_word' id='word_1_530' title='bbox 1300 2566 1390 2594; x_wconf 86' lang='lat' dir='ltr'>Adde</span> <span class='ocrx_word' id='word_1_531' title='bbox 1417 2568 1502 2594; x_wconf 87' lang='lat' dir='ltr'>Suet.</span> <span class='ocrx_word' id='word_1_532' title='bbox 1528 2566 1594 2594; x_wconf 87' lang='lat' dir='ltr'>Tib.</span> <span class='ocrx_word' id='word_1_533' title='bbox 1622 2564 1659 2594; x_wconf 82' lang='lat'>6:</span> <span class='ocrx_word' id='word_1_534' title='bbox 1707 2563 1865 2602; x_wconf 74' lang='lat' dir='ltr'>Munera,</span> 
     </span>
     <span class='ocr_line' id='line_1_93' title="bbox 1075 2606 1868 2650; baseline 0.006 -15"><span class='ocrx_word' id='word_1_535' title='bbox 1075 2607 1197 2647; x_wconf 71' lang='lat' dir='ltr'>quibus</span> <span class='ocrx_word' id='word_1_536' title='bbox 1218 2618 1238 2637; x_wconf 85' lang='lat' dir='ltr'>a</span> <span class='ocrx_word' id='word_1_537' title='bbox 1264 2606 1424 2650; x_wconf 82' lang='lat' dir='ltr'>Pompeio</span> <span class='ocrx_word' id='word_1_538' title='bbox 1442 2609 1477 2639; x_wconf 81' lang='lat' dir='ltr'>in</span> <span class='ocrx_word' id='word_1_539' title='bbox 1499 2608 1622 2639; x_wconf 73' lang='lat' dir='ltr'>Sicilia</span> <span class='ocrx_word' id='word_1_540' title='bbox 1645 2608 1795 2640; x_wconf 75' lang='lat' dir='ltr'>donatus</span> <span class='ocrx_word' id='word_1_541' title='bbox 1817 2612 1868 2640; x_wconf 84' lang='lat' dir='ltr'>est</span> 
     </span>
     <span class='ocr_line' id='line_1_94' title="bbox 1074 2652 1866 2695; baseline 0.001 -13"><span class='ocrx_word' id='word_1_542' title='bbox 1074 2653 1173 2689; x_wconf 83' lang='lat' dir='ltr'>[puer</span> <span class='ocrx_word' id='word_1_543' title='bbox 1186 2655 1352 2691; x_wconf 82' lang='lat' dir='ltr'>Tiberius]</span> <span class='ocrx_word' id='word_1_544' title='bbox 1382 2653 1571 2695; x_wconf 81' lang='lat' dir='ltr'>chlamys</span> <span class='ocrx_word' id='word_1_545' title='bbox 1596 2658 1628 2685; x_wconf 87' lang='lat' dir='ltr'>et</span> <span class='ocrx_word' id='word_1_546' title='bbox 1641 2652 1766 2695; x_wconf 85' lang='lat' dir='ltr'>fibula,</span> <span class='ocrx_word' id='word_1_547' title='bbox 1785 2653 1866 2684; x_wconf 83' lang='lat' dir='ltr'>item</span> 
     </span>
     <span class='ocr_line' id='line_1_95' title="bbox 1072 2698 1866 2730; baseline 0.004 -3"><span class='ocrx_word' id='word_1_548' title='bbox 1072 2698 1189 2727; x_wconf 78' lang='lat' dir='ltr'>bullae</span> <span class='ocrx_word' id='word_1_549' title='bbox 1214 2708 1342 2730; x_wconf 83' lang='lat' dir='ltr'>aureae</span> <span class='ocrx_word' id='word_1_550' title='bbox 1367 2699 1594 2730; x_wconf 78' lang='lat' dir='ltr'>ostenduntur</span> <span class='ocrx_word' id='word_1_551' title='bbox 1617 2698 1731 2729; x_wconf 78' lang='lat' dir='ltr'>adhuc</span> <span class='ocrx_word' id='word_1_552' title='bbox 1756 2698 1866 2730; x_wconf 78' lang='lat' dir='ltr'>Baiis.</span> 
     </span>
     <span class='ocr_line' id='line_1_96' title="bbox 1074 2745 1863 2781; baseline 0.001 -8"><span class='ocrx_word' id='word_1_553' title='bbox 1074 2746 1135 2779; x_wconf 77' lang='lat' dir='ltr'>Ap.</span> <span class='ocrx_word' id='word_1_554' title='bbox 1160 2748 1217 2774; x_wconf 59' lang='grc' dir='ltr'><strong>ΟΥ.</strong></span> <span class='ocrx_word' id='word_1_555' title='bbox 1236 2749 1276 2774; x_wconf 79' lang='grc' dir='ltr'><strong>Μ.</strong></span> <span class='ocrx_word' id='word_1_556' title='bbox 1302 2747 1332 2781; x_wconf 83' lang='grc'>5,</span> <span class='ocrx_word' id='word_1_557' title='bbox 1352 2745 1391 2774; x_wconf 89' lang='grc'>51</span> <span class='ocrx_word' id='word_1_558' title='bbox 1420 2747 1518 2776; x_wconf 81' lang='lat' dir='ltr'>Athis</span> <span class='ocrx_word' id='word_1_559' title='bbox 1545 2747 1682 2776; x_wconf 85' lang='lat' dir='ltr'>sedecim</span> <span class='ocrx_word' id='word_1_560' title='bbox 1707 2753 1863 2775; x_wconf 85' lang='lat' dir='ltr'>annorum</span> 
     </span>
     <span class='ocr_line' id='line_1_97' title="bbox 1074 2789 1862 2828; baseline 0.003 -11"><span class='ocrx_word' id='word_1_561' title='bbox 1074 2791 1201 2819; x_wconf 84' lang='lat' dir='ltr'>indutus</span> <span class='ocrx_word' id='word_1_562' title='bbox 1231 2797 1277 2820; x_wconf 78' lang='lat' dir='ltr'>est</span> <span class='ocrx_word' id='word_1_563' title='bbox 1310 2794 1488 2828; x_wconf 79' lang='lat' dir='ltr'>chlamyde.</span> <span class='ocrx_word' id='word_1_564' title='bbox 1543 2793 1614 2826; x_wconf 90' lang='lat' dir='ltr'>Ulp.</span> <span class='ocrx_word' id='word_1_565' title='bbox 1647 2791 1718 2827; x_wconf 79' lang='lat' dir='ltr'>Dig.</span> <span class='ocrx_word' id='word_1_566' title='bbox 1754 2789 1805 2826; x_wconf 76' lang='lat'>34,</span> <span class='ocrx_word' id='word_1_567' title='bbox 1832 2790 1862 2828; x_wconf 84' lang='lat'>2,</span> 
     </span>
     <span class='ocr_line' id='line_1_98' title="bbox 1076 2834 1864 2873; baseline 0.005 -11"><span class='ocrx_word' id='word_1_568' title='bbox 1076 2834 1135 2864; x_wconf 75' lang='lat'>23:</span> <span class='ocrx_word' id='word_1_569' title='bbox 1161 2838 1329 2868; x_wconf 77' lang='lat' dir='ltr'>..Puerilia</span> <span class='ocrx_word' id='word_1_570' title='bbox 1353 2843 1426 2867; x_wconf 83' lang='lat' dir='ltr'>sunt</span> <span class='ocrx_word' id='word_1_571' title='bbox 1446 2845 1528 2873; x_wconf 80' lang='lat' dir='ltr'>quae</span> <span class='ocrx_word' id='word_1_572' title='bbox 1552 2838 1591 2865; x_wconf 87' lang='lat' dir='ltr'>ad</span> <span class='ocrx_word' id='word_1_573' title='bbox 1615 2838 1739 2865; x_wconf 88' lang='lat' dir='ltr'>nullum</span> <span class='ocrx_word' id='word_1_574' title='bbox 1763 2838 1864 2866; x_wconf 86' lang='lat' dir='ltr'>alium</span> 
     </span>
     <span class='ocr_line' id='line_1_99' title="bbox 1075 2883 1864 2919; baseline 0.004 -10"><span class='ocrx_word' id='word_1_575' title='bbox 1075 2890 1168 2910; x_wconf 77' lang='lat' dir='ltr'>usum</span> <span class='ocrx_word' id='word_1_576' title='bbox 1198 2884 1369 2919; x_wconf 81' lang='lat' dir='ltr'>pertinent,</span> <span class='ocrx_word' id='word_1_577' title='bbox 1403 2884 1466 2911; x_wconf 85' lang='lat' dir='ltr'>nisi</span> <span class='ocrx_word' id='word_1_578' title='bbox 1490 2883 1661 2917; x_wconf 84' lang='lat' dir='ltr'>puerilem,</span> <span class='ocrx_word' id='word_1_579' title='bbox 1693 2884 1793 2911; x_wconf 80' lang='lat' dir='ltr'>veluti</span> <span class='ocrx_word' id='word_1_580' title='bbox 1817 2887 1864 2912; x_wconf 89' lang='lat' dir='ltr'>to-</span> 
     </span>
     <span class='ocr_line' id='line_1_100' title="bbox 1075 2923 1862 2965; baseline 0.001 -10"><span class='ocrx_word' id='word_1_581' title='bbox 1075 2934 1134 2960; x_wconf 64' lang='lat' dir='ltr'>gae</span> <span class='ocrx_word' id='word_1_582' title='bbox 1160 2933 1353 2963; x_wconf 84' lang='lat' dir='ltr'>praetextae,</span> <span class='ocrx_word' id='word_1_583' title='bbox 1378 2929 1528 2963; x_wconf 86' lang='lat' dir='ltr'>aliculae,</span> <span class='ocrx_word' id='word_1_584' title='bbox 1555 2923 1778 2965; x_wconf 75' lang='lat' dir='ltr'>&#39;chlamydes-⁶</span> <span class='ocrx_word' id='word_1_585' title='bbox 1804 2932 1862 2958; x_wconf 89' lang='lat' dir='ltr'>etc.</span> 
     </span>
     <span class='ocr_line' id='line_1_101' title="bbox 1076 2971 1862 3010; baseline 0.003 -11"><span class='ocrx_word' id='word_1_586' title='bbox 1076 2973 1121 3000; x_wconf 87' lang='lat' dir='ltr'>De</span> <span class='ocrx_word' id='word_1_587' title='bbox 1146 2972 1247 3002; x_wconf 84' lang='lat' dir='ltr'>forma</span> <span class='ocrx_word' id='word_1_588' title='bbox 1269 2979 1299 3002; x_wconf 85' lang='lat' dir='ltr'>et</span> <span class='ocrx_word' id='word_1_589' title='bbox 1323 2976 1428 3003; x_wconf 88' lang='lat' dir='ltr'>colore</span> <span class='ocrx_word' id='word_1_590' title='bbox 1453 2973 1634 3007; x_wconf 74' lang='lat' dir='ltr'>chlamydis</span> <span class='ocrx_word' id='word_1_591' title='bbox 1665 2972 1704 3002; x_wconf 82' lang='lat' dir='ltr'>cf.</span> <span class='ocrx_word' id='word_1_592' title='bbox 1732 2971 1762 3010; x_wconf 87' lang='grc'>9,</span> <span class='ocrx_word' id='word_1_593' title='bbox 1786 2971 1862 3001; x_wconf 82' lang='grc'><strong>582.</strong></span> 
     </span>
     <span class='ocr_line' id='line_1_102' title="bbox 1077 3015 1863 3055; baseline 0.001 -9"><span class='ocrx_word' id='word_1_594' title='bbox 1077 3032 1115 3037; x_wconf 86' lang='grc'>-</span> <span class='ocrx_word' id='word_1_595' title='bbox 1147 3015 1215 3047; x_wconf 70' lang='lat' dir='ltr'>Nec</span> <span class='ocrx_word' id='word_1_596' title='bbox 1231 3016 1320 3049; x_wconf 79' lang='lat' dir='ltr'>cedit</span> <span class='ocrx_word' id='word_1_597' title='bbox 1339 3016 1461 3048; x_wconf 82' lang='lat' dir='ltr'>honori</span> <span class='ocrx_word' id='word_1_598' title='bbox 1483 3018 1504 3046; x_wconf 88' lang='lat' dir='ltr'>i.</span> <span class='ocrx_word' id='word_1_599' title='bbox 1529 3026 1555 3046; x_wconf 87' lang='lat' dir='ltr'>e.</span> <span class='ocrx_word' id='word_1_600' title='bbox 1581 3022 1692 3055; x_wconf 72' lang='lat' dir='ltr'>„tanta</span> <span class='ocrx_word' id='word_1_601' title='bbox 1716 3020 1767 3048; x_wconf 84' lang='lat' dir='ltr'>dat</span> <span class='ocrx_word' id='word_1_602' title='bbox 1794 3027 1863 3049; x_wconf 86' lang='lat' dir='ltr'>mu-</span> 
     </span>
    </p>
   </div>
  </div>
 </body>
</html>
