<?xml version="1.0" encoding="UTF-8"?>
<!DOCTYPE html PUBLIC "-//W3C//DTD XHTML 1.0 Transitional//EN"
    "http://www.w3.org/TR/xhtml1/DTD/xhtml1-transitional.dtd">
<html xmlns="http://www.w3.org/1999/xhtml" xml:lang="en" lang="en">
 <head>
  <title>
</title>
<meta http-equiv="Content-Type" content="text/html;charset=utf-8" />
  <meta name='ocr-system' content='tesseract 3.04.00' />
  <meta name='ocr-capabilities' content='ocr_page ocr_carea ocr_par ocr_line ocrx_word'/>
</head>
<body>
  <div class='ocr_page' id='page_1' title='image "aeneisvi00virguoft_0237.png"; bbox 0 0 2023 3350; ppageno 0'>
   <div class='ocr_carea' id='block_1_1' title="bbox 0 52 5 818">
    <p class='ocr_par' dir='ltr' id='par_1_1' title="bbox 0 52 5 818">
     <span class='ocr_line' id='line_1_1' title="bbox 0 52 5 818; baseline 0 0"><span class='ocrx_word' id='word_1_1' title='bbox 0 52 5 818; x_wconf 95' lang='lat' dir='ltr'> </span> 
     </span>
    </p>
   </div>
   <div class='ocr_carea' id='block_1_2' title="bbox 693 110 1135 150">
    <p class='ocr_par' dir='ltr' id='par_1_2' title="bbox 693 110 1135 150">
     <span class='ocr_line' id='line_1_2' title="bbox 693 110 1135 150; baseline 0.005 -7"><span class='ocrx_word' id='word_1_2' title='bbox 693 110 930 144; x_wconf 86' lang='lat' dir='ltr'><strong>AENEIDOS</strong></span> <span class='ocrx_word' id='word_1_3' title='bbox 965 113 1047 145; x_wconf 84' lang='lat' dir='ltr'><strong>LIB.</strong></span> <span class='ocrx_word' id='word_1_4' title='bbox 1077 114 1135 150; x_wconf 77' lang='lat' dir='ltr'>tv,</span> 
     </span>
    </p>
   </div>
   <div class='ocr_carea' id='block_1_3' title="bbox 1654 118 1734 157">
    <p class='ocr_par' dir='ltr' id='par_1_3' title="bbox 1654 118 1734 157">
     <span class='ocr_line' id='line_1_3' title="bbox 1654 118 1734 157; baseline 0.025 -2"><span class='ocrx_word' id='word_1_5' title='bbox 1654 118 1734 157; x_wconf 86' lang='lat'>211</span> 
     </span>
    </p>
   </div>
   <div class='ocr_carea' id='block_1_4' title="bbox 89 221 1397 449">
    <p class='ocr_par' dir='ltr' id='par_1_4' title="bbox 89 221 1397 449">
     <span class='ocr_line' id='line_1_4' title="bbox 89 221 1397 279; baseline 0.005 -18"><span class='ocrx_word' id='word_1_6' title='bbox 89 221 279 263; x_wconf 89' lang='lat' dir='ltr'>Invisam</span> <span class='ocrx_word' id='word_1_7' title='bbox 316 236 527 276; x_wconf 82' lang='lat' dir='ltr'>quaerens</span> <span class='ocrx_word' id='word_1_8' title='bbox 567 237 696 277; x_wconf 83' lang='lat' dir='ltr'>quam</span> <span class='ocrx_word' id='word_1_9' title='bbox 729 223 915 278; x_wconf 89' lang='lat' dir='ltr'>primum</span> <span class='ocrx_word' id='word_1_10' title='bbox 955 225 1212 279; x_wconf 85' lang='lat' dir='ltr'>abrumpere</span> <span class='ocrx_word' id='word_1_11' title='bbox 1248 227 1397 268; x_wconf 89' lang='lat' dir='ltr'>lucem.</span> 
     </span>
     <span class='ocr_line' id='line_1_5' title="bbox 89 279 1300 337; baseline 0.006 -18"><span class='ocrx_word' id='word_1_12' title='bbox 89 279 195 320; x_wconf 90' lang='lat' dir='ltr'>Tum</span> <span class='ocrx_word' id='word_1_13' title='bbox 234 279 420 321; x_wconf 88' lang='lat' dir='ltr'>breviter</span> <span class='ocrx_word' id='word_1_14' title='bbox 451 280 618 322; x_wconf 79' lang='lat' dir='ltr'>Barcen</span> <span class='ocrx_word' id='word_1_15' title='bbox 659 282 869 323; x_wconf 89' lang='lat' dir='ltr'>nutricem</span> <span class='ocrx_word' id='word_1_16' title='bbox 907 281 1057 324; x_wconf 77' lang='lat' dir='ltr'>adfata</span> <span class='ocrx_word' id='word_1_17' title='bbox 1100 283 1300 337; x_wconf 67' lang='lat' dir='ltr'>Sychaei3</span> 
     </span>
     <span class='ocr_line' id='line_1_6' title="bbox 89 336 1355 391; baseline 0.006 -15"><span class='ocrx_word' id='word_1_18' title='bbox 89 336 286 388; x_wconf 80' lang='lat' dir='ltr'>Namque</span> <span class='ocrx_word' id='word_1_19' title='bbox 322 350 443 378; x_wconf 87' lang='lat' dir='ltr'>suam</span> <span class='ocrx_word' id='word_1_20' title='bbox 475 338 621 390; x_wconf 85' lang='lat' dir='ltr'>patria</span> <span class='ocrx_word' id='word_1_21' title='bbox 656 339 839 391; x_wconf 86' lang='lat' dir='ltr'>antiqua</span> <span class='ocrx_word' id='word_1_22' title='bbox 876 339 981 381; x_wconf 87' lang='lat' dir='ltr'>cinis</span> <span class='ocrx_word' id='word_1_23' title='bbox 1016 344 1111 381; x_wconf 86' lang='lat' dir='ltr'>ater</span> <span class='ocrx_word' id='word_1_24' title='bbox 1147 340 1355 383; x_wconf 87' lang='lat' dir='ltr'>habebat:</span> 
     </span>
     <span class='ocr_line' id='line_1_7' title="bbox 89 394 1235 449; baseline 0.005 -16"><span class='ocrx_word' id='word_1_25' title='bbox 89 394 257 434; x_wconf 86' lang='lat' dir='ltr'><strong>Annam</strong></span> <span class='ocrx_word' id='word_1_26' title='bbox 292 407 395 436; x_wconf 84' lang='lat' dir='ltr'>cara</span> <span class='ocrx_word' id='word_1_27' title='bbox 432 394 536 435; x_wconf 88' lang='lat' dir='ltr'>mihi</span> <span class='ocrx_word' id='word_1_28' title='bbox 577 395 724 436; x_wconf 81' lang='lat' dir='ltr'>nutrix</span> <span class='ocrx_word' id='word_1_29' title='bbox 759 396 842 438; x_wconf 92' lang='lat' dir='ltr'>huc</span> <span class='ocrx_word' id='word_1_30' title='bbox 876 397 980 438; x_wconf 89' lang='lat' dir='ltr'>siste</span> <span class='ocrx_word' id='word_1_31' title='bbox 1020 411 1235 449; x_wconf 81' lang='lat' dir='ltr'>sororem3</span> 
     </span>
    </p>
   </div>
   <div class='ocr_carea' id='block_1_5' title="bbox 89 450 1259 508">
    <p class='ocr_par' dir='ltr' id='par_1_5' title="bbox 89 450 1259 508">
     <span class='ocr_line' id='line_1_8' title="bbox 89 450 1259 508; baseline 0.003 -16"><span class='ocrx_word' id='word_1_32' title='bbox 89 450 170 492; x_wconf 84' lang='lat' dir='ltr'>Dic</span> <span class='ocrx_word' id='word_1_33' title='bbox 206 463 364 504; x_wconf 87' lang='lat' dir='ltr'>corpus</span> <span class='ocrx_word' id='word_1_34' title='bbox 399 456 605 505; x_wconf 75' lang='lat' dir='ltr'>properet</span> <span class='ocrx_word' id='word_1_35' title='bbox 640 452 804 494; x_wconf 86' lang='lat' dir='ltr'>fluviali</span> <span class='ocrx_word' id='word_1_36' title='bbox 842 467 1046 507; x_wconf 81' lang='lat' dir='ltr'>spargere</span> <span class='ocrx_word' id='word_1_37' title='bbox 1082 454 1259 508; x_wconf 85' lang='lat' dir='ltr'>lympha</span> 
     </span>
    </p>
   </div>
   <div class='ocr_carea' id='block_1_6' title="bbox 1655 458 1736 497">
    <p class='ocr_par' dir='ltr' id='par_1_6' title="bbox 1655 458 1736 497">
     <span class='ocr_line' id='line_1_9' title="bbox 1655 458 1736 497; baseline -0.012 0"><span class='ocrx_word' id='word_1_38' title='bbox 1655 458 1736 497; x_wconf 81' lang='lat'>635</span> 
     </span>
    </p>
   </div>
   <div class='ocr_carea' id='block_1_7' title="bbox 87 507 1299 737">
    <p class='ocr_par' dir='ltr' id='par_1_7' title="bbox 87 507 1299 737">
     <span class='ocr_line' id='line_1_10' title="bbox 89 507 1293 564; baseline 0.006 -17"><span class='ocrx_word' id='word_1_39' title='bbox 89 508 145 548; x_wconf 90' lang='lat' dir='ltr'>Et</span> <span class='ocrx_word' id='word_1_40' title='bbox 178 507 364 561; x_wconf 87' lang='lat' dir='ltr'>pecudes</span> <span class='ocrx_word' id='word_1_41' title='bbox 404 522 546 550; x_wconf 86' lang='lat' dir='ltr'>secum</span> <span class='ocrx_word' id='word_1_42' title='bbox 583 513 626 551; x_wconf 93' lang='lat' dir='ltr'>et</span> <span class='ocrx_word' id='word_1_43' title='bbox 667 514 912 553; x_wconf 87' lang='lat' dir='ltr'>monstrata</span> <span class='ocrx_word' id='word_1_44' title='bbox 943 512 1117 564; x_wconf 80' lang='lat' dir='ltr'>piacula</span> <span class='ocrx_word' id='word_1_45' title='bbox 1151 513 1293 554; x_wconf 86' lang='lat' dir='ltr'>ducat.</span> 
     </span>
     <span class='ocr_line' id='line_1_11' title="bbox 91 563 1299 622; baseline 0.004 -16"><span class='ocrx_word' id='word_1_46' title='bbox 91 563 160 606; x_wconf 84' lang='lat' dir='ltr'>Sic</span> <span class='ocrx_word' id='word_1_47' title='bbox 198 565 358 616; x_wconf 80' lang='lat' dir='ltr'>veniat,</span> <span class='ocrx_word' id='word_1_48' title='bbox 402 568 536 620; x_wconf 83' lang='lat' dir='ltr'>tuque</span> <span class='ocrx_word' id='word_1_49' title='bbox 574 567 669 621; x_wconf 84' lang='lat' dir='ltr'>ipsa</span> <span class='ocrx_word' id='word_1_50' title='bbox 707 568 780 621; x_wconf 86' lang='lat' dir='ltr'>pia</span> <span class='ocrx_word' id='word_1_51' title='bbox 818 571 915 622; x_wconf 80' lang='lat' dir='ltr'>tege</span> <span class='ocrx_word' id='word_1_52' title='bbox 948 573 1147 622; x_wconf 87' lang='lat' dir='ltr'>tempora</span> <span class='ocrx_word' id='word_1_53' title='bbox 1179 570 1299 612; x_wconf 84' lang='lat' dir='ltr'>vitta.</span> 
     </span>
     <span class='ocr_line' id='line_1_12' title="bbox 89 622 1251 680; baseline 0.003 -17"><span class='ocrx_word' id='word_1_54' title='bbox 89 622 222 663; x_wconf 83' lang='lat' dir='ltr'>Sacra</span> <span class='ocrx_word' id='word_1_55' title='bbox 256 622 349 664; x_wconf 89' lang='lat' dir='ltr'>Iovi</span> <span class='ocrx_word' id='word_1_56' title='bbox 392 623 564 677; x_wconf 79' lang='lat' dir='ltr'>Stygio,</span> <span class='ocrx_word' id='word_1_57' title='bbox 609 639 719 678; x_wconf 87' lang='lat' dir='ltr'>quae</span> <span class='ocrx_word' id='word_1_58' title='bbox 757 626 840 667; x_wconf 89' lang='lat' dir='ltr'>rite</span> <span class='ocrx_word' id='word_1_59' title='bbox 878 627 1052 680; x_wconf 83' lang='lat' dir='ltr'>incepta</span> <span class='ocrx_word' id='word_1_60' title='bbox 1091 627 1251 680; x_wconf 77' lang='lat' dir='ltr'>paravi,</span> 
     </span>
     <span class='ocr_line' id='line_1_13' title="bbox 87 678 1260 737; baseline 0.005 -18"><span class='ocrx_word' id='word_1_61' title='bbox 87 678 295 721; x_wconf 87' lang='lat' dir='ltr'>Perficere</span> <span class='ocrx_word' id='word_1_62' title='bbox 330 683 394 721; x_wconf 82' lang='lat' dir='ltr'>est</span> <span class='ocrx_word' id='word_1_63' title='bbox 429 682 596 723; x_wconf 81' lang='lat' dir='ltr'>animus</span> <span class='ocrx_word' id='word_1_64' title='bbox 638 682 850 736; x_wconf 83' lang='lat' dir='ltr'>finemque</span> <span class='ocrx_word' id='word_1_65' title='bbox 886 683 1106 737; x_wconf 83' lang='lat' dir='ltr'>imponere</span> <span class='ocrx_word' id='word_1_66' title='bbox 1146 684 1260 724; x_wconf 84' lang='lat' dir='ltr'>curis</span> 
     </span>
    </p>
   </div>
   <div class='ocr_carea' id='block_1_8' title="bbox 87 736 1294 849">
    <p class='ocr_par' dir='ltr' id='par_1_8' title="bbox 87 736 1294 849">
     <span class='ocr_line' id='line_1_14' title="bbox 87 736 1294 794; baseline 0.005 -18"><span class='ocrx_word' id='word_1_67' title='bbox 87 736 382 791; x_wconf 84' lang='lat' dir='ltr'>Dardaniique</span> <span class='ocrx_word' id='word_1_68' title='bbox 418 753 571 792; x_wconf 81' lang='lat' dir='ltr'>rogum</span> <span class='ocrx_word' id='word_1_69' title='bbox 608 740 762 793; x_wconf 86' lang='lat' dir='ltr'>capitis</span> <span class='ocrx_word' id='word_1_70' title='bbox 800 741 1050 794; x_wconf 73' lang='lat' dir='ltr'>permittere</span> <span class='ocrx_word' id='word_1_71' title='bbox 1086 741 1294 782; x_wconf 82' lang='lat' dir='ltr'>flammae.</span> 
     </span>
     <span class='ocr_line' id='line_1_15' title="bbox 327 795 1258 849; baseline 0.004 -14"><span class='ocrx_word' id='word_1_72' title='bbox 327 795 410 837; x_wconf 84' lang='lat' dir='ltr'>Illa</span> <span class='ocrx_word' id='word_1_73' title='bbox 442 796 624 849; x_wconf 83' lang='lat' dir='ltr'>gradum</span> <span class='ocrx_word' id='word_1_74' title='bbox 660 797 804 838; x_wconf 89' lang='lat' dir='ltr'>studio</span> <span class='ocrx_word' id='word_1_75' title='bbox 845 798 1065 839; x_wconf 72' lang='lat' dir='ltr'>celerabat</span> <span class='ocrx_word' id='word_1_76' title='bbox 1100 799 1258 839; x_wconf 79' lang='lat' dir='ltr'>anilem</span> 
     </span>
    </p>
   </div>
   <div class='ocr_carea' id='block_1_9' title="bbox 88 793 266 835">
    <p class='ocr_par' dir='ltr' id='par_1_9' title="bbox 88 793 266 835">
     <span class='ocr_line' id='line_1_16' title="bbox 88 793 266 835; baseline 0.006 -1"><span class='ocrx_word' id='word_1_77' title='bbox 88 793 157 835; x_wconf 85' lang='lat' dir='ltr'>Sic</span> <span class='ocrx_word' id='word_1_78' title='bbox 192 794 266 835; x_wconf 83' lang='lat' dir='ltr'>ait.</span> 
     </span>
    </p>
   </div>
   <div class='ocr_carea' id='block_1_10' title="bbox 1652 742 1735 781">
    <p class='ocr_par' dir='ltr' id='par_1_10' title="bbox 1652 742 1735 781">
     <span class='ocr_line' id='line_1_17' title="bbox 1652 742 1735 781; baseline 0.036 -4"><span class='ocrx_word' id='word_1_79' title='bbox 1652 742 1735 781; x_wconf 74' lang='lat'>640</span> 
     </span>
    </p>
   </div>
   <div class='ocr_carea' id='block_1_11' title="bbox 85 851 1331 1022">
    <p class='ocr_par' dir='ltr' id='par_1_11' title="bbox 85 851 1331 1022">
     <span class='ocr_line' id='line_1_18' title="bbox 89 851 1248 907; baseline 0.004 -16"><span class='ocrx_word' id='word_1_80' title='bbox 89 851 146 892; x_wconf 90' lang='lat' dir='ltr'>At</span> <span class='ocrx_word' id='word_1_81' title='bbox 185 851 357 904; x_wconf 87' lang='lat' dir='ltr'>trepida</span> <span class='ocrx_word' id='word_1_82' title='bbox 397 856 440 894; x_wconf 91' lang='lat' dir='ltr'>et</span> <span class='ocrx_word' id='word_1_83' title='bbox 475 854 638 907; x_wconf 91' lang='lat' dir='ltr'>coeptis</span> <span class='ocrx_word' id='word_1_84' title='bbox 671 854 930 896; x_wconf 78' lang='lat' dir='ltr'>immanibus</span> <span class='ocrx_word' id='word_1_85' title='bbox 965 854 1097 896; x_wconf 82' lang='lat' dir='ltr'>effera</span> <span class='ocrx_word' id='word_1_86' title='bbox 1136 855 1248 896; x_wconf 81' lang='lat' dir='ltr'>Dido</span> 
     </span>
     <span class='ocr_line' id='line_1_19' title="bbox 90 908 1331 965; baseline 0.002 -16"><span class='ocrx_word' id='word_1_87' title='bbox 90 908 381 962; x_wconf 79' lang='lat' dir='ltr'>Sanguineam</span> <span class='ocrx_word' id='word_1_88' title='bbox 417 911 588 952; x_wconf 88' lang='lat' dir='ltr'>volvens</span> <span class='ocrx_word' id='word_1_89' title='bbox 621 912 758 953; x_wconf 86' lang='lat' dir='ltr'>aciem</span> <span class='ocrx_word' id='word_1_90' title='bbox 799 913 1066 965; x_wconf 79' lang='lat' dir='ltr'>maculisque</span> <span class='ocrx_word' id='word_1_91' title='bbox 1098 914 1331 954; x_wconf 85' lang='lat' dir='ltr'>trementes</span> 
     </span>
     <span class='ocr_line' id='line_1_20' title="bbox 85 965 1115 1022; baseline 0.004 -16"><span class='ocrx_word' id='word_1_92' title='bbox 85 965 304 1007; x_wconf 85' lang='lat' dir='ltr'>Interfusa</span> <span class='ocrx_word' id='word_1_93' title='bbox 341 980 471 1019; x_wconf 80' lang='lat' dir='ltr'>genas</span> <span class='ocrx_word' id='word_1_94' title='bbox 508 972 551 1010; x_wconf 93' lang='lat' dir='ltr'>et</span> <span class='ocrx_word' id='word_1_95' title='bbox 587 968 753 1022; x_wconf 82' lang='lat' dir='ltr'>pallida</span> <span class='ocrx_word' id='word_1_96' title='bbox 786 972 924 1010; x_wconf 88' lang='lat' dir='ltr'>morte</span> <span class='ocrx_word' id='word_1_97' title='bbox 966 969 1115 1010; x_wconf 80' lang='lat' dir='ltr'>futura</span> 
     </span>
    </p>
   </div>
   <div class='ocr_carea' id='block_1_12' title="bbox 86 1023 1134 1080">
    <p class='ocr_par' dir='ltr' id='par_1_12' title="bbox 86 1023 1134 1080">
     <span class='ocr_line' id='line_1_21' title="bbox 86 1023 1134 1080; baseline 0.002 -16"><span class='ocrx_word' id='word_1_98' title='bbox 86 1023 299 1065; x_wconf 84' lang='lat' dir='ltr'>Interiora</span> <span class='ocrx_word' id='word_1_99' title='bbox 333 1024 483 1067; x_wconf 87' lang='lat' dir='ltr'>domus</span> <span class='ocrx_word' id='word_1_100' title='bbox 520 1026 731 1080; x_wconf 87' lang='lat' dir='ltr'>inrumpit</span> <span class='ocrx_word' id='word_1_101' title='bbox 765 1026 915 1068; x_wconf 86' lang='lat' dir='ltr'>limina</span> <span class='ocrx_word' id='word_1_102' title='bbox 947 1029 990 1067; x_wconf 90' lang='lat' dir='ltr'>et</span> <span class='ocrx_word' id='word_1_103' title='bbox 1021 1026 1134 1067; x_wconf 85' lang='lat' dir='ltr'>altos</span> 
     </span>
    </p>
   </div>
   <div class='ocr_carea' id='block_1_13' title="bbox 1653 1026 1736 1064">
    <p class='ocr_par' dir='ltr' id='par_1_13' title="bbox 1653 1026 1736 1064">
     <span class='ocr_line' id='line_1_22' title="bbox 1653 1026 1736 1064; baseline 0.012 -1"><span class='ocrx_word' id='word_1_104' title='bbox 1653 1026 1736 1064; x_wconf 76' lang='lat'>645</span> 
     </span>
    </p>
   </div>
   <div class='ocr_carea' id='block_1_14' title="bbox 89 1080 1311 1193">
    <p class='ocr_par' dir='ltr' id='par_1_14' title="bbox 89 1080 1311 1193">
     <span class='ocr_line' id='line_1_23' title="bbox 89 1080 1283 1136; baseline -0.001 -15"><span class='ocrx_word' id='word_1_105' title='bbox 89 1080 347 1123; x_wconf 80' lang='lat' dir='ltr'>Conscendit</span> <span class='ocrx_word' id='word_1_106' title='bbox 384 1082 619 1124; x_wconf 84' lang='lat' dir='ltr'>furibunda</span> <span class='ocrx_word' id='word_1_107' title='bbox 656 1096 785 1136; x_wconf 83' lang='lat' dir='ltr'>rogos</span> <span class='ocrx_word' id='word_1_108' title='bbox 822 1096 1050 1136; x_wconf 83' lang='lat' dir='ltr'>ensemque</span> <span class='ocrx_word' id='word_1_109' title='bbox 1096 1080 1283 1123; x_wconf 83' lang='lat' dir='ltr'>recludit</span> 
     </span>
     <span class='ocr_line' id='line_1_24' title="bbox 89 1137 1311 1193; baseline -0.002 -14"><span class='ocrx_word' id='word_1_110' title='bbox 89 1137 378 1190; x_wconf 82' lang='lat' dir='ltr'>Dardanium,</span> <span class='ocrx_word' id='word_1_111' title='bbox 417 1153 500 1180; x_wconf 88' lang='lat' dir='ltr'>non</span> <span class='ocrx_word' id='word_1_112' title='bbox 536 1140 614 1180; x_wconf 87' lang='lat' dir='ltr'>hos</span> <span class='ocrx_word' id='word_1_113' title='bbox 646 1140 889 1193; x_wconf 85' lang='lat' dir='ltr'>quaesitum</span> <span class='ocrx_word' id='word_1_114' title='bbox 927 1154 1079 1181; x_wconf 81' lang='lat' dir='ltr'>munus</span> <span class='ocrx_word' id='word_1_115' title='bbox 1116 1139 1160 1179; x_wconf 90' lang='lat' dir='ltr'>in</span> <span class='ocrx_word' id='word_1_116' title='bbox 1197 1150 1311 1178; x_wconf 81' lang='lat' dir='ltr'>usus.</span> 
     </span>
    </p>
   </div>
   <div class='ocr_carea' id='block_1_15' title="bbox 85 1298 891 1703">
    <p class='ocr_par' dir='ltr' id='par_1_15' title="bbox 85 1298 889 1478">
     <span class='ocr_line' id='line_1_25' title="bbox 132 1298 885 1341; baseline 0.003 -12"><span class='ocrx_word' id='word_1_117' title='bbox 132 1298 208 1330; x_wconf 81' lang='lat'><strong>631.</strong></span> <span class='ocrx_word' id='word_1_118' title='bbox 238 1299 450 1341; x_wconf 79' lang='lat' dir='ltr'>Abrumpere</span> <span class='ocrx_word' id='word_1_119' title='bbox 477 1299 586 1331; x_wconf 85' lang='lat' dir='ltr'>lucem</span> <span class='ocrx_word' id='word_1_120' title='bbox 612 1307 647 1331; x_wconf 86' lang='lat' dir='ltr'>ut</span> <span class='ocrx_word' id='word_1_121' title='bbox 671 1300 703 1339; x_wconf 79' lang='grc'>8,</span> <span class='ocrx_word' id='word_1_122' title='bbox 724 1300 789 1330; x_wconf 84' lang='grc'>579</span> <span class='ocrx_word' id='word_1_123' title='bbox 812 1299 885 1332; x_wconf 85' lang='lat' dir='ltr'>abr.</span> 
     </span>
     <span class='ocr_line' id='line_1_26' title="bbox 92 1344 888 1388; baseline 0.003 -13"><span class='ocrx_word' id='word_1_124' title='bbox 92 1344 214 1375; x_wconf 80' lang='lat' dir='ltr'>vitam.</span> <span class='ocrx_word' id='word_1_125' title='bbox 265 1347 312 1376; x_wconf 86' lang='lat' dir='ltr'><strong>Cf.</strong></span> <span class='ocrx_word' id='word_1_126' title='bbox 345 1349 402 1376; x_wconf 87' lang='lat' dir='ltr'>Sil.</span> <span class='ocrx_word' id='word_1_127' title='bbox 434 1346 469 1385; x_wconf 83' lang='grc'>2,</span> <span class='ocrx_word' id='word_1_128' title='bbox 495 1346 561 1376; x_wconf 80' lang='grc'>593</span> <span class='ocrx_word' id='word_1_129' title='bbox 599 1345 806 1388; x_wconf 84' lang='lat' dir='ltr'>abrumpere</span> <span class='ocrx_word' id='word_1_130' title='bbox 837 1345 888 1377; x_wconf 85' lang='lat' dir='ltr'>vi-</span> 
     </span>
     <span class='ocr_line' id='line_1_27' title="bbox 85 1389 889 1434; baseline 0 -12"><span class='ocrx_word' id='word_1_131' title='bbox 85 1394 156 1422; x_wconf 82' lang='lat' dir='ltr'>tam</span> <span class='ocrx_word' id='word_1_132' title='bbox 185 1389 281 1422; x_wconf 81' lang='lat' dir='ltr'>ocius</span> <span class='ocrx_word' id='word_1_133' title='bbox 309 1390 454 1423; x_wconf 66' lang='lat' dir='ltr'>attoniti</span> <span class='ocrx_word' id='word_1_134' title='bbox 483 1396 676 1433; x_wconf 71' lang='lat' dir='ltr'>quaerunt,</span> <span class='ocrx_word' id='word_1_135' title='bbox 710 1391 889 1434; x_wconf 83' lang='lat' dir='ltr'>lucemque</span> 
     </span>
     <span class='ocr_line' id='line_1_28' title="bbox 88 1440 305 1478; baseline -0.005 -13"><span class='ocrx_word' id='word_1_136' title='bbox 88 1440 305 1478; x_wconf 78' lang='lat' dir='ltr'>gravantur.</span> 
     </span>
    </p>

    <p class='ocr_par' dir='ltr' id='par_1_16' title="bbox 86 1481 891 1703">
     <span class='ocr_line' id='line_1_29' title="bbox 132 1481 887 1521; baseline 0.003 -11"><span class='ocrx_word' id='word_1_137' title='bbox 132 1481 208 1512; x_wconf 85' lang='lat'><strong>633.</strong></span> <span class='ocrx_word' id='word_1_138' title='bbox 235 1484 297 1513; x_wconf 85' lang='lat' dir='ltr'>Hic</span> <span class='ocrx_word' id='word_1_139' title='bbox 325 1491 461 1520; x_wconf 82' lang='lat' dir='ltr'>versus,</span> <span class='ocrx_word' id='word_1_140' title='bbox 499 1491 519 1512; x_wconf 87' lang='lat' dir='ltr'>a</span> <span class='ocrx_word' id='word_1_141' title='bbox 548 1484 715 1513; x_wconf 82' lang='lat' dir='ltr'>nonnullis</span> <span class='ocrx_word' id='word_1_142' title='bbox 755 1484 887 1521; x_wconf 73' lang='lat' dir='ltr'>eiectus,</span> 
     </span>
     <span class='ocr_line' id='line_1_30' title="bbox 87 1529 888 1565; baseline 0.001 -8"><span class='ocrx_word' id='word_1_143' title='bbox 87 1531 203 1557; x_wconf 81' lang='lat' dir='ltr'>abesse</span> <span class='ocrx_word' id='word_1_144' title='bbox 228 1529 349 1564; x_wconf 79' lang='lat' dir='ltr'>nequit.</span> <span class='ocrx_word' id='word_1_145' title='bbox 399 1530 472 1557; x_wconf 86' lang='lat' dir='ltr'>Iure</span> <span class='ocrx_word' id='word_1_146' title='bbox 496 1530 583 1558; x_wconf 87' lang='lat' dir='ltr'>enim</span> <span class='ocrx_word' id='word_1_147' title='bbox 607 1530 791 1565; x_wconf 73' lang='lat' dir='ltr'>quaeritur,</span> <span class='ocrx_word' id='word_1_148' title='bbox 831 1538 888 1559; x_wconf 86' lang='lat' dir='ltr'>cur</span> 
     </span>
     <span class='ocr_line' id='line_1_31' title="bbox 88 1575 890 1604; baseline 0.001 -2"><span class='ocrx_word' id='word_1_149' title='bbox 88 1583 152 1603; x_wconf 90' lang='lat' dir='ltr'>non</span> <span class='ocrx_word' id='word_1_150' title='bbox 177 1582 271 1603; x_wconf 81' lang='lat' dir='ltr'>suam</span> <span class='ocrx_word' id='word_1_151' title='bbox 295 1575 453 1603; x_wconf 82' lang='lat' dir='ltr'>nutricem</span> <span class='ocrx_word' id='word_1_152' title='bbox 473 1584 582 1604; x_wconf 71' lang='lat' dir='ltr'>secum</span> <span class='ocrx_word' id='word_1_153' title='bbox 605 1578 731 1604; x_wconf 83' lang='lat' dir='ltr'>habeat.</span> <span class='ocrx_word' id='word_1_154' title='bbox 781 1576 890 1604; x_wconf 80' lang='lat' dir='ltr'>Nutri-</span> 
     </span>
     <span class='ocr_line' id='line_1_32' title="bbox 86 1621 891 1658; baseline 0 -9"><span class='ocrx_word' id='word_1_155' title='bbox 86 1628 159 1650; x_wconf 87' lang='lat' dir='ltr'>cum</span> <span class='ocrx_word' id='word_1_156' title='bbox 185 1625 293 1649; x_wconf 86' lang='lat' dir='ltr'>autem</span> <span class='ocrx_word' id='word_1_157' title='bbox 318 1622 402 1654; x_wconf 82' lang='lat' dir='ltr'>apud</span> <span class='ocrx_word' id='word_1_158' title='bbox 431 1621 582 1655; x_wconf 81' lang='lat' dir='ltr'>antiquos</span> <span class='ocrx_word' id='word_1_159' title='bbox 618 1629 757 1658; x_wconf 80' lang='lat' dir='ltr'>magnus</span> <span class='ocrx_word' id='word_1_160' title='bbox 789 1624 891 1649; x_wconf 77' lang='lat' dir='ltr'>honos</span> 
     </span>
     <span class='ocr_line' id='line_1_33' title="bbox 86 1662 891 1703; baseline 0.001 -9"><span class='ocrx_word' id='word_1_161' title='bbox 86 1670 154 1694; x_wconf 84' lang='lat' dir='ltr'>erat</span> <span class='ocrx_word' id='word_1_162' title='bbox 186 1666 225 1695; x_wconf 85' lang='lat' dir='ltr'>cf.</span> <span class='ocrx_word' id='word_1_163' title='bbox 253 1664 283 1703; x_wconf 79' lang='lat'>7,</span> <span class='ocrx_word' id='word_1_164' title='bbox 317 1662 343 1694; x_wconf 89' lang='lat' dir='ltr'>l.</span> <span class='ocrx_word' id='word_1_165' title='bbox 385 1681 423 1685; x_wconf 89' lang='lat'>—</span> <span class='ocrx_word' id='word_1_166' title='bbox 460 1674 570 1695; x_wconf 85' lang='lat' dir='ltr'>suam.</span> <span class='ocrx_word' id='word_1_167' title='bbox 622 1668 803 1695; x_wconf 83' lang='lat' dir='ltr'>Pronomen</span> <span class='ocrx_word' id='word_1_168' title='bbox 829 1675 891 1701; x_wconf 88' lang='lat' dir='ltr'>quo</span> 
     </span>
    </p>
   </div>
   <div class='ocr_carea' id='block_1_16' title="bbox 89 1710 890 1795">
    <p class='ocr_par' dir='ltr' id='par_1_17' title="bbox 89 1710 890 1795">
     <span class='ocr_line' id='line_1_34' title="bbox 90 1710 890 1748; baseline 0 -9"><span class='ocrx_word' id='word_1_169' title='bbox 90 1712 266 1747; x_wconf 81' lang='lat' dir='ltr'>referatur,</span> <span class='ocrx_word' id='word_1_170' title='bbox 298 1711 489 1747; x_wconf 72' lang='lat' dir='ltr'>intelligitur</span> <span class='ocrx_word' id='word_1_171' title='bbox 513 1721 554 1741; x_wconf 85' lang='lat' dir='ltr'>ex</span> <span class='ocrx_word' id='word_1_172' title='bbox 580 1713 735 1748; x_wconf 81' lang='lat' dir='ltr'>opposito.</span> <span class='ocrx_word' id='word_1_173' title='bbox 787 1712 833 1741; x_wconf 83' lang='lat' dir='ltr'><strong>Cf.</strong></span> <span class='ocrx_word' id='word_1_174' title='bbox 860 1710 890 1747; x_wconf 87' lang='grc'>3,</span> 
     </span>
     <span class='ocr_line' id='line_1_35' title="bbox 89 1754 890 1795; baseline 0.001 -11"><span class='ocrx_word' id='word_1_175' title='bbox 89 1754 165 1784; x_wconf 80' lang='lat'><strong>493.</strong></span> <span class='ocrx_word' id='word_1_176' title='bbox 191 1772 229 1776; x_wconf 90' lang='lat'>—</span> <span class='ocrx_word' id='word_1_177' title='bbox 264 1754 360 1785; x_wconf 78' lang='lat' dir='ltr'>Ciuis</span> <span class='ocrx_word' id='word_1_178' title='bbox 384 1759 459 1786; x_wconf 85' lang='lat' dir='ltr'>ater</span> <span class='ocrx_word' id='word_1_179' title='bbox 480 1754 582 1786; x_wconf 81' lang='lat' dir='ltr'>habet</span> <span class='ocrx_word' id='word_1_180' title='bbox 608 1760 796 1795; x_wconf 76' lang='lat' dir='ltr'>mortuum,</span> <span class='ocrx_word' id='word_1_181' title='bbox 822 1758 841 1786; x_wconf 92' lang='lat' dir='ltr'>i.</span> <span class='ocrx_word' id='word_1_182' title='bbox 863 1766 890 1786; x_wconf 84' lang='lat' dir='ltr'>e.</span> 
     </span>
    </p>
   </div>
   <div class='ocr_carea' id='block_1_17' title="bbox 89 1803 899 3061">
    <p class='ocr_par' dir='ltr' id='par_1_18' title="bbox 89 1803 771 1838">
     <span class='ocr_line' id='line_1_36' title="bbox 89 1803 771 1838; baseline 0.001 -8"><span class='ocrx_word' id='word_1_183' title='bbox 89 1803 192 1831; x_wconf 85' lang='lat' dir='ltr'>cineri</span> <span class='ocrx_word' id='word_1_184' title='bbox 219 1803 304 1831; x_wconf 82' lang='lat' dir='ltr'>inest</span> <span class='ocrx_word' id='word_1_185' title='bbox 330 1803 440 1831; x_wconf 85' lang='lat' dir='ltr'>anima</span> <span class='ocrx_word' id='word_1_186' title='bbox 462 1804 606 1838; x_wconf 76' lang='lat' dir='ltr'>eorporis</span> <span class='ocrx_word' id='word_1_187' title='bbox 629 1804 771 1833; x_wconf 84' lang='lat' dir='ltr'>cremati.</span> 
     </span>
    </p>

    <p class='ocr_par' dir='ltr' id='par_1_19' title="bbox 91 1844 893 1979">
     <span class='ocr_line' id='line_1_37' title="bbox 135 1844 893 1886; baseline 0.003 -11"><span class='ocrx_word' id='word_1_188' title='bbox 135 1845 211 1876; x_wconf 77' lang='lat'><strong>634.</strong></span> <span class='ocrx_word' id='word_1_189' title='bbox 244 1844 333 1876; x_wconf 80' lang='lat' dir='ltr'>Mihi</span> <span class='ocrx_word' id='word_1_190' title='bbox 350 1849 391 1876; x_wconf 84' lang='lat' dir='ltr'>ad</span> <span class='ocrx_word' id='word_1_191' title='bbox 409 1846 490 1877; x_wconf 77' lang='lat' dir='ltr'>siste</span> <span class='ocrx_word' id='word_1_192' title='bbox 511 1851 634 1886; x_wconf 74' lang='lat' dir='ltr'>trahas,</span> <span class='ocrx_word' id='word_1_193' title='bbox 653 1858 715 1877; x_wconf 85' lang='lat' dir='ltr'>non</span> <span class='ocrx_word' id='word_1_194' title='bbox 733 1850 774 1878; x_wconf 87' lang='lat' dir='ltr'>ad</span> <span class='ocrx_word' id='word_1_195' title='bbox 797 1856 893 1877; x_wconf 85' lang='lat' dir='ltr'>cara.</span> 
     </span>
     <span class='ocr_line' id='line_1_38' title="bbox 91 1889 892 1931; baseline 0.002 -10"><span class='ocrx_word' id='word_1_196' title='bbox 91 1908 129 1913; x_wconf 91' lang='lat'>—</span> <span class='ocrx_word' id='word_1_197' title='bbox 168 1890 244 1921; x_wconf 82' lang='lat' dir='ltr'>Huc</span> <span class='ocrx_word' id='word_1_198' title='bbox 280 1889 380 1929; x_wconf 82' lang='lat' dir='ltr'>siste,</span> <span class='ocrx_word' id='word_1_199' title='bbox 419 1896 502 1929; x_wconf 74' lang='lat' dir='ltr'>„liuc</span> <span class='ocrx_word' id='word_1_200' title='bbox 527 1896 646 1931; x_wconf 85' lang='lat' dir='ltr'>adduc,</span> <span class='ocrx_word' id='word_1_201' title='bbox 683 1898 718 1923; x_wconf 88' lang='lat' dir='ltr'>ut</span> <span class='ocrx_word' id='word_1_202' title='bbox 750 1893 802 1931; x_wconf 76' lang='lat' dir='ltr'>(S,</span> <span class='ocrx_word' id='word_1_203' title='bbox 827 1893 892 1930; x_wconf 79' lang='lat'>85)</span> 
     </span>
     <span class='ocr_line' id='line_1_39' title="bbox 93 1936 796 1979; baseline 0.001 -12"><span class='ocrx_word' id='word_1_204' title='bbox 93 1936 139 1967; x_wconf 81' lang='lat' dir='ltr'>Et</span> <span class='ocrx_word' id='word_1_205' title='bbox 165 1947 239 1966; x_wconf 87' lang='lat' dir='ltr'>cum</span> <span class='ocrx_word' id='word_1_206' title='bbox 267 1946 381 1979; x_wconf 71' lang='lat' dir='ltr'>grege</span> <span class='ocrx_word' id='word_1_207' title='bbox 404 1937 496 1967; x_wconf 79' lang='lat' dir='ltr'>sistit</span> <span class='ocrx_word' id='word_1_208' title='bbox 524 1937 570 1967; x_wconf 80' lang='lat' dir='ltr'>ml</span> <span class='ocrx_word' id='word_1_209' title='bbox 598 1939 739 1970; x_wconf 79' lang='lat' dir='ltr'>aram.“</span> <span class='ocrx_word' id='word_1_210' title='bbox 765 1943 796 1968; x_wconf 88' lang='lat' dir='ltr'>S.</span> 
     </span>
    </p>

    <p class='ocr_par' dir='ltr' id='par_1_20' title="bbox 90 1981 894 2249">
     <span class='ocr_line' id='line_1_40' title="bbox 136 1981 891 2023; baseline 0.003 -12"><span class='ocrx_word' id='word_1_211' title='bbox 136 1981 212 2012; x_wconf 79' lang='lat'><strong>635.</strong></span> <span class='ocrx_word' id='word_1_212' title='bbox 244 1982 424 2023; x_wconf 62' lang='lat' dir='ltr'>Spargere</span> <span class='ocrx_word' id='word_1_213' title='bbox 450 1992 505 2018; x_wconf 80' lang='lat' dir='ltr'>pro</span> <span class='ocrx_word' id='word_1_214' title='bbox 529 1993 741 2021; x_wconf 79' lang='lat' dir='ltr'>conspergere</span> <span class='ocrx_word' id='word_1_215' title='bbox 773 1989 806 2014; x_wconf 86' lang='lat' dir='ltr'>ut</span> <span class='ocrx_word' id='word_1_216' title='bbox 838 1983 891 2013; x_wconf 73' lang='lat'>20.</span> 
     </span>
     <span class='ocr_line' id='line_1_41' title="bbox 91 2026 893 2066; baseline 0 -9"><span class='ocrx_word' id='word_1_217' title='bbox 91 2027 167 2058; x_wconf 80' lang='lat'><strong>665.</strong></span> <span class='ocrx_word' id='word_1_218' title='bbox 203 2026 234 2065; x_wconf 88' lang='grc'>7,</span> <span class='ocrx_word' id='word_1_219' title='bbox 262 2026 338 2057; x_wconf 72' lang='lat'><strong>75⁴.</strong></span> <span class='ocrx_word' id='word_1_220' title='bbox 364 2027 396 2065; x_wconf 68' lang='grc' dir='ltr'>ὅ,</span> <span class='ocrx_word' id='word_1_221' title='bbox 419 2028 494 2058; x_wconf 71' lang='grc'><strong>645.</strong></span> <span class='ocrx_word' id='word_1_222' title='bbox 522 2028 574 2066; x_wconf 88' lang='grc'>11,</span> <span class='ocrx_word' id='word_1_223' title='bbox 597 2028 650 2058; x_wconf 72' lang='grc'>82.</span> <span class='ocrx_word' id='word_1_224' title='bbox 678 2032 736 2059; x_wconf 89' lang='lat' dir='ltr'><strong>Ov.</strong></span> <span class='ocrx_word' id='word_1_225' title='bbox 763 2033 836 2059; x_wconf 81' lang='lat' dir='ltr'>Met.</span> <span class='ocrx_word' id='word_1_226' title='bbox 862 2028 893 2065; x_wconf 85' lang='grc'>7,</span> 
     </span>
     <span class='ocr_line' id='line_1_42' title="bbox 91 2072 894 2115; baseline 0.002 -13"><span class='ocrx_word' id='word_1_227' title='bbox 91 2073 167 2103; x_wconf 72' lang='lat'><strong>415.</strong></span> <span class='ocrx_word' id='word_1_228' title='bbox 193 2072 270 2102; x_wconf 78' lang='lat'><strong>845.</strong></span> <span class='ocrx_word' id='word_1_229' title='bbox 308 2075 384 2103; x_wconf 84' lang='lat' dir='ltr'>Hor.</span> <span class='ocrx_word' id='word_1_230' title='bbox 413 2075 519 2103; x_wconf 74' lang='lat' dir='ltr'>Carni.</span> <span class='ocrx_word' id='word_1_231' title='bbox 545 2073 576 2111; x_wconf 85' lang='grc'>2,</span> <span class='ocrx_word' id='word_1_232' title='bbox 604 2073 654 2111; x_wconf 89' lang='grc'>13,</span> <span class='ocrx_word' id='word_1_233' title='bbox 680 2074 697 2103; x_wconf 86' lang='grc'><strong>6</strong></span> <span class='ocrx_word' id='word_1_234' title='bbox 729 2078 894 2115; x_wconf 86' lang='lat' dir='ltr'>penetra-</span> 
     </span>
     <span class='ocr_line' id='line_1_43' title="bbox 90 2117 890 2158; baseline 0.003 -11"><span class='ocrx_word' id='word_1_235' title='bbox 90 2117 140 2148; x_wconf 85' lang='lat' dir='ltr'>lia</span> <span class='ocrx_word' id='word_1_236' title='bbox 169 2117 340 2158; x_wconf 79' lang='lat' dir='ltr'>sparsisse</span> <span class='ocrx_word' id='word_1_237' title='bbox 367 2128 500 2149; x_wconf 81' lang='lat' dir='ltr'>cruore.</span> <span class='ocrx_word' id='word_1_238' title='bbox 550 2121 696 2155; x_wconf 81' lang='lat' dir='ltr'>simplex</span> <span class='ocrx_word' id='word_1_239' title='bbox 721 2129 777 2155; x_wconf 80' lang='lat' dir='ltr'>pro</span> <span class='ocrx_word' id='word_1_240' title='bbox 803 2128 890 2149; x_wconf 89' lang='lat' dir='ltr'>com-</span> 
     </span>
     <span class='ocr_line' id='line_1_44' title="bbox 90 2162 891 2202; baseline 0 -8"><span class='ocrx_word' id='word_1_241' title='bbox 90 2166 194 2200; x_wconf 83' lang='lat' dir='ltr'>posito</span> <span class='ocrx_word' id='word_1_242' title='bbox 221 2165 260 2194; x_wconf 85' lang='lat' dir='ltr'>cf.</span> <span class='ocrx_word' id='word_1_243' title='bbox 282 2165 312 2202; x_wconf 85' lang='grc'>5,</span> <span class='ocrx_word' id='word_1_244' title='bbox 335 2162 408 2194; x_wconf 69' lang='lat'><strong>15⁴.</strong></span> <span class='ocrx_word' id='word_1_245' title='bbox 438 2182 475 2185; x_wconf 97' lang='lat'><strong>—</strong></span> <span class='ocrx_word' id='word_1_246' title='bbox 503 2167 590 2200; x_wconf 86' lang='lat' dir='ltr'>Quod</span> <span class='ocrx_word' id='word_1_247' title='bbox 616 2166 762 2195; x_wconf 80' lang='lat' dir='ltr'>fluvialis</span> <span class='ocrx_word' id='word_1_248' title='bbox 787 2173 891 2200; x_wconf 82' lang='lat' dir='ltr'>aquae</span> 
     </span>
     <span class='ocr_line' id='line_1_45' title="bbox 90 2209 657 2249; baseline 0 -10"><span class='ocrx_word' id='word_1_249' title='bbox 90 2211 123 2239; x_wconf 88' lang='lat' dir='ltr'>in</span> <span class='ocrx_word' id='word_1_250' title='bbox 149 2211 252 2240; x_wconf 82' lang='lat' dir='ltr'>saeris</span> <span class='ocrx_word' id='word_1_251' title='bbox 275 2219 357 2240; x_wconf 79' lang='lat' dir='ltr'>usus</span> <span class='ocrx_word' id='word_1_252' title='bbox 384 2216 433 2240; x_wconf 82' lang='lat' dir='ltr'>est</span> <span class='ocrx_word' id='word_1_253' title='bbox 461 2211 499 2241; x_wconf 88' lang='lat' dir='ltr'>cf.</span> <span class='ocrx_word' id='word_1_254' title='bbox 526 2209 556 2249; x_wconf 87' lang='grc'>2,</span> <span class='ocrx_word' id='word_1_255' title='bbox 580 2209 657 2240; x_wconf 81' lang='grc'><strong>719.</strong></span> 
     </span>
    </p>

    <p class='ocr_par' dir='ltr' id='par_1_21' title="bbox 92 2253 893 2338">
     <span class='ocr_line' id='line_1_46' title="bbox 138 2253 893 2293; baseline 0.001 -10"><span class='ocrx_word' id='word_1_256' title='bbox 138 2254 213 2284; x_wconf 84' lang='grc'><strong>636.</strong></span> <span class='ocrx_word' id='word_1_257' title='bbox 244 2253 414 2293; x_wconf 74' lang='lat' dir='ltr'>piacula,</span> <span class='ocrx_word' id='word_1_258' title='bbox 446 2259 642 2287; x_wconf 81' lang='lat' dir='ltr'>monstrata</span> <span class='ocrx_word' id='word_1_259' title='bbox 675 2264 696 2286; x_wconf 84' lang='lat' dir='ltr'>a</span> <span class='ocrx_word' id='word_1_260' title='bbox 728 2257 893 2286; x_wconf 80' lang='lat' dir='ltr'>sacerdote</span> 
     </span>
     <span class='ocr_line' id='line_1_47' title="bbox 92 2300 412 2338; baseline 0 -8"><span class='ocrx_word' id='word_1_261' title='bbox 92 2303 245 2338; x_wconf 85' lang='lat' dir='ltr'>Massyla</span> <span class='ocrx_word' id='word_1_262' title='bbox 270 2302 308 2331; x_wconf 86' lang='lat' dir='ltr'>cf.</span> <span class='ocrx_word' id='word_1_263' title='bbox 334 2300 412 2330; x_wconf 78' lang='lat'><strong>483.</strong></span> 
     </span>
    </p>

    <p class='ocr_par' dir='ltr' id='par_1_22' title="bbox 93 2344 893 2428">
     <span class='ocr_line' id='line_1_48' title="bbox 137 2344 893 2385; baseline 0 -10"><span class='ocrx_word' id='word_1_264' title='bbox 137 2345 213 2375; x_wconf 83' lang='lat'><strong>637.</strong></span> <span class='ocrx_word' id='word_1_265' title='bbox 244 2344 302 2376; x_wconf 79' lang='lat' dir='ltr'>Sic</span> <span class='ocrx_word' id='word_1_266' title='bbox 328 2345 449 2376; x_wconf 77' lang='lat' dir='ltr'>veniat</span> <span class='ocrx_word' id='word_1_267' title='bbox 478 2356 540 2385; x_wconf 74' lang='lat' dir='ltr'>„ne</span> <span class='ocrx_word' id='word_1_268' title='bbox 568 2348 799 2383; x_wconf 76' lang='lat' dir='ltr'>praemitteret,</span> <span class='ocrx_word' id='word_1_269' title='bbox 837 2350 893 2375; x_wconf 87' lang='lat' dir='ltr'>aut</span> 
     </span>
     <span class='ocr_line' id='line_1_49' title="bbox 93 2390 893 2428; baseline -0.001 -7"><span class='ocrx_word' id='word_1_270' title='bbox 93 2390 317 2428; x_wconf 71' lang='lat' dir='ltr'>praecetleret“</span> <span class='ocrx_word' id='word_1_271' title='bbox 338 2394 370 2421; x_wconf 89' lang='lat' dir='ltr'>S.</span> <span class='ocrx_word' id='word_1_272' title='bbox 393 2396 489 2427; x_wconf 84' lang='lat' dir='ltr'>atque</span> <span class='ocrx_word' id='word_1_273' title='bbox 512 2394 558 2422; x_wconf 87' lang='lat' dir='ltr'>ita</span> <span class='ocrx_word' id='word_1_274' title='bbox 580 2402 690 2423; x_wconf 82' lang='lat' dir='ltr'>necem</span> <span class='ocrx_word' id='word_1_275' title='bbox 716 2393 893 2428; x_wconf 81' lang='lat' dir='ltr'>impediret..</span> 
     </span>
    </p>

    <p class='ocr_par' dir='ltr' id='par_1_23' title="bbox 96 2435 893 2522">
     <span class='ocr_line' id='line_1_50' title="bbox 138 2435 893 2479; baseline 0.003 -14"><span class='ocrx_word' id='word_1_276' title='bbox 138 2436 213 2465; x_wconf 82' lang='lat'><strong>638.</strong></span> <span class='ocrx_word' id='word_1_277' title='bbox 241 2435 379 2476; x_wconf 84' lang='lat' dir='ltr'>incepta</span> <span class='ocrx_word' id='word_1_278' title='bbox 405 2438 444 2467; x_wconf 84' lang='lat' dir='ltr'>cf.</span> <span class='ocrx_word' id='word_1_279' title='bbox 471 2437 547 2467; x_wconf 75' lang='lat'><strong>504.</strong></span> <span class='ocrx_word' id='word_1_280' title='bbox 567 2454 605 2459; x_wconf 86' lang='lat'>—-</span> <span class='ocrx_word' id='word_1_281' title='bbox 633 2437 793 2479; x_wconf 84' lang='lat' dir='ltr'>Iuppiter</span> <span class='ocrx_word' id='word_1_282' title='bbox 811 2436 893 2477; x_wconf 78' lang='lat' dir='ltr'>Sty-</span> 
     </span>
     <span class='ocr_line' id='line_1_51' title="bbox 96 2479 598 2522; baseline 0.006 -12"><span class='ocrx_word' id='word_1_283' title='bbox 96 2479 182 2522; x_wconf 76' lang='lat' dir='ltr'>gius</span> <span class='ocrx_word' id='word_1_284' title='bbox 212 2483 305 2510; x_wconf 86' lang='lat' dir='ltr'>Pluto</span> <span class='ocrx_word' id='word_1_285' title='bbox 329 2486 378 2511; x_wconf 82' lang='lat' dir='ltr'>est</span> <span class='ocrx_word' id='word_1_286' title='bbox 401 2483 440 2513; x_wconf 86' lang='lat' dir='ltr'>cf.</span> <span class='ocrx_word' id='word_1_287' title='bbox 465 2481 494 2521; x_wconf 89' lang='grc'>6,</span> <span class='ocrx_word' id='word_1_288' title='bbox 525 2482 598 2513; x_wconf 83' lang='grc'><strong>138.</strong></span> 
     </span>
    </p>

    <p class='ocr_par' dir='ltr' id='par_1_24' title="bbox 96 2525 895 2608">
     <span class='ocr_line' id='line_1_52' title="bbox 140 2525 895 2568; baseline 0.003 -14"><span class='ocrx_word' id='word_1_289' title='bbox 140 2525 214 2555; x_wconf 68' lang='grc'><strong>640.</strong></span> <span class='ocrx_word' id='word_1_290' title='bbox 245 2525 384 2567; x_wconf 77' lang='lat' dir='ltr'>Regum</span> <span class='ocrx_word' id='word_1_291' title='bbox 404 2525 583 2557; x_wconf 81' lang='lat' dir='ltr'>Dardanii</span> <span class='ocrx_word' id='word_1_292' title='bbox 604 2526 733 2568; x_wconf 81' lang='lat' dir='ltr'>capitis</span> <span class='ocrx_word' id='word_1_293' title='bbox 755 2532 814 2565; x_wconf 74' lang='lat' dir='ltr'>est.</span> <span class='ocrx_word' id='word_1_294' title='bbox 841 2529 895 2566; x_wconf 72' lang='lat' dir='ltr'>„in</span> 
     </span>
     <span class='ocr_line' id='line_1_53' title="bbox 96 2572 780 2608; baseline -0.001 -6"><span class='ocrx_word' id='word_1_295' title='bbox 96 2581 157 2607; x_wconf 87' lang='lat' dir='ltr'>quo</span> <span class='ocrx_word' id='word_1_296' title='bbox 185 2572 256 2600; x_wconf 83' lang='lat' dir='ltr'>eius</span> <span class='ocrx_word' id='word_1_297' title='bbox 282 2573 387 2608; x_wconf 77' lang='lat' dir='ltr'>imago</span> <span class='ocrx_word' id='word_1_298' title='bbox 411 2572 548 2601; x_wconf 77' lang='lat' dir='ltr'>fuerat.“</span> <span class='ocrx_word' id='word_1_299' title='bbox 572 2576 603 2602; x_wconf 86' lang='lat' dir='ltr'><strong>S.</strong></span> <span class='ocrx_word' id='word_1_300' title='bbox 638 2575 676 2603; x_wconf 84' lang='lat' dir='ltr'>cf.</span> <span class='ocrx_word' id='word_1_301' title='bbox 703 2573 780 2602; x_wconf 66' lang='lat'><strong>508.</strong></span> 
     </span>
    </p>

    <p class='ocr_par' dir='ltr' id='par_1_25' title="bbox 93 2615 899 3061">
     <span class='ocr_line' id='line_1_54' title="bbox 141 2615 894 2655; baseline 0.003 -10"><span class='ocrx_word' id='word_1_302' title='bbox 141 2615 217 2646; x_wconf 74' lang='lat'><strong>641.</strong></span> <span class='ocrx_word' id='word_1_303' title='bbox 245 2619 285 2646; x_wconf 81' lang='lat' dir='ltr'><strong>V.</strong></span> <span class='ocrx_word' id='word_1_304' title='bbox 303 2620 482 2653; x_wconf 78' lang='lat' dir='ltr'>„obscurus</span> <span class='ocrx_word' id='word_1_305' title='bbox 508 2623 538 2647; x_wconf 83' lang='lat' dir='ltr'>et</span> <span class='ocrx_word' id='word_1_306' title='bbox 552 2620 692 2655; x_wconf 75' lang='lat' dir='ltr'>Virgilio</span> <span class='ocrx_word' id='word_1_307' title='bbox 719 2618 894 2655; x_wconf 72' lang='lat' dir='ltr'>indignus“</span> 
     </span>
     <span class='ocr_line' id='line_1_55' title="bbox 94 2660 896 2692; baseline 0 0"><span class='ocrx_word' id='word_1_308' title='bbox 94 2665 216 2692; x_wconf 82' lang='lat' dir='ltr'>deletur</span> <span class='ocrx_word' id='word_1_309' title='bbox 242 2671 262 2692; x_wconf 85' lang='lat' dir='ltr'>a</span> <span class='ocrx_word' id='word_1_310' title='bbox 292 2660 341 2691; x_wconf 55' lang='grc' dir='ltr'>Η.</span> <span class='ocrx_word' id='word_1_311' title='bbox 397 2661 524 2692; x_wconf 78' lang='lat' dir='ltr'>Studio</span> <span class='ocrx_word' id='word_1_312' title='bbox 549 2662 639 2692; x_wconf 84' lang='lat' dir='ltr'>anili</span> <span class='ocrx_word' id='word_1_313' title='bbox 670 2662 754 2692; x_wconf 88' lang='grc' dir='ltr'>ΜΙΡ</span> <span class='ocrx_word' id='word_1_314' title='bbox 788 2668 820 2692; x_wconf 89' lang='lat' dir='ltr'>ut</span> <span class='ocrx_word' id='word_1_315' title='bbox 851 2667 896 2692; x_wconf 89' lang='lat' dir='ltr'>te-</span> 
     </span>
     <span class='ocr_line' id='line_1_56' title="bbox 94 2706 897 2745; baseline 0 -8"><span class='ocrx_word' id='word_1_316' title='bbox 94 2713 197 2738; x_wconf 87' lang='lat' dir='ltr'>statur</span> <span class='ocrx_word' id='word_1_317' title='bbox 227 2706 294 2737; x_wconf 79' lang='lat' dir='ltr'>Hb.</span> <span class='ocrx_word' id='word_1_318' title='bbox 323 2709 366 2736; x_wconf 86' lang='lat' dir='ltr'>al.</span> <span class='ocrx_word' id='word_1_319' title='bbox 407 2717 484 2745; x_wconf 74' lang='lat' dir='ltr'>„pro</span> <span class='ocrx_word' id='word_1_320' title='bbox 509 2708 687 2745; x_wconf 65' lang='lat' dir='ltr'>industria,</span> <span class='ocrx_word' id='word_1_321' title='bbox 711 2716 775 2743; x_wconf 89' lang='lat' dir='ltr'>qua</span> <span class='ocrx_word' id='word_1_322' title='bbox 802 2713 897 2737; x_wconf 86' lang='lat' dir='ltr'>utun-</span> 
     </span>
     <span class='ocr_line' id='line_1_57' title="bbox 95 2751 896 2793; baseline -0.001 -10"><span class='ocrx_word' id='word_1_323' title='bbox 95 2758 144 2783; x_wconf 89' lang='lat' dir='ltr'>tur</span> <span class='ocrx_word' id='word_1_324' title='bbox 169 2754 353 2784; x_wconf 75' lang='lat' dir='ltr'>aiiicttlae.“</span> <span class='ocrx_word' id='word_1_325' title='bbox 380 2755 411 2782; x_wconf 85' lang='lat' dir='ltr'><strong>S.</strong></span> <span class='ocrx_word' id='word_1_326' title='bbox 461 2754 515 2782; x_wconf 88' lang='lat' dir='ltr'>Sic</span> <span class='ocrx_word' id='word_1_327' title='bbox 546 2751 608 2782; x_wconf 83' lang='lat' dir='ltr'>Ld.</span> <span class='ocrx_word' id='word_1_328' title='bbox 637 2752 690 2782; x_wconf 79' lang='lat' dir='ltr'>Rb</span> <span class='ocrx_word' id='word_1_329' title='bbox 735 2769 779 2774; x_wconf 71' lang='lat'>—</span> <span class='ocrx_word' id='word_1_330' title='bbox 810 2762 896 2793; x_wconf 74' lang='lat' dir='ltr'>gra-</span> 
     </span>
     <span class='ocr_line' id='line_1_58' title="bbox 97 2797 898 2834; baseline 0 -6"><span class='ocrx_word' id='word_1_331' title='bbox 97 2798 179 2828; x_wconf 79' lang='lat' dir='ltr'>dum</span> <span class='ocrx_word' id='word_1_332' title='bbox 207 2797 337 2828; x_wconf 81' lang='lat' dir='ltr'>anilem</span> <span class='ocrx_word' id='word_1_333' title='bbox 372 2799 404 2827; x_wconf 89' lang='lat' dir='ltr'>in</span> <span class='ocrx_word' id='word_1_334' title='bbox 434 2799 565 2834; x_wconf 77' lang='lat' dir='ltr'>optimis</span> <span class='ocrx_word' id='word_1_335' title='bbox 589 2802 660 2834; x_wconf 84' lang='lat' dir='ltr'>post</span> <span class='ocrx_word' id='word_1_336' title='bbox 687 2801 729 2827; x_wconf 88' lang='grc' dir='ltr'>Μ.</span> <span class='ocrx_word' id='word_1_337' title='bbox 755 2807 828 2828; x_wconf 81' lang='lat' dir='ltr'>esse</span> <span class='ocrx_word' id='word_1_338' title='bbox 853 2804 898 2828; x_wconf 85' lang='lat' dir='ltr'>te-</span> 
     </span>
     <span class='ocr_line' id='line_1_59' title="bbox 99 2842 896 2885; baseline 0 -11"><span class='ocrx_word' id='word_1_339' title='bbox 99 2849 203 2874; x_wconf 86' lang='lat' dir='ltr'>statur</span> <span class='ocrx_word' id='word_1_340' title='bbox 245 2842 331 2885; x_wconf 81' lang='lat' dir='ltr'>Wg.</span> <span class='ocrx_word' id='word_1_341' title='bbox 380 2846 490 2880; x_wconf 83' lang='lat' dir='ltr'>Neque</span> <span class='ocrx_word' id='word_1_342' title='bbox 521 2847 581 2874; x_wconf 84' lang='lat' dir='ltr'>hoc</span> <span class='ocrx_word' id='word_1_343' title='bbox 612 2846 798 2873; x_wconf 86' lang='lat' dir='ltr'>absurdum.</span> <span class='ocrx_word' id='word_1_344' title='bbox 849 2845 896 2874; x_wconf 85' lang='lat' dir='ltr'><strong>Cf.</strong></span> 
     </span>
     <span class='ocr_line' id='line_1_60' title="bbox 93 2886 899 2930; baseline 0.001 -12"><span class='ocrx_word' id='word_1_345' title='bbox 93 2898 202 2929; x_wconf 84' lang='lat' dir='ltr'>passu</span> <span class='ocrx_word' id='word_1_346' title='bbox 225 2887 393 2929; x_wconf 83' lang='lat' dir='ltr'>processit</span> <span class='ocrx_word' id='word_1_347' title='bbox 426 2886 528 2919; x_wconf 86' lang='lat' dir='ltr'>anili.</span> <span class='ocrx_word' id='word_1_348' title='bbox 587 2887 742 2930; x_wconf 79' lang='lat' dir='ltr'>gradum</span> <span class='ocrx_word' id='word_1_349' title='bbox 768 2887 899 2919; x_wconf 79' lang='lat' dir='ltr'>anilem</span> 
     </span>
     <span class='ocr_line' id='line_1_61' title="bbox 98 2933 899 2973; baseline 0 -9"><span class='ocrx_word' id='word_1_350' title='bbox 98 2937 156 2965; x_wconf 89' lang='lat' dir='ltr'><strong>Ov.</strong></span> <span class='ocrx_word' id='word_1_351' title='bbox 181 2938 223 2963; x_wconf 88' lang='lat' dir='ltr'>M.</span> <span class='ocrx_word' id='word_1_352' title='bbox 255 2933 310 2973; x_wconf 84' lang='grc'>13,</span> <span class='ocrx_word' id='word_1_353' title='bbox 338 2933 415 2964; x_wconf 78' lang='grc'><strong>533.</strong></span> <span class='ocrx_word' id='word_1_354' title='bbox 465 2936 568 2964; x_wconf 84' lang='lat' dir='ltr'>Barce</span> <span class='ocrx_word' id='word_1_355' title='bbox 601 2935 722 2964; x_wconf 85' lang='lat' dir='ltr'>anilem</span> <span class='ocrx_word' id='word_1_356' title='bbox 753 2937 899 2973; x_wconf 75' lang='lat' dir='ltr'>gradum,</span> 
     </span>
     <span class='ocr_line' id='line_1_62' title="bbox 97 2981 899 3016; baseline -0.001 -6"><span class='ocrx_word' id='word_1_357' title='bbox 97 2981 152 3016; x_wconf 89' lang='lat' dir='ltr'>qui</span> <span class='ocrx_word' id='word_1_358' title='bbox 178 2981 244 3009; x_wconf 85' lang='lat' dir='ltr'>iam</span> <span class='ocrx_word' id='word_1_359' title='bbox 270 2982 376 3010; x_wconf 86' lang='lat' dir='ltr'>lentus</span> <span class='ocrx_word' id='word_1_360' title='bbox 403 2989 477 3010; x_wconf 82' lang='lat' dir='ltr'>esse</span> <span class='ocrx_word' id='word_1_361' title='bbox 499 2982 599 3016; x_wconf 74' lang='lat' dir='ltr'>solet,</span> <span class='ocrx_word' id='word_1_362' title='bbox 630 2981 773 3009; x_wconf 80' lang='lat' dir='ltr'>studiose</span> <span class='ocrx_word' id='word_1_363' title='bbox 806 2989 899 3011; x_wconf 82' lang='lat' dir='ltr'>acee-</span> 
     </span>
     <span class='ocr_line' id='line_1_63' title="bbox 97 3024 899 3061; baseline 0 -7"><span class='ocrx_word' id='word_1_364' title='bbox 97 3028 187 3056; x_wconf 84' lang='lat' dir='ltr'>lerat.</span> <span class='ocrx_word' id='word_1_365' title='bbox 237 3026 291 3056; x_wconf 87' lang='lat' dir='ltr'>Sie</span> <span class='ocrx_word' id='word_1_366' title='bbox 316 3024 433 3056; x_wconf 84' lang='lat' dir='ltr'>studio</span> <span class='ocrx_word' id='word_1_367' title='bbox 466 3027 585 3055; x_wconf 84' lang='lat' dir='ltr'>dietum</span> <span class='ocrx_word' id='word_1_368' title='bbox 616 3034 690 3055; x_wconf 80' lang='lat' dir='ltr'>esse</span> <span class='ocrx_word' id='word_1_369' title='bbox 722 3027 834 3055; x_wconf 81' lang='lat' dir='ltr'>docent</span> <span class='ocrx_word' id='word_1_370' title='bbox 868 3024 899 3061; x_wconf 86' lang='grc'>6,</span> 
     </span>
    </p>
   </div>
   <div class='ocr_carea' id='block_1_18' title="bbox 934 1295 1746 3061">
    <p class='ocr_par' dir='ltr' id='par_1_26' title="bbox 934 1295 1740 2149">
     <span class='ocr_line' id='line_1_64' title="bbox 935 1295 1738 1339; baseline -0.002 -9"><span class='ocrx_word' id='word_1_371' title='bbox 935 1298 999 1330; x_wconf 78' lang='grc'>781</span> <span class='ocrx_word' id='word_1_372' title='bbox 1030 1306 1058 1330; x_wconf 86' lang='lat' dir='ltr'>et</span> <span class='ocrx_word' id='word_1_373' title='bbox 1086 1303 1145 1330; x_wconf 81' lang='lat' dir='ltr'><strong>Ov.</strong></span> <span class='ocrx_word' id='word_1_374' title='bbox 1171 1301 1266 1329; x_wconf 83' lang='lat' dir='ltr'>Trist.</span> <span class='ocrx_word' id='word_1_375' title='bbox 1296 1298 1325 1335; x_wconf 89' lang='grc'>3,</span> <span class='ocrx_word' id='word_1_376' title='bbox 1344 1296 1374 1336; x_wconf 80' lang='lat'>4,</span> <span class='ocrx_word' id='word_1_377' title='bbox 1400 1296 1437 1326; x_wconf 79' lang='lat'>41</span> <span class='ocrx_word' id='word_1_378' title='bbox 1475 1295 1575 1328; x_wconf 72' lang='lat' dir='ltr'>Nunc</span> <span class='ocrx_word' id='word_1_379' title='bbox 1602 1308 1738 1339; x_wconf 80' lang='lat' dir='ltr'>quoqne</span> 
     </span>
     <span class='ocr_line' id='line_1_65' title="bbox 934 1342 1737 1382; baseline -0.002 -6"><span class='ocrx_word' id='word_1_380' title='bbox 934 1345 1128 1377; x_wconf 84' lang='lat' dir='ltr'>submotum</span> <span class='ocrx_word' id='word_1_381' title='bbox 1154 1344 1272 1375; x_wconf 79' lang='lat' dir='ltr'>studio</span> <span class='ocrx_word' id='word_1_382' title='bbox 1290 1342 1452 1382; x_wconf 75' lang='lat' dir='ltr'>defendis</span> <span class='ocrx_word' id='word_1_383' title='bbox 1473 1342 1636 1373; x_wconf 78' lang='lat' dir='ltr'>amicum.</span> <span class='ocrx_word' id='word_1_384' title='bbox 1671 1346 1737 1375; x_wconf 86' lang='lat' dir='ltr'>Cic.</span> 
     </span>
     <span class='ocr_line' id='line_1_66' title="bbox 935 1387 1736 1429; baseline -0.002 -8"><span class='ocrx_word' id='word_1_385' title='bbox 935 1401 980 1429; x_wconf 81' lang='lat' dir='ltr'>pr.</span> <span class='ocrx_word' id='word_1_386' title='bbox 1005 1393 1078 1421; x_wconf 80' lang='lat' dir='ltr'><strong>BA.</strong></span> <span class='ocrx_word' id='word_1_387' title='bbox 1106 1389 1147 1420; x_wconf 79' lang='lat'>32</span> <span class='ocrx_word' id='word_1_388' title='bbox 1181 1388 1306 1420; x_wconf 83' lang='lat' dir='ltr'>Omnes</span> <span class='ocrx_word' id='word_1_389' title='bbox 1333 1387 1558 1429; x_wconf 69' lang='lat' dir='ltr'>intelligant,</span> <span class='ocrx_word' id='word_1_390' title='bbox 1594 1399 1647 1418; x_wconf 74' lang='lat' dir='ltr'>nne</span> <span class='ocrx_word' id='word_1_391' title='bbox 1669 1400 1736 1420; x_wconf 88' lang='lat' dir='ltr'>non</span> 
     </span>
     <span class='ocr_line' id='line_1_67' title="bbox 934 1433 1737 1474; baseline -0.004 -6"><span class='ocrx_word' id='word_1_392' title='bbox 934 1435 1053 1468; x_wconf 82' lang='lat' dir='ltr'>studio</span> <span class='ocrx_word' id='word_1_393' title='bbox 1081 1445 1265 1473; x_wconf 79' lang='lat' dir='ltr'>accusare,</span> <span class='ocrx_word' id='word_1_394' title='bbox 1299 1433 1359 1465; x_wconf 87' lang='lat' dir='ltr'>sed</span> <span class='ocrx_word' id='word_1_395' title='bbox 1389 1433 1508 1474; x_wconf 86' lang='lat' dir='ltr'>officio</span> <span class='ocrx_word' id='word_1_396' title='bbox 1540 1433 1737 1472; x_wconf 77' lang='lat' dir='ltr'>defendere.</span> 
     </span>
     <span class='ocr_line' id='line_1_68' title="bbox 934 1478 1738 1521; baseline 0 -10"><span class='ocrx_word' id='word_1_397' title='bbox 934 1499 978 1504; x_wconf 90' lang='lat'>—-</span> <span class='ocrx_word' id='word_1_398' title='bbox 1007 1480 1183 1512; x_wconf 76' lang='lat' dir='ltr'>celerabat</span> <span class='ocrx_word' id='word_1_399' title='bbox 1209 1479 1279 1511; x_wconf 85' lang='lat' dir='ltr'>Hn.</span> <span class='ocrx_word' id='word_1_400' title='bbox 1313 1478 1398 1521; x_wconf 74' lang='lat' dir='ltr'>Wg.</span> <span class='ocrx_word' id='word_1_401' title='bbox 1431 1478 1493 1509; x_wconf 70' lang='lat' dir='ltr'>Lei.</span> <span class='ocrx_word' id='word_1_402' title='bbox 1527 1482 1620 1517; x_wconf 75' lang='lat' dir='ltr'>„Alii</span> <span class='ocrx_word' id='word_1_403' title='bbox 1653 1484 1738 1511; x_wconf 82' lang='lat' dir='ltr'>eele-</span> 
     </span>
     <span class='ocr_line' id='line_1_69' title="bbox 935 1527 1734 1563; baseline -0.004 -4"><span class='ocrx_word' id='word_1_404' title='bbox 935 1532 1049 1560; x_wconf 82' lang='lat' dir='ltr'>brahat</span> <span class='ocrx_word' id='word_1_405' title='bbox 1070 1530 1190 1563; x_wconf 70' lang='lat' dir='ltr'>legunt,</span> <span class='ocrx_word' id='word_1_406' title='bbox 1212 1528 1288 1562; x_wconf 89' lang='lat' dir='ltr'>qnia</span> <span class='ocrx_word' id='word_1_407' title='bbox 1310 1527 1434 1561; x_wconf 78' lang='lat' dir='ltr'>antiqui</span> <span class='ocrx_word' id='word_1_408' title='bbox 1462 1528 1520 1555; x_wconf 87' lang='lat' dir='ltr'>hoc</span> <span class='ocrx_word' id='word_1_409' title='bbox 1542 1530 1677 1556; x_wconf 79' lang='lat' dir='ltr'>verbum</span> <span class='ocrx_word' id='word_1_410' title='bbox 1702 1528 1734 1556; x_wconf 89' lang='lat' dir='ltr'>in</span> 
     </span>
     <span class='ocr_line' id='line_1_70' title="bbox 937 1569 1737 1612; baseline -0.004 -8"><span class='ocrx_word' id='word_1_411' title='bbox 937 1575 1112 1605; x_wconf 79' lang='lat' dir='ltr'>velocitate</span> <span class='ocrx_word' id='word_1_412' title='bbox 1136 1576 1309 1608; x_wconf 49' lang='lat' dir='ltr'>ponentium</span> <span class='ocrx_word' id='word_1_413' title='bbox 1335 1573 1445 1600; x_wconf 79' lang='lat' dir='ltr'>Attius</span> <span class='ocrx_word' id='word_1_414' title='bbox 1477 1569 1589 1601; x_wconf 79' lang='lat' dir='ltr'>Celeri</span> <span class='ocrx_word' id='word_1_415' title='bbox 1616 1571 1737 1612; x_wconf 74' lang='lat' dir='ltr'>gradu</span> 
     </span>
     <span class='ocr_line' id='line_1_71' title="bbox 937 1616 1739 1661; baseline -0.001 -13"><span class='ocrx_word' id='word_1_416' title='bbox 937 1628 1099 1661; x_wconf 60' lang='lat' dir='ltr'>gressum</span> <span class='ocrx_word' id='word_1_417' title='bbox 1124 1616 1357 1648; x_wconf 79' lang='lat' dir='ltr'>accelebrasse</span> <span class='ocrx_word' id='word_1_418' title='bbox 1382 1616 1503 1646; x_wconf 62' lang='lat' dir='ltr'>dcccc-²</span> <span class='ocrx_word' id='word_1_419' title='bbox 1529 1620 1559 1646; x_wconf 83' lang='lat' dir='ltr'><strong>S.</strong></span> <span class='ocrx_word' id='word_1_420' title='bbox 1597 1619 1651 1648; x_wconf 83' lang='lat' dir='ltr'>Sic</span> <span class='ocrx_word' id='word_1_421' title='bbox 1675 1621 1739 1647; x_wconf 81' lang='lat' dir='ltr'>No-</span> 
     </span>
     <span class='ocr_line' id='line_1_72' title="bbox 937 1662 1737 1701; baseline -0.001 -7"><span class='ocrx_word' id='word_1_422' title='bbox 937 1667 1030 1695; x_wconf 86' lang='lat' dir='ltr'>nius:</span> <span class='ocrx_word' id='word_1_423' title='bbox 1069 1666 1226 1701; x_wconf 65' lang='lat' dir='ltr'>„Celebre</span> <span class='ocrx_word' id='word_1_424' title='bbox 1265 1672 1327 1692; x_wconf 92' lang='lat' dir='ltr'>non</span> <span class='ocrx_word' id='word_1_425' title='bbox 1360 1665 1464 1691; x_wconf 79' lang='lat' dir='ltr'>solum</span> <span class='ocrx_word' id='word_1_426' title='bbox 1499 1662 1649 1698; x_wconf 77' lang='lat' dir='ltr'>frequens</span> <span class='ocrx_word' id='word_1_427' title='bbox 1681 1666 1737 1693; x_wconf 75' lang='lat' dir='ltr'>sed</span> 
     </span>
     <span class='ocr_line' id='line_1_73' title="bbox 937 1707 1738 1743; baseline -0.002 -2"><span class='ocrx_word' id='word_1_428' title='bbox 937 1712 1034 1741; x_wconf 83' lang='lat' dir='ltr'>etiam</span> <span class='ocrx_word' id='word_1_429' title='bbox 1060 1712 1169 1740; x_wconf 87' lang='lat' dir='ltr'>velox.</span> <span class='ocrx_word' id='word_1_430' title='bbox 1219 1710 1331 1739; x_wconf 77' lang='lat' dir='ltr'>Attius</span> <span class='ocrx_word' id='word_1_431' title='bbox 1359 1709 1531 1743; x_wconf 66' lang='lat' dir='ltr'>Aegis-1110:</span> <span class='ocrx_word' id='word_1_432' title='bbox 1566 1707 1738 1740; x_wconf 83' lang='lat' dir='ltr'>Celebri</span> 
     </span>
     <span class='ocr_line' id='line_1_74' title="bbox 937 1752 1740 1797; baseline -0.001 -12"><span class='ocrx_word' id='word_1_433' title='bbox 937 1755 1057 1797; x_wconf 66' lang='lat' dir='ltr'>gradu</span> <span class='ocrx_word' id='word_1_434' title='bbox 1077 1764 1237 1796; x_wconf 80' lang='lat' dir='ltr'>gressum</span> <span class='ocrx_word' id='word_1_435' title='bbox 1266 1752 1479 1783; x_wconf 71' lang='lat' dir='ltr'>accelerasse</span> <span class='ocrx_word' id='word_1_436' title='bbox 1502 1752 1639 1783; x_wconf 72' lang='lat' dir='ltr'>fleret.“</span> <span class='ocrx_word' id='word_1_437' title='bbox 1673 1757 1740 1784; x_wconf 82' lang='lat' dir='ltr'>lla-</span> 
     </span>
     <span class='ocr_line' id='line_1_75' title="bbox 939 1800 1737 1834; baseline -0.001 -3"><span class='ocrx_word' id='word_1_438' title='bbox 939 1805 995 1831; x_wconf 73' lang='lat' dir='ltr'>lies</span> <span class='ocrx_word' id='word_1_439' title='bbox 1019 1802 1197 1831; x_wconf 78' lang='lat' dir='ltr'>doctrinam</span> <span class='ocrx_word' id='word_1_440' title='bbox 1220 1800 1501 1834; x_wconf 62' lang='lat' dir='ltr'>grammaticorum</span> <span class='ocrx_word' id='word_1_441' title='bbox 1528 1800 1561 1827; x_wconf 89' lang='lat' dir='ltr'>in</span> <span class='ocrx_word' id='word_1_442' title='bbox 1583 1808 1645 1828; x_wconf 87' lang='lat' dir='ltr'>uno</span> <span class='ocrx_word' id='word_1_443' title='bbox 1668 1803 1737 1830; x_wconf 80' lang='lat' dir='ltr'>loeo</span> 
     </span>
     <span class='ocr_line' id='line_1_76' title="bbox 942 1845 1738 1883; baseline -0.003 -6"><span class='ocrx_word' id='word_1_444' title='bbox 942 1848 1144 1877; x_wconf 81' lang='lat' dir='ltr'>haerentium</span> <span class='ocrx_word' id='word_1_445' title='bbox 1166 1851 1193 1875; x_wconf 82' lang='lat' dir='ltr'>et</span> <span class='ocrx_word' id='word_1_446' title='bbox 1216 1847 1248 1874; x_wconf 90' lang='lat' dir='ltr'>in</span> <span class='ocrx_word' id='word_1_447' title='bbox 1267 1855 1303 1874; x_wconf 86' lang='lat' dir='ltr'>eo</span> <span class='ocrx_word' id='word_1_448' title='bbox 1318 1846 1390 1880; x_wconf 73' lang='lat' dir='ltr'>ipso</span> <span class='ocrx_word' id='word_1_449' title='bbox 1405 1845 1677 1883; x_wconf 65' lang='lat' dir='ltr'>dissentientiuim</span> <span class='ocrx_word' id='word_1_450' title='bbox 1697 1847 1738 1875; x_wconf 96' lang='lat' dir='ltr'>il—</span> 
     </span>
     <span class='ocr_line' id='line_1_77' title="bbox 941 1891 1738 1925; baseline -0.003 -3"><span class='ocrx_word' id='word_1_451' title='bbox 941 1895 997 1922; x_wconf 86' lang='lat' dir='ltr'>lud</span> <span class='ocrx_word' id='word_1_452' title='bbox 1022 1891 1039 1921; x_wconf 83' lang='lat' dir='ltr'><em>b</em></span> <span class='ocrx_word' id='word_1_453' title='bbox 1061 1893 1159 1921; x_wconf 83' lang='lat' dir='ltr'>eliam</span> <span class='ocrx_word' id='word_1_454' title='bbox 1184 1893 1217 1920; x_wconf 89' lang='lat' dir='ltr'>in</span> <span class='ocrx_word' id='word_1_455' title='bbox 1242 1894 1285 1919; x_wconf 84' lang='lat' dir='ltr'><strong>M.</strong></span> <span class='ocrx_word' id='word_1_456' title='bbox 1312 1891 1567 1925; x_wconf 78' lang='lat' dir='ltr'>suprascriptum</span> <span class='ocrx_word' id='word_1_457' title='bbox 1597 1899 1670 1920; x_wconf 74' lang='lat' dir='ltr'>esse</span> <span class='ocrx_word' id='word_1_458' title='bbox 1692 1896 1738 1920; x_wconf 88' lang='lat' dir='ltr'>te-</span> 
     </span>
     <span class='ocr_line' id='line_1_78' title="bbox 941 1936 1737 1972; baseline -0.003 -4"><span class='ocrx_word' id='word_1_459' title='bbox 941 1944 1046 1968; x_wconf 79' lang='lat' dir='ltr'>statur</span> <span class='ocrx_word' id='word_1_460' title='bbox 1073 1936 1153 1972; x_wconf 59' lang='lat' dir='ltr'>leb..</span> <span class='ocrx_word' id='word_1_461' title='bbox 1179 1938 1263 1966; x_wconf 89' lang='lat' dir='ltr'>unde</span> <span class='ocrx_word' id='word_1_462' title='bbox 1288 1937 1396 1965; x_wconf 80' lang='lat' dir='ltr'>minus</span> <span class='ocrx_word' id='word_1_463' title='bbox 1420 1941 1568 1965; x_wconf 78' lang='lat' dir='ltr'>accttrate</span> <span class='ocrx_word' id='word_1_464' title='bbox 1589 1938 1737 1966; x_wconf 85' lang='lat' dir='ltr'>traditam</span> 
     </span>
     <span class='ocr_line' id='line_1_79' title="bbox 940 1982 1738 2020; baseline -0.003 -7"><span class='ocrx_word' id='word_1_465' title='bbox 940 1988 1074 2020; x_wconf 76' lang='lat' dir='ltr'>apparet</span> <span class='ocrx_word' id='word_1_466' title='bbox 1104 1992 1177 2012; x_wconf 78' lang='lat' dir='ltr'>esse</span> <span class='ocrx_word' id='word_1_467' title='bbox 1200 1983 1336 2011; x_wconf 80' lang='lat' dir='ltr'>Medicei</span> <span class='ocrx_word' id='word_1_468' title='bbox 1364 1982 1556 2017; x_wconf 77' lang='lat' dir='ltr'>scripturam</span> <span class='ocrx_word' id='word_1_469' title='bbox 1584 1985 1624 2010; x_wconf 84' lang='lat' dir='ltr'>ab</span> <span class='ocrx_word' id='word_1_470' title='bbox 1649 1984 1738 2019; x_wconf 75' lang='lat' dir='ltr'>Hey-</span> 
     </span>
     <span class='ocr_line' id='line_1_80' title="bbox 940 2025 1739 2064; baseline -0.001 -5"><span class='ocrx_word' id='word_1_471' title='bbox 940 2031 1004 2063; x_wconf 75' lang='lat' dir='ltr'>nio,</span> <span class='ocrx_word' id='word_1_472' title='bbox 1027 2031 1111 2063; x_wconf 84' lang='lat' dir='ltr'>aqud</span> <span class='ocrx_word' id='word_1_473' title='bbox 1135 2037 1229 2063; x_wconf 81' lang='lat' dir='ltr'>quem</span> <span class='ocrx_word' id='word_1_474' title='bbox 1253 2025 1449 2057; x_wconf 79' lang='lat' dir='ltr'>celebrabat</span> <span class='ocrx_word' id='word_1_475' title='bbox 1475 2028 1520 2056; x_wconf 87' lang='lat' dir='ltr'>ita</span> <span class='ocrx_word' id='word_1_476' title='bbox 1544 2028 1683 2064; x_wconf 74' lang='lat' dir='ltr'>affertur,</span> <span class='ocrx_word' id='word_1_477' title='bbox 1707 2034 1739 2058; x_wconf 90' lang='lat' dir='ltr'>ut</span> 
     </span>
     <span class='ocr_line' id='line_1_81' title="bbox 941 2071 1740 2110; baseline 0.001 -7"><span class='ocrx_word' id='word_1_478' title='bbox 941 2076 1046 2110; x_wconf 83' lang='lat' dir='ltr'>prima</span> <span class='ocrx_word' id='word_1_479' title='bbox 1068 2075 1218 2103; x_wconf 75' lang='lat' dir='ltr'>videatur</span> <span class='ocrx_word' id='word_1_480' title='bbox 1242 2073 1347 2103; x_wconf 81' lang='lat' dir='ltr'>lectio.</span> <span class='ocrx_word' id='word_1_481' title='bbox 1398 2074 1519 2102; x_wconf 82' lang='lat' dir='ltr'>Tamen</span> <span class='ocrx_word' id='word_1_482' title='bbox 1544 2071 1740 2104; x_wconf 78' lang='lat' dir='ltr'>celebrabat</span> 
     </span>
     <span class='ocr_line' id='line_1_82' title="bbox 938 2116 1210 2149; baseline 0 0"><span class='ocrx_word' id='word_1_483' title='bbox 938 2118 1030 2149; x_wconf 85' lang='lat' dir='ltr'>anili</span> <span class='ocrx_word' id='word_1_484' title='bbox 1054 2128 1115 2148; x_wconf 84' lang='lat' dir='ltr'>rec.</span> <span class='ocrx_word' id='word_1_485' title='bbox 1146 2116 1210 2149; x_wconf 83' lang='lat' dir='ltr'>Rb.</span> 
     </span>
    </p>

    <p class='ocr_par' dir='ltr' id='par_1_27' title="bbox 939 2161 1741 2434">
     <span class='ocr_line' id='line_1_83' title="bbox 987 2161 1739 2203; baseline 0.001 -11"><span class='ocrx_word' id='word_1_486' title='bbox 987 2163 1062 2192; x_wconf 80' lang='grc'>642.</span> <span class='ocrx_word' id='word_1_487' title='bbox 1095 2161 1248 2203; x_wconf 74' lang='lat' dir='ltr'>Trepida</span> <span class='ocrx_word' id='word_1_488' title='bbox 1286 2164 1427 2199; x_wconf 73' lang='lat' dir='ltr'>„festina</span> <span class='ocrx_word' id='word_1_489' title='bbox 1463 2163 1524 2198; x_wconf 81' lang='lat' dir='ltr'><strong>(cf.</strong></span> <span class='ocrx_word' id='word_1_490' title='bbox 1567 2161 1625 2201; x_wconf 88' lang='grc'>10,</span> <span class='ocrx_word' id='word_1_491' title='bbox 1652 2163 1739 2200; x_wconf 77' lang='grc'><strong>283)</strong></span> 
     </span>
     <span class='ocr_line' id='line_1_84' title="bbox 940 2208 1741 2248; baseline -0.001 -9"><span class='ocrx_word' id='word_1_492' title='bbox 940 2213 1023 2239; x_wconf 80' lang='lat' dir='ltr'>Nam</span> <span class='ocrx_word' id='word_1_493' title='bbox 1050 2209 1205 2238; x_wconf 85' lang='lat' dir='ltr'>moritura</span> <span class='ocrx_word' id='word_1_494' title='bbox 1231 2208 1313 2236; x_wconf 86' lang='lat' dir='ltr'>nihil</span> <span class='ocrx_word' id='word_1_495' title='bbox 1338 2208 1500 2237; x_wconf 71' lang='lat' dir='ltr'>ti1nebat.“</span> <span class='ocrx_word' id='word_1_496' title='bbox 1530 2224 1567 2228; x_wconf 86' lang='lat'>—-</span> <span class='ocrx_word' id='word_1_497' title='bbox 1602 2208 1741 2248; x_wconf 81' lang='lat' dir='ltr'>Coeptis</span> 
     </span>
     <span class='ocr_line' id='line_1_85' title="bbox 939 2251 1741 2291; baseline -0.001 -7"><span class='ocrx_word' id='word_1_498' title='bbox 939 2252 1150 2285; x_wconf 81' lang='lat' dir='ltr'>immanibus</span> <span class='ocrx_word' id='word_1_499' title='bbox 1181 2253 1240 2288; x_wconf 78' lang='lat' dir='ltr'>(cf.</span> <span class='ocrx_word' id='word_1_500' title='bbox 1265 2251 1305 2290; x_wconf 79' lang='lat'>7,</span> <span class='ocrx_word' id='word_1_501' title='bbox 1329 2252 1414 2289; x_wconf 76' lang='lat'>562)</span> <span class='ocrx_word' id='word_1_502' title='bbox 1440 2251 1567 2291; x_wconf 80' lang='lat' dir='ltr'>effera,</span> <span class='ocrx_word' id='word_1_503' title='bbox 1598 2254 1741 2290; x_wconf 77' lang='lat' dir='ltr'>„furiata</span> 
     </span>
     <span class='ocr_line' id='line_1_86' title="bbox 940 2297 1740 2336; baseline -0.005 -5"><span class='ocrx_word' id='word_1_504' title='bbox 940 2301 1054 2331; x_wconf 81' lang='lat' dir='ltr'>saevis</span> <span class='ocrx_word' id='word_1_505' title='bbox 1077 2297 1358 2335; x_wconf 75' lang='lat' dir='ltr'>cogitationibus.“</span> <span class='ocrx_word' id='word_1_506' title='bbox 1379 2301 1410 2327; x_wconf 86' lang='lat' dir='ltr'><strong>S.</strong></span> <span class='ocrx_word' id='word_1_507' title='bbox 1460 2298 1514 2327; x_wconf 83' lang='lat' dir='ltr'>Sic</span> <span class='ocrx_word' id='word_1_508' title='bbox 1538 2300 1611 2327; x_wconf 69' lang='lat' dir='ltr'>val.</span> <span class='ocrx_word' id='word_1_509' title='bbox 1636 2301 1682 2327; x_wconf 84' lang='lat' dir='ltr'>Fi.</span> <span class='ocrx_word' id='word_1_510' title='bbox 1709 2298 1740 2336; x_wconf 92' lang='grc'>2,</span> 
     </span>
     <span class='ocr_line' id='line_1_87' title="bbox 944 2341 1741 2385; baseline -0.001 -10"><span class='ocrx_word' id='word_1_511' title='bbox 944 2344 1006 2375; x_wconf 76' lang='lat'>104</span> <span class='ocrx_word' id='word_1_512' title='bbox 1028 2343 1135 2385; x_wconf 67' lang='lat' dir='ltr'>effera</span> <span class='ocrx_word' id='word_1_513' title='bbox 1162 2347 1193 2373; x_wconf 86' lang='lat' dir='ltr'>et</span> <span class='ocrx_word' id='word_1_514' title='bbox 1216 2342 1343 2384; x_wconf 75' lang='lat' dir='ltr'>ingens</span> <span class='ocrx_word' id='word_1_515' title='bbox 1370 2345 1402 2372; x_wconf 85' lang='lat' dir='ltr'>et</span> <span class='ocrx_word' id='word_1_516' title='bbox 1427 2341 1575 2372; x_wconf 73' lang='lat' dir='ltr'>maculis</span> <span class='ocrx_word' id='word_1_517' title='bbox 1594 2342 1741 2383; x_wconf 75' lang='lat' dir='ltr'>suffecta</span> 
     </span>
     <span class='ocr_line' id='line_1_88' title="bbox 941 2389 1468 2434; baseline -0.006 -15"><span class='ocrx_word' id='word_1_518' title='bbox 941 2400 1054 2434; x_wconf 77' lang='lat' dir='ltr'>genas</span> <span class='ocrx_word' id='word_1_519' title='bbox 1080 2392 1118 2419; x_wconf 86' lang='lat' dir='ltr'>de</span> <span class='ocrx_word' id='word_1_520' title='bbox 1141 2390 1317 2418; x_wconf 77' lang='lat' dir='ltr'>furibunda</span> <span class='ocrx_word' id='word_1_521' title='bbox 1338 2389 1468 2417; x_wconf 83' lang='lat' dir='ltr'>femina.</span> 
     </span>
    </p>

    <p class='ocr_par' dir='ltr' id='par_1_28' title="bbox 989 2430 1638 2474">
     <span class='ocr_line' id='line_1_89' title="bbox 989 2430 1638 2474; baseline -0.003 -9"><span class='ocrx_word' id='word_1_522' title='bbox 989 2434 1065 2465; x_wconf 75' lang='lat'><strong>643.</strong></span> <span class='ocrx_word' id='word_1_523' title='bbox 1097 2433 1198 2464; x_wconf 81' lang='lat' dir='ltr'>Oculi</span> <span class='ocrx_word' id='word_1_524' title='bbox 1222 2431 1415 2474; x_wconf 77' lang='lat' dir='ltr'>sanguinei</span> <span class='ocrx_word' id='word_1_525' title='bbox 1442 2435 1480 2463; x_wconf 87' lang='lat' dir='ltr'>cf.</span> <span class='ocrx_word' id='word_1_526' title='bbox 1509 2431 1538 2469; x_wconf 87' lang='grc'>2,</span> <span class='ocrx_word' id='word_1_527' title='bbox 1561 2430 1638 2463; x_wconf 87' lang='grc'><strong>210.</strong></span> 
     </span>
    </p>

    <p class='ocr_par' dir='ltr' id='par_1_29' title="bbox 943 2479 1743 2829">
     <span class='ocr_line' id='line_1_90' title="bbox 990 2479 1741 2517; baseline -0.001 -7"><span class='ocrx_word' id='word_1_528' title='bbox 990 2480 1066 2510; x_wconf 75' lang='grc'><strong>643.</strong></span> <span class='ocrx_word' id='word_1_529' title='bbox 1086 2479 1139 2509; x_wconf 76' lang='lat'>44.</span> <span class='ocrx_word' id='word_1_530' title='bbox 1168 2482 1256 2509; x_wconf 83' lang='lat' dir='ltr'>Haec</span> <span class='ocrx_word' id='word_1_531' title='bbox 1272 2481 1368 2517; x_wconf 80' lang='lat' dir='ltr'>signa</span> <span class='ocrx_word' id='word_1_532' title='bbox 1386 2480 1514 2508; x_wconf 79' lang='lat' dir='ltr'>futurae</span> <span class='ocrx_word' id='word_1_533' title='bbox 1532 2480 1642 2508; x_wconf 84' lang='lat' dir='ltr'>caedis</span> <span class='ocrx_word' id='word_1_534' title='bbox 1662 2488 1741 2509; x_wconf 80' lang='lat' dir='ltr'>vera</span> 
     </span>
     <span class='ocr_line' id='line_1_91' title="bbox 943 2526 1742 2561; baseline -0.003 -4"><span class='ocrx_word' id='word_1_535' title='bbox 943 2538 1017 2557; x_wconf 75' lang='lat' dir='ltr'>esse</span> <span class='ocrx_word' id='word_1_536' title='bbox 1038 2529 1196 2556; x_wconf 85' lang='lat' dir='ltr'>dicuntur.</span> <span class='ocrx_word' id='word_1_537' title='bbox 1245 2528 1292 2554; x_wconf 89' lang='lat' dir='ltr'>De</span> <span class='ocrx_word' id='word_1_538' title='bbox 1320 2526 1458 2554; x_wconf 74' lang='lat' dir='ltr'>maculis</span> <span class='ocrx_word' id='word_1_539' title='bbox 1493 2534 1557 2553; x_wconf 91' lang='lat' dir='ltr'>non</span> <span class='ocrx_word' id='word_1_540' title='bbox 1582 2533 1742 2561; x_wconf 80' lang='lat' dir='ltr'>superva-</span> 
     </span>
     <span class='ocr_line' id='line_1_92' title="bbox 943 2571 1743 2605; baseline -0.003 -3"><span class='ocrx_word' id='word_1_541' title='bbox 943 2582 1080 2603; x_wconf 79' lang='lat' dir='ltr'>caneum</span> <span class='ocrx_word' id='word_1_542' title='bbox 1103 2580 1177 2600; x_wconf 74' lang='lat' dir='ltr'>esse</span> <span class='ocrx_word' id='word_1_543' title='bbox 1204 2571 1354 2600; x_wconf 80' lang='lat' dir='ltr'>videatur</span> <span class='ocrx_word' id='word_1_544' title='bbox 1379 2571 1490 2599; x_wconf 77' lang='lat' dir='ltr'>afferre</span> <span class='ocrx_word' id='word_1_545' title='bbox 1513 2578 1596 2605; x_wconf 83' lang='lat' dir='ltr'>quae</span> <span class='ocrx_word' id='word_1_546' title='bbox 1621 2572 1743 2600; x_wconf 83' lang='lat' dir='ltr'>monuit</span> 
     </span>
     <span class='ocr_line' id='line_1_93' title="bbox 950 2616 1742 2655; baseline -0.001 -8"><span class='ocrx_word' id='word_1_547' title='bbox 950 2617 1001 2647; x_wconf 83' lang='lat' dir='ltr'>Pl.</span> <span class='ocrx_word' id='word_1_548' title='bbox 1052 2620 1289 2655; x_wconf 74' lang='lat' dir='ltr'>„Observatum</span> <span class='ocrx_word' id='word_1_549' title='bbox 1319 2621 1367 2645; x_wconf 85' lang='lat' dir='ltr'>est</span> <span class='ocrx_word' id='word_1_550' title='bbox 1402 2624 1502 2651; x_wconf 82' lang='lat' dir='ltr'>nuper</span> <span class='ocrx_word' id='word_1_551' title='bbox 1534 2616 1568 2644; x_wconf 90' lang='lat' dir='ltr'>in</span> <span class='ocrx_word' id='word_1_552' title='bbox 1593 2617 1742 2654; x_wconf 82' lang='lat' dir='ltr'>Francia,</span> 
     </span>
     <span class='ocr_line' id='line_1_94' title="bbox 944 2662 1743 2698; baseline -0.003 -5"><span class='ocrx_word' id='word_1_553' title='bbox 944 2673 1009 2698; x_wconf 72' lang='lat' dir='ltr'>eos.</span> <span class='ocrx_word' id='word_1_554' title='bbox 1033 2664 1151 2698; x_wconf 77' lang='lat' dir='ltr'>quibus</span> <span class='ocrx_word' id='word_1_555' title='bbox 1175 2663 1281 2691; x_wconf 86' lang='lat' dir='ltr'>crines</span> <span class='ocrx_word' id='word_1_556' title='bbox 1306 2666 1336 2690; x_wconf 85' lang='lat' dir='ltr'>et</span> <span class='ocrx_word' id='word_1_557' title='bbox 1361 2668 1437 2696; x_wconf 83' lang='lat' dir='ltr'>pars</span> <span class='ocrx_word' id='word_1_558' title='bbox 1460 2662 1588 2690; x_wconf 83' lang='lat' dir='ltr'>tunicae</span> <span class='ocrx_word' id='word_1_559' title='bbox 1614 2662 1648 2690; x_wconf 87' lang='lat' dir='ltr'>in</span> <span class='ocrx_word' id='word_1_560' title='bbox 1674 2671 1743 2692; x_wconf 88' lang='lat' dir='ltr'>cer-</span> 
     </span>
     <span class='ocr_line' id='line_1_95' title="bbox 949 2708 1742 2744; baseline -0.003 -6"><span class='ocrx_word' id='word_1_561' title='bbox 949 2710 1078 2738; x_wconf 72' lang='lat' dir='ltr'>vicibus</span> <span class='ocrx_word' id='word_1_562' title='bbox 1105 2708 1346 2744; x_wconf 75' lang='lat' dir='ltr'>abscinduntur,</span> <span class='ocrx_word' id='word_1_563' title='bbox 1373 2712 1406 2735; x_wconf 88' lang='lat' dir='ltr'>ut</span> <span class='ocrx_word' id='word_1_564' title='bbox 1428 2715 1503 2736; x_wconf 90' lang='lat' dir='ltr'>mox</span> <span class='ocrx_word' id='word_1_565' title='bbox 1523 2708 1629 2736; x_wconf 86' lang='lat' dir='ltr'>securi</span> <span class='ocrx_word' id='word_1_566' title='bbox 1652 2709 1742 2737; x_wconf 87' lang='lat' dir='ltr'>Guil-</span> 
     </span>
     <span class='ocr_line' id='line_1_96' title="bbox 945 2754 1743 2788; baseline 0 -5"><span class='ocrx_word' id='word_1_567' title='bbox 945 2755 1048 2783; x_wconf 89' lang='lat' dir='ltr'>lotina</span> <span class='ocrx_word' id='word_1_568' title='bbox 1084 2754 1318 2788; x_wconf 81' lang='lat' dir='ltr'>percutiantur,</span> <span class='ocrx_word' id='word_1_569' title='bbox 1361 2754 1548 2787; x_wconf 81' lang='lat' dir='ltr'>plerumque</span> <span class='ocrx_word' id='word_1_570' title='bbox 1584 2754 1617 2781; x_wconf 92' lang='lat' dir='ltr'>in</span> <span class='ocrx_word' id='word_1_571' title='bbox 1648 2755 1743 2783; x_wconf 87' lang='lat' dir='ltr'>vultu</span> 
     </span>
     <span class='ocr_line' id='line_1_97' title="bbox 945 2798 1716 2829; baseline -0.001 0"><span class='ocrx_word' id='word_1_572' title='bbox 945 2800 1050 2829; x_wconf 81' lang='lat' dir='ltr'>flavas</span> <span class='ocrx_word' id='word_1_573' title='bbox 1075 2803 1105 2827; x_wconf 82' lang='lat' dir='ltr'>et</span> <span class='ocrx_word' id='word_1_574' title='bbox 1126 2800 1296 2828; x_wconf 81' lang='lat' dir='ltr'>caeruleas</span> <span class='ocrx_word' id='word_1_575' title='bbox 1320 2799 1468 2826; x_wconf 84' lang='lat' dir='ltr'>maculas</span> <span class='ocrx_word' id='word_1_576' title='bbox 1492 2798 1716 2828; x_wconf 75' lang='lat' dir='ltr'>cotitrahere.“</span> 
     </span>
    </p>

    <p class='ocr_par' dir='ltr' id='par_1_30' title="bbox 945 2840 1746 3061">
     <span class='ocr_line' id='line_1_98' title="bbox 992 2840 1746 2880; baseline -0.001 -7"><span class='ocrx_word' id='word_1_577' title='bbox 992 2843 1068 2873; x_wconf 73' lang='lat'><strong>647.</strong></span> <span class='ocrx_word' id='word_1_578' title='bbox 1095 2852 1208 2873; x_wconf 80' lang='lat' dir='ltr'>ensem</span> <span class='ocrx_word' id='word_1_579' title='bbox 1230 2840 1468 2880; x_wconf 70' lang='lat' dir='ltr'>Dardanium,</span> <span class='ocrx_word' id='word_1_580' title='bbox 1486 2848 1545 2873; x_wconf 84' lang='lat' dir='ltr'>etc.</span> <span class='ocrx_word' id='word_1_581' title='bbox 1582 2846 1652 2873; x_wconf 89' lang='lat' dir='ltr'>Non</span> <span class='ocrx_word' id='word_1_582' title='bbox 1671 2845 1746 2874; x_wconf 86' lang='lat' dir='ltr'>licet</span> 
     </span>
     <span class='ocr_line' id='line_1_99' title="bbox 945 2889 1741 2925; baseline -0.001 -6"><span class='ocrx_word' id='word_1_583' title='bbox 945 2890 1117 2925; x_wconf 73' lang='lat' dir='ltr'>explicari,</span> <span class='ocrx_word' id='word_1_584' title='bbox 1143 2893 1175 2917; x_wconf 89' lang='lat' dir='ltr'>ut</span> <span class='ocrx_word' id='word_1_585' title='bbox 1198 2890 1289 2925; x_wconf 77' lang='lat' dir='ltr'>solet,</span> <span class='ocrx_word' id='word_1_586' title='bbox 1312 2889 1349 2916; x_wconf 88' lang='lat' dir='ltr'>de</span> <span class='ocrx_word' id='word_1_587' title='bbox 1374 2889 1475 2917; x_wconf 85' lang='lat' dir='ltr'>arinis</span> <span class='ocrx_word' id='word_1_588' title='bbox 1500 2892 1539 2918; x_wconf 83' lang='lat' dir='ltr'>ab</span> <span class='ocrx_word' id='word_1_589' title='bbox 1556 2890 1670 2918; x_wconf 82' lang='lat' dir='ltr'>Aenea</span> <span class='ocrx_word' id='word_1_590' title='bbox 1691 2898 1741 2918; x_wconf 87' lang='lat' dir='ltr'>ce-</span> 
     </span>
     <span class='ocr_line' id='line_1_100' title="bbox 945 2932 1745 2971; baseline -0.001 -7"><span class='ocrx_word' id='word_1_591' title='bbox 945 2936 1054 2965; x_wconf 82' lang='lat' dir='ltr'>leriter</span> <span class='ocrx_word' id='word_1_592' title='bbox 1093 2937 1230 2963; x_wconf 84' lang='lat' dir='ltr'>abeunte</span> <span class='ocrx_word' id='word_1_593' title='bbox 1269 2934 1392 2963; x_wconf 85' lang='lat' dir='ltr'>relictis</span> <span class='ocrx_word' id='word_1_594' title='bbox 1432 2934 1471 2964; x_wconf 85' lang='lat' dir='ltr'>cf.</span> <span class='ocrx_word' id='word_1_595' title='bbox 1509 2932 1592 2971; x_wconf 82' lang='lat'>495;</span> <span class='ocrx_word' id='word_1_596' title='bbox 1643 2943 1745 2969; x_wconf 85' lang='lat' dir='ltr'>neque</span> 
     </span>
     <span class='ocr_line' id='line_1_101' title="bbox 946 2982 1745 3015; baseline 0 -6"><span class='ocrx_word' id='word_1_597' title='bbox 946 2982 1032 3010; x_wconf 88' lang='lat' dir='ltr'>enim</span> <span class='ocrx_word' id='word_1_598' title='bbox 1064 2982 1144 3009; x_wconf 85' lang='lat' dir='ltr'>haec</span> <span class='ocrx_word' id='word_1_599' title='bbox 1175 2987 1310 3008; x_wconf 83' lang='lat' dir='ltr'>munera</span> <span class='ocrx_word' id='word_1_600' title='bbox 1341 2983 1430 3008; x_wconf 83' lang='lat' dir='ltr'>sunt:</span> <span class='ocrx_word' id='word_1_601' title='bbox 1468 2988 1571 3014; x_wconf 86' lang='lat' dir='ltr'>neque</span> <span class='ocrx_word' id='word_1_602' title='bbox 1596 2982 1634 3008; x_wconf 88' lang='lat' dir='ltr'>de</span> <span class='ocrx_word' id='word_1_603' title='bbox 1656 2988 1745 3015; x_wconf 78' lang='lat' dir='ltr'>ense,</span> 
     </span>
     <span class='ocr_line' id='line_1_102' title="bbox 947 3022 1746 3061; baseline 0 -7"><span class='ocrx_word' id='word_1_604' title='bbox 947 3034 1039 3061; x_wconf 87' lang='lat' dir='ltr'>quem</span> <span class='ocrx_word' id='word_1_605' title='bbox 1065 3026 1144 3054; x_wconf 88' lang='lat' dir='ltr'>Dido</span> <span class='ocrx_word' id='word_1_606' title='bbox 1180 3026 1307 3053; x_wconf 79' lang='lat' dir='ltr'>dederat</span> <span class='ocrx_word' id='word_1_607' title='bbox 1334 3026 1467 3054; x_wconf 80' lang='lat' dir='ltr'>Aeneae</span> <span class='ocrx_word' id='word_1_608' title='bbox 1495 3022 1559 3054; x_wconf 78' lang='lat'>261</span> <span class='ocrx_word' id='word_1_609' title='bbox 1591 3029 1620 3054; x_wconf 85' lang='lat' dir='ltr'>et</span> <span class='ocrx_word' id='word_1_610' title='bbox 1652 3034 1746 3060; x_wconf 83' lang='lat' dir='ltr'>quem</span> 
     </span>
    </p>
   </div>
  </div>
 </body>
</html>
