2023 3350
857 89 1011 122 INDEX.

151 203 230 235 315.
260 221 304 226 —
329 204 462 238 addere
493 206 590 243 (ore)
620 207 660 235 de
691 208 842 236 locuturo
874 207 908 245 2,

153 250 231 281 593.
261 268 298 273 --
328 255 460 290 addere,
487 254 565 282 dare
587 251 620 290 9,
649 251 723 282 184.

108 293 274 328 addicere
304 307 340 328 se
364 298 396 337 3,
421 297 499 328 653.

106 340 291 374 adducunt
316 345 450 374 brachia
473 344 650 373 iaculaturi
680 344 731 381 ll,
755 345 830 374 561.

106 386 196 419 adeo
230 391 304 420 aliis
332 390 502 426 particulis
536 391 679 420 additum
705 390 737 429 2,
761 390 837 420 567.
865 408 907 412 -

155 437 381 466 numeralibus
408 434 440 474 3,
466 434 544 465 203.

109 490 234 522 adesse
264 492 465 522 auxiliantes
497 494 579 523 deos
616 492 642 531 1,
679 494 755 524 753.
782 511 825 514 —
847 497 909 524 311-

153 540 249 576 ditur,
275 546 340 574 quo
366 539 440 573 quis
466 539 574 569 animo
597 541 682 570 adsit
705 540 736 579 4,
759 540 835 571 386.

108 593 234 634 adfari
259 601 406 625 mortuos
424 595 456 634 2,
483 595 559 626 644.

108 640 295 680 adfectare
320 643 407 671 viam
433 642 464 681 3,
491 642 568 672 670.

106 685 250 724 adferre
276 696 313 718 se
343 689 368 725 l,
398 687 475 718 314.
579 724 581 726 ,

103 731 239 773 adflari
263 743 283 765 3
309 735 370 764 deo
402 735 428 773 l,
457 733 743 765 59t.—sn1mtne
770 735 802 774 2,
827 734 906 765 649.

103 777 261 822 adgredi
294 786 325 810 et
353 789 386 811 a.
412 779 516 811 dictis
546 780 577 820 4,
608 782 662 811 92.
690 797 732 803 —-
763 790 791 811 c.
819 782 906 812 infin.

153 827 186 864 6,
208 826 288 857 531.

104 881 272 915 adhibere
298 886 394 915 deum
423 885 454 923 5,
479 885 533 916 62.

104 938 293 974 Adiertiua
331 943 364 973 in
404 951 464 972 eus
501 951 560 979 pro
601 952 680 973 osas
709 943 736 980 1,
765 943 837 973 191.
865 959 908 963 —-

150 990 265 1019 eadem
291 989 324 1018 in
351 986 398 1025 is,
425 996 442 1018 e
468 994 581 1027 etus,
611 998 650 1027 a,
675 998 731 1019 um
755 989 786 1027 4,
810 990 840 1019 8.
863 1005 909 1011 -

149 1033 186 1064 in
224 1044 299 1065 icus
320 1034 353 1072 6,
378 1034 456 1064 605.
482 1051 526 1056 -
548 1036 582 1065 1η
609 1044 664 1073 er,
691 1034 738 1074 is,
770 1045 804 1073 e,
838 1036 908 1065 for-

150 1089 223 1111 mae
252 1089 290 1110 er
325 1086 356 1110 et
390 1079 420 1110 is
451 1082 656 1111 confundunt
690 1081 722 1118 5,
758 1082 836 1112 380.
863 1098 906 1101 -

149 1129 266 1157 eadem
294 1127 409 1165 forma,
434 1135 500 1163 qua
523 1132 599 1157 sunt
617 1129 751 1158 1101111113
775 1129 908 1164 propria

153 1172 181 1212 1,
207 1172 284 1203 686.
325 1189 369 1193 ——
410 1175 577 1203 nominum
602 1175 634 1204 in
667 1172 723 1204 ius
750 1180 909 1209 patrony-

150 1220 236 1250 1111113
283 1218 340 1256 10,
384 1218 457 1250 123.
492 1236 536 1240 ——
566 1222 681 1250 eadem
726 1222 838 1250 activa
877 1224 909 1249 et

150 1267 292 1302 passiva
318 1265 441 1303 6,7l5.
467 1281 509 1287 -
534 1272 659 1302 partem
684 1268 750 1296 loci
778 1272 808 1296 et
826 1272 907 1295 tem-

151 1313 241 1349 poris
272 1313 402 1348 signant
436 1312 474 1351 7,
497 1312 552 1342 61.
590 1329 633 1333 —
678 1315 827 1343 locorum
865 1313 906 1341 ad

152 1359 304 1395 proxima
348 1361 452 1388 relata
497 1357 528 1396 7,
570 1357 624 1388 47.
666 1375 703 1379 -
755 1362 906 1388 locorum

150 1414 215 1435 non
241 1405 400 1440 originem
426 1406 485 1435 sed
505 1407 744 1442 praestantiam
760 1406 904 1440 aliquam

151 1453 282 1488 signant
308 1451 337 1489 7,
363 1451 443 1481 816.
467 1467 510 1471 —-
535 1454 682 1480 locorum
707 1452 747 1480 ad
766 1451 905 1488 bestias,

150 1506 236 1534 quae
275 1498 318 1526 ’1111
358 1498 502 1534 optimae
543 1503 575 1526 et
615 1498 775 1532 plurimae
816 1502 906 1533 sunt,

149 1546 313 1574 translata
342 1543 393 1580 11,
417 1543 496 1572 580.
522 1559 566 1563 --
591 1546 630 1572 31)
656 1544 844 1572 hominihus
864 1544 904 1571 ad

148 1592 226 1620 loca
256 1592 419 1619 translata
455 1589 489 1627 1,
528 1588 605 1618 355.
641 1605 684 1608 —
711 1590 906 1625 temporalia

149 1645 209 1673 pro
233 1637 401 1666 abverbiis
429 1635 461 1673 8,
483 1634 562 1666 465,
587 1651 625 1655 —-
653 1637 693 1664 ad
717 1637 904 1665 subiectum

149 1685 256 1713 relata
288 1691 352 1712 non
385 1690 442 1718 pro
473 1682 630 1711 adverbio
663 1683 704 1710 ad
733 1682 906 1718 praedica-

149 1729 272 1767 1111115,
299 1727 373 1758 137.
421 1744 465 1747 ——
513 1736 588 1757 num
626 1728 701 1756 aliis
745 1729 908 1756 addantur

151 1784 209 1812 pro
233 1775 400 1805 adverbiis
428 1775 460 1811 8,
484 1773 561 1803 559.
588 1789 632 1793 —
658 1774 819 1808 neutrius,
848 1775 907 1803 ad-

151 1822 266 1852 verbia
293 1819 333 1857 8,
362 1819 440 1849 489.
465 1836 509 1839 -
535 1821 722 1848 materialia
762 1820 906 1857 signant,

151 1869 238 1898 unde
264 1868 339 1903 quid
372 1871 421 1895 est
452 1865 502 1904 ll,
527 1865 603 1895 786.
628 1881 672 1885 ——
700 1871 815 1901 regunt
848 1874 909 1901 ge-

150 1915 290 1944 nitivum
321 1912 347 1949 1,
377 1911 427 1941 14.
467 1928 510 1931 —
555 1912 654 1947 genit.
687 1913 816 1941 additur
847 1920 908 1948 po-

150 1961 250 1991 sitivo
271 1959 426 1989 adiectivi
443 1958 593 1994 partitive
612 1959 762 1993 usurpati
780 1957 811 1996 4,
823 1957 906 1987 576:

151 2009 270 2037 sancte
290 2003 332 2036 de
347 2013 455 2034 orum.
471 2021 514 2024 —-
529 2009 645 2039 regunt
661 2004 854 2034 infinitivum
876 2002 908 2041 4,

149 2051 430 2083 564.—relativa
443 2053 527 2081 nude
542 2051 651 2086 posita
666 2048 782 2087 3,617.
798 2066 836 2071 -
858 2052 909 2079 lo-

149 2108 225 2130 cum
262 2103 372 2128 tenent
404 2097 563 2127 enuntiati
587 2097 618 2134 5,
643 2095 720 2127 728.
747 2114 790 2117 -
815 2098 908 2126 abla-

150 2147 217 2176 11νο
251 2147 405 2175 absoluto
431 2144 462 2182 5,
494 2143 564 2173 127.
593 2159 630 2163 —
662 2146 762 2173 verbo
797 2144 909 2172 addita

149 2192 187 2230 2,
216 2190 271 2221 53.
323 2207 361 2212 —-
411 2198 441 2219 3.
473 2190 673 2219 contrarium
704 2191 834 2220 additur
867 2190 908 2218 ad

150 2239 316 2268 notionem
342 2237 453 2267 acrius
476 2236 692 2265 definiendam
711 2235 742 2274 3,
771 2235 845 2265 181.
866 2251 909 2255 —

150 2287 216 2315 duo
252 2285 293 2314 ad
333 2292 434 2313 unum
462 2283 709 2312 substantivum
747 2284 853 2312 relata
876 2281 908 2319 5,

150 2330 206 2361 24.
235 2347 278 2351 —-
303 2331 366 2360 duo
391 2332 531 2361 alterum
557 2330 596 2358 ad
623 2329 822 2364 subiectum,
859 2329 910 2356 al-

151 2382 258 2408 terum
283 2378 323 2406 ad
348 2377 575 2412 praedicatum
601 2378 706 2404 relata
731 2373 762 2412 3,
784 2374 839 2403 70.
865 2389 909 2393 -

152 2426 193 2454 311
227 2425 322 2459 plura
347 2423 559 2452 substantiva
591 2423 695 2450 relata
727 2429 790 2456 quo
833 2421 908 2448 loco

153 2475 317 2507 ponantur
328 2468 359 2507 4,
377 2467 456 2498 588.
478 2485 521 2488 -
544 2476 665 2504 genere
684 2468 724 2496 ad
742 2466 909 2503 posterius

152 2519 260 2546 relata
295 2515 323 2554 1,
362 2514 441 2544 553.
468 2531 513 2534 -
539 2522 557 2543 3
596 2514 728 2543 nomine
774 2517 910 2548 regente

152 2565 195 2593 311
221 2567 357 2599 rectum,
381 2569 401 2590 a
425 2566 516 2590 recto
543 2562 583 2590 ad
610 2568 730 2596 regens
747 2561 852 2588 relata
876 2558 909 2595 8,

152 2606 233 2639 526.
260 2624 304 2628 -
328 2616 386 2643 pro
409 2608 553 2643 genitivo
585 2607 658 2636 eius
692 2606 788 2635 vocis
825 2605 911 2634 unde

152 2655 295 2684 formata
326 2658 403 2683 sunt.
438 2653 471 2691 2,
503 2651 581 2682 543.
613 2669 656 2673 -
681 2652 849 2688 prolepsis
879 2649 911 2689 4,

151 2700 207 2731 22.
233 2716 277 2721 —-
304 2701 450 2729 additum
475 2700 662 2729 masculino
687 2703 719 2728 et
735 2698 910 2727 feminino:

153 2744 295 2777 varium
325 2743 467 2784 femina
503 2744 535 2784 4,
574 2745 653 2774 569.
702 2742 836 2774 rediere
875 2740 911 2772 in

152 2790 308 2834 pristina
347 2789 437 2821 vires
479 2790 538 2828 12,
569 2788 648 2820 424.
676 2807 713 2811 -
741 2790 907 2820 adiectiva

154 2843 272 2870 neutra
297 2846 369 2867 cum
393 2837 539 2873 genitivo
571 2837 624 2866 sui
648 2836 850 2866 substantivi
878 2832 907 2871 1,

153 2886 232 2916 422.
263 2900 307 2905 —
329 2889 447 2914 neutra
476 2892 534 2920 pro
562 2883 785 2912 substantivis
811 2883 908 2911 modo

152 2937 242 2962 nom.
274 2936 306 2960 et.
336 2930 533 2960 accusativo
571 2928 606 2967 1,
639 2928 717 2958 599.
742 2944 786 2949 -
811 2929 910 2958 etiam

152 2978 321 3008 adiectiva
344 2977 411 3007 alia
432 2980 607 3006 assumunt
631 2972 663 3013 7,
690 2973 768 3003 562.

107 3022 260 3067 adigere
286 3033 314 3054 c.
341 3022 398 3054 inf.
424 3022 456 3062 6,
483 3021 561 3053 696.

1668 90 1748 129 669

955 205 1056 238 adire
1093 217 1141 238 se.
1173 217 1239 238 rem
1271 209 1409 238 arduam
1438 208 1471 246 5,
1498 205 1575 238 379.
1604 223 1642 228 —
1670 205 1753 237 deos

999 254 1032 291 8,
1056 252 1134 283 544.
1160 270 1203 275 —
1225 254 1330 293 fama
1351 253 1469 285 sidera
1498 253 1527 293 1,
1550 251 1629 284 287.

955 297 1079 329 adlabi
1103 299 1134 337 3,
1161 299 1237 330 131.

955 343 1101 387 adligat
1124 346 1244 376 fluvius
1269 347 1433 376 hominem
1460 346 1491 384 6,
1515 345 1592 376 439.

955 389 1196 432 adloquuntur
1219 394 1367 423 homines
1399 393 1578 423 inanimata
1601 396 1633 422 et
1661 393 1757 421 bruta

1002 437 1054 474 12,
1081 435 1134 467 95.

955 480 1111 513 adnuere
1138 484 1166 520 l,
1193 483 1272 514 250.

956 527 1097 559 adolere
1121 532 1238 568 altare,
1264 531 1372 565 ignem
1401 529 1431 569 1,
1457 527 1533 560 704.

956 573 1046 604 ador
1069 576 1102 604 in
1128 577 1237 605 sacris
1267 574 1298 614 7,
1324 575 1399 605 109.

958 619 1128 650 Adoratio
1153 621 1184 659 4,
1209 621 1263 651 62.

956 665 1133 697 Adrastus
1156 668 1187 705 6,
1209 667 1288 697 480.

955 710 1093 743 adscire
1120 722 1150 743 v.
1177 711 1302 743 accire.

955 757 1120 789 adsidere
1145 769 1174 792 c.
1199 768 1271 789 acc.
1302 759 1354 797 11,
1380 759 1460 792 304.

956 803 1165 846 adspectant
1190 812 1319 835 montes
1345 811 1451 837 terras
1478 806 1507 844 1,
1534 804 1612 836 420.

956 849 1148 892 adspicere,
1170 853 1314 882 invisere
1338 851 1370 889 2,
1395 851 1471 883 596.
1501 869 1538 873 -
1568 854 1607 882 de
1633 853 1695 882 diis
1725 853 1759 890 9,

1001 898 1077 927 2119.
1107 914 1148 918 -
1173 907 1206 927 α.
1228 899 1370 934 aliquem
1396 902 1518 929 contra
1539 899 1592 937 ll,
1618 897 1696 928 374.
1712 914 1758 918 —

1004 942 1151 984 adspice
1179 946 1217 974 ut
1246 953 1273 974 c.
1301 945 1367 974 ind.
1393 945 1424 983 6,
1453 945 1530 974 780.

957 987 1144 1030 adspt'rarc
1183 991 1302 1029 alicui,
1350 999 1473 1028 cupere
1514 989 1565 1029 12,
1609 989 1687 1020 352.
1713 1005 1758 1010 —

1003 1037 1120 1066 iuvare
1144 1036 1175 1072 2,
1201 1036 1280 1066 385.

955 1080 1117 1118 adstare,
1152 1080 1339 1121 (ΙαεῑεΙιεη,
1381 1091 1459 1112 esse
1485 1082 1521 1121 3,
1547 1081 1620 1112 123.
1647 1097 1693 1103 -
1719 1084 1759 1112 de

1003 1129 1148 1165 spectris
1175 1127 1205 1166 3,
1236 1128 1308 1158 150.

959 1173 1167 1204 adsuescere
1198 1183 1224 1204 c.
1251 1177 1315 1205 3111.
1337 1175 1377 1211 9,
1399 1174 1476 1204 607.
1501 1191 1545 1195 -
1572 1174 1694 1210 aliquid
1727 1172 1760 1211 6,

955 1264 1169 1307 adtorqaens
1195 1268 1299 1295 semet
1325 1268 1445 1296 lectum
1470 1267 1501 1304 9,
1524 1265 1578 1295 52.

957 1310 1137 1342 Adulterii
1163 1313 1285 1341 crimen
1311 1319 1364 1347 ap.
1388 1315 1557 1342 Romanos
1581 1310 1612 1347 6,
1636 1308 1714 1340 612.

955 1356 1168 1388 Aduerbium
1196 1358 1385 1393 explicatur
1417 1359 1568 1394 sequenti
1601 1361 1761 1387 substan-

1000 1405 1066 1433 tivo
1089 1409 1120 1432 et
1146 1404 1339 1439 pronomine
1358 1401 1446 1440 (huc
1465 1421 1509 1426 -
1528 1402 1652 1433 vestris
1670 1402 1761 1439 oris)

999 1449 1031 1485 5,
1060 1449 1137 1478 609.
1164 1465 1207 1469 —-
1235 1451 1465 1484 pronominale
1489 1458 1547 1486 pro
1569 1451 1761 1485 pronomine

999 1501 1029 1525 et
1048 1495 1294 1531 praepositione
1313 1493 1439 1531 (uude.
1456 1504 1476 1525 a
1493 1496 1579 1536 qno)
1595 1495 1628 1532 8,
1648 1493 1702 1525 71.
1717 1511 1762 1516 -

999 1552 1057 1578 pro
1082 1543 1247 1571 adiectivo
1281 1550 1360 1571 esse
1389 1543 1516 1571 videtur
1543 1542 1574 1580 3,
1613 1540 1692 1572 489.
1717 1557 1762 1562 -

999 1590 1143 1619 abundat
1172 1588 1203 1625 6,
1231 1587 1307 1616 751.

952 1634 1135 1671 adversus,
1159 1635 1332 1669 oppositus
1360 1634 1389 1671 1,
1411 1632 1488 1663 420.

953 1681 1101 1722 adytum
1126 1680 1158 1718 3,
1185 1679 1238 1708 92.

953 1726 1147 1768 aedificare
1174 1733 1285 1755 naves
1310 1724 1342 1763 2,
1374 1723 1424 1754 16.

954 1774 1123 1816 Aegaeon
1152 1772 1182 1808 6,
1215 1771 1292 1800 287.

954 1829 1063 1863 aeger
1090 1820 1118 1857 l,
1143 1817 1207 1848 351
1247 1819 1286 1846 de
1333 1818 1452 1847 animo.
1499 1832 1543 1838 —
1594 1816 1761 1848 mortales

1001 1863 1105 1906 aegri
1130 1865 1163 1901 2,
1186 1864 1266 1894 268.

959 1910 1068 1955 Aegis
1096 1910 1188 1941 Iovis
1213 1912 1246 1948 8,
1268 1908 1345 1940 354.
1610 1948 1615 1953 ·

956 1955 1098 2000 aegroti
1119 1964 1194 1988 ante
1221 1958 1342 1986 ianuas
1369 1960 1579 1992 exponuntur
1604 1955 1656 1992 12,
1683 1955 1764 1986 395.

960 2001 1148 2036 Aeneadae
1173 2005 1327 2033 dicuntur
1353 2003 1489 2032 Troiani
1515 2002 1546 2038 1,
1577 2002 1652 2032 157.

958 2050 1096 2082 Aeneas
1131 2058 1191 2080 rex
1217 2050 1250 2087 1,
1276 2048 1329 2079 38.
1381 2049 1516 2085 indiges
1544 2047 1581 2087 1,
1614 2047 1693 2078 259.
1716 2063 1762 2069 —

1002 2098 1051 2127 bis
1075 2097 1170 2126 morti
1193 2102 1327 2132 ereptus
1353 2095 1385 2134 4,
1412 2094 1491 2124 228.
1516 2111 1559 2115 -
1586 2103 1763 2130 compara·

1001 2149 1052 2172 tur
1075 2151 1149 2172 cum
1177 2144 1317 2172 Hectore
1349 2141 1399 2181 11,
1425 2141 1505 2171 289.
1534 2147 1565 2170 111
1594 2149 1679 2177 quae
1702 2149 1764 2169 ve-

1002 2190 1040 2219 lit.
1065 2197 1083 2218 e
1112 2189 1211 2218 Troia
1232 2189 1361 2218 auferat
1378 2189 1499 2219 Graeci
1526 2189 1712 2218 concedunt
1730 2186 1764 2225 2,

1002 2234 1080 2265 636.
1106 2251 1150 2256 —
1175 2236 1249 2264 eius
1278 2238 1470 2271 sepulcrum
1497 2232 1529 2271 6,
1558 2232 1635 2263 332.

957 2290 1089 2312 aeneae
1111 2281 1219 2311 falces
1244 2281 1276 2310 in
1302 2284 1403 2312 rebus
1429 2281 1570 2318 magicis
1595 2279 1628 2318 4,
1655 2278 1734 2310 513.

959 2325 1111 2358 Aeneius
1136 2327 1202 2356 adi.
1231 2325 1262 2366 7,
1293 2327 1318 2357 1.

960 2370 1111 2404 Aenides
1137 2374 1255 2403 dicitur
1280 2374 1448 2404 Ascanius
1470 2374 1502 2412 9,
1529 2370 1606 2403 643.

959 2419 1078 2450 ‚Aelius
1107 2428 1182 2455 opp.
1203 2419 1235 2457 3,
1264 2420 1315 2449 17.

960 2463 1107 2496 Aeoliae
1130 2467 1265 2496 insulae
1293 2466 1321 2504 1,
1347 2465 1402 2495 52.

960 2510 1089 2542 Aeolus
1109 2520 1169 2542 rex
1196 2518 1370 2542 ventorum
1402 2511 1427 2548 t,
1454 2510 1511 2541 52.

958 2555 1128 2599 aequales
1153 2560 1318 2588 catervae
1342 2559 1440 2594 quid?
1473 2558 1523 2593 10,
1555 2555 1630 2586 194.

960 2612 1116 2644 aequare
1139 2604 1261 2639 aliquid
1289 2606 1426 2635 dicendo
1452 2603 1491 2642 2,
1522 2602 1600 2633 362.
1626 2619 1668 2623 --
1703 2603 1765 2631 ali-

1006 2651 1080 2686 quid
1112 2651 1251 2686 tempori
1276 2650 1308 2689 9,
1333 2649 1411 2681 338.

961 2694 1075 2737 Aequi
1097 2694 1128 2734 7,
1155 2696 1231 2727 744.
1259 2713 1298 2718 -
1329 2694 1442 2737 Aequi
1469 2692 1604 2726 Falisci
1626 2695 1659 2731 7,
1685 2694 1764 2723 695.

959 2750 1091 2783 aequor
1115 2743 1191 2778 quid
1223 2743 1265 2772 sit
1292 2742 1324 2777 5,
1350 2743 1428 2775 456.

959 2796 1110 2829 acquum
1134 2789 1187 2818 ius
1213 2788 1246 2827 2,
1269 2787 1349 2818 427.
1374 2804 1420 2810 —-
1442 2795 1570 2823 aequus
1601 2786 1764 2822 propitius

1003 2835 1042 2871 6,
1080 2833 1155 2864 129.
1181 2850 1226 2854 —
1251 2843 1362 2875 aequo
1402 2832 1518 2864 Marte
1546 2833 1579 2870 7,
1613 2832 1691 2863 540.
1720 2847 1763 2852 —

1003 2881 1122 2916 aequis
1165 2881 1272 2910 oculis
1313 2881 1488 2917 adspicere
1521 2878 1560 2917 9,
1589 2878 1668 2908 209.
1719 2894 1764 2899 -—-

1007 2935 1170 2967 aequum,
1202 2934 1328 2961 aequor
1349 2927 1381 2964 9,
1407 2926 1461 2956 68.

961 2981 1022 3002 aer
1037 2973 1069 3002 in
1086 2973 1342 3003 lustrationibus
1359 2973 1391 3011 6,
1402 2971 1482 3003 740.

961 3022 1109 3050 aeratae
1132 3027 1241 3049 naves
1268 3018 1295 3054 1,
1320 3018 1378 3049 35.
