2044 3329
872 142 1144 176 PRAEFATIO.
1797 140 1822 164 V

200 260 333 310 atque
373 255 595 298 libidinem
637 256 844 310 pereundi
893 256 1184 311 perdendique
1226 254 1368 298 omnia
1413 255 1673 297 invexerant.
1731 253 1824 295 Hac

194 324 345 379 populi
374 324 473 366 labe
498 325 702 366 commoti
732 325 925 367 homines
953 325 1122 379 patriae
1147 327 1340 366 amantes
1367 337 1444 377 pro
1473 337 1553 365 sua
1577 326 1702 377 parte
1720 323 1824 364 vitia

195 393 411 446 corrigere
456 397 499 435 et
544 407 685 434 mores
724 393 951 435 emendare
1001 392 1241 447 cupiebant.
1298 392 1386 434 Nec
1424 392 1646 445 Virgilius,
1693 392 1821 434 homo

194 461 459 503 castissimus
490 464 533 503 et
557 461 862 513 sanctissimus,
890 475 1046 515 pravos
1064 460 1337 515 popularium
1359 473 1498 501 mores
1515 473 1653 514 aequo
1678 460 1821 502 animo

194 531 434 585 spectabat,
467 531 542 573 sed
576 532 632 573 ad
663 531 792 573 decus
822 546 893 573 eos
916 536 958 573 et
982 532 1185 573 virtutem
1204 528 1466 572 carminibus
1486 529 1574 571 suis
1603 528 1822 570 excitabat

194 604 460 653 conatusque
490 604 555 642 est
587 604 629 642 et
660 600 882 655 Georgicis
911 605 952 643 et
978 600 1165 643 Aeneide
1189 599 1412 654 antiquam
1436 598 1640 640 reducere
1655 611 1822 639 morum

193 667 467 721 probitatem.
527 668 638 709 Nam
668 682 776 722 agro
805 668 983 710 colendo
1012 667 1192 709 Romani
1222 670 1265 709 et
1292 665 1516 708 robustum
1544 680 1701 720 corpus
1735 680 1820 707 ser-

191 740 405 788 vaverant,
433 736 556 778 bellis
584 736 700 787 utile,
733 739 776 778 et
802 736 1108 789 parsimoniam
1142 747 1371 788 omnesque
1394 733 1573 775 virtutes
1601 734 1822 776 coluerant

194 818 305 857 quae
334 805 423 846 eius
455 804 632 846 comites
659 817 749 845 esse
782 803 930 845 solent.
991 804 1131 853 Quare
1161 817 1292 856 quum
1331 802 1596 856 agricultura
1630 802 1716 844 iam
1747 801 1821 842 diu

192 876 544 923 contemneretur,
564 871 687 913 bellis
704 876 847 914 autem
863 871 1056 913 civilibus
1072 885 1174 925 ager
1186 871 1293 913 adeo
1309 874 1421 913 esset
1436 869 1641 922 desertus,
1658 872 1707 910 ut
1731 869 1821 910 fru-

192 946 336 984 mento
377 957 429 984 ex
471 942 617 984 Sicilia
657 946 700 983 et
734 943 929 996 Aegypto
967 941 1099 983 allato
1137 940 1321 995 populus
1356 941 1574 981 Romanus
1612 939 1820 997 aleretur3

193 1026 323 1065 quum
352 1011 591 1053 latifundiis
612 1011 790 1053 divitum
810 1024 1020 1064 pauperes
1046 1009 1186 1051 coloni
1215 1009 1509 1062 exigerentur3
1539 1021 1671 1060 quum
1699 1021 1821 1061 spor-

192 1079 295 1120 tulis
325 1078 471 1132 plebes
499 1080 702 1130 Romana,
727 1092 834 1132 quas
864 1092 891 1119 a
919 1076 1166 1132 potentibus
1197 1076 1428 1131 acciperet,
1474 1076 1519 1116 in
1546 1075 1652 1116 urbe
1691 1088 1821 1129 quam

192 1147 237 1188 in
266 1161 370 1200 agro
399 1146 595 1200 frugibus
630 1161 706 1188 suo
736 1145 885 1188 labore
925 1145 1063 1200 partis
1104 1145 1252 1187 mallet
1291 1143 1542 1186 sustentari:
1601 1142 1821 1197 Georgicis

193 1217 281 1258 suis
307 1216 512 1270 Virgilius
542 1217 637 1270 agri
666 1231 856 1258 amorem
887 1215 1119 1258 revocabat
1155 1219 1198 1257 et
1238 1215 1353 1257 omni
1394 1214 1537 1256 studio
1573 1216 1616 1254 et
1649 1212 1820 1266 ingenio

194 1284 422 1338 descripSit
447 1285 687 1336 arationes,
731 1285 941 1336 sationes,
991 1284 1345 1335 stercorationes,
1387 1282 1589 1324 arborum
1611 1285 1653 1323 et
1672 1281 1823 1322 vitium

193 1354 424 1405 culturam,
467 1367 670 1406 pecorum
716 1356 759 1394 et
807 1352 953 1406 apium
991 1365 1160 1403 curam,
1216 1364 1294 1392 nec
1333 1353 1477 1392 tamen
1519 1348 1667 1402 attigit
1698 1347 1822 1389 villas

190 1424 288 1465 illas
319 1423 577 1477 splendidas,
607 1437 718 1477 quae
748 1422 975 1464 materiam
1001 1420 1210 1477 praebere
1235 1420 1491 1461 videbantur
1521 1418 1656 1459 multo
1684 1417 1822 1470 aptio-

191 1507 293 1544 rem,
322 1507 459 1546 neque
482 1496 616 1534 artem
634 1492 875 1547 topiariam,
905 1505 1043 1545 neque
1054 1490 1218 1532 aviaria
1237 1489 1428 1531 altilibus
1458 1486 1644 1531 cuiusvis
1656 1485 1823 1539 generis

191 1561 328 1614 plena.
386 1560 503 1603 Idem
532 1561 575 1602 111
604 1560 791 1602 Aeneide
818 1560 1021 1602 Romanis
1048 1559 1275 1614 proposuit
1307 1558 1519 1612 exempla,
1565 1555 1678 1598 unde
1707 1553 1824 1607 quod

191 1629 466 1671 imitarentur
494 1633 710 1684 caperent,
744 1628 858 1670 unde
886 1628 1060 1671 foedum
1089 1628 1277 1681 inceptu,
1302 1626 1476 1668 foedum
1491 1625 1608 1667 exitu
1623 1624 1822 1668 vitarent.

192 1697 357 1740 Deinde
385 1712 516 1752 quum
544 1698 706 1752 pietate
732 1698 775 1739 in
806 1697 909 1739 deos
938 1701 981 1739 et
1007 1695 1292 1747 observantia,
1321 1695 1551 1736 sanctitate
1580 1706 1748 1734 morum
1780 1693 1823 1733 et

195 1768 414 1819 castitate,
451 1779 584 1820 quum
612 1766 705 1807 iure
735 1770 777 1807 et
801 1779 938 1819 aequo
969 1763 1166 1815 colendo,
1201 1777 1332 1817 quum
1363 1762 1616 1805 fortitudine
1651 1764 1694 1802 et
1724 1774 1822 1801 con-

194 1835 355 1877 stantia
366 1835 547 1877 Romani
574 1834 631 1877 ad
657 1849 867 1876 summum
879 1847 1021 1875 rerum
1033 1832 1254 1886 fastigium
1283 1834 1424 1873 essent
1444 1830 1592 1882 evecti,
1618 1830 1695 1871 has
1707 1830 1822 1885 ipsas

193 1905 374 1946 virtutes
405 1918 456 1945 ex
480 1903 691 1945 maiorum
716 1903 845 1944 rebus
874 1902 1005 1956 gestis
1036 1900 1376 1943 commendabat.
1435 1900 1505 1942 Sic
1531 1899 1624 1953 ipse
1646 1899 1823 1951 Aeneas,

195 1974 303 2016 divis
322 1976 454 2024 ortus,
481 1973 698 2027 exemplar
724 1976 788 2014 est
813 1971 998 2013 hominis
1015 1969 1213 2012 Romani:
1244 1969 1341 2023 pius
1358 1968 1401 2009 in
1425 1967 1525 2009 deos
1545 1971 1588 2009 et
1611 1970 1823 2022 parenteS,

195 2058 339 2093 sacra,
366 2041 667 2091 caerimonias,
695 2041 887 2094 auspicia
915 2038 1183 2081 sanctissime
1211 2036 1337 2088 colit,
1372 2035 1612 2089 intrepidus
1640 2035 1685 2076 in
1712 2033 1823 2088 peri-

196 2111 302 2153 culis
318 2114 361 2151 et
386 2108 596 2150 infractus
612 2108 762 2149 labore
786 2108 910 2149 malis
940 2121 1023 2148 non
1048 2106 1179 2157 cedit3
1208 2104 1387 2157 insignis
1417 2106 1482 2145 est
1496 2104 1656 2145 virtute
1686 2116 1823 2156 neque

193 2180 372 2224 inferior
401 2178 598 2230 Hectore,
627 2177 862 2219 fortissimo
892 2180 935 2218 et
962 2178 1143 2229 propter
1170 2172 1467 2215 fortitudinem
1496 2172 1561 2214 vel
1591 2187 1617 2213 a
1646 2171 1822 2213 Graecis

194 2249 386 2292 laudato.
446 2246 609 2298 (Talem
638 2246 768 2287 fuisse
796 2247 983 2286 Aeneam
1008 2243 1138 2285 etiam
1168 2256 1219 2283 ex
1238 2241 1423 2282 Homero
1449 2245 1623 2294 poterat
1651 2241 1822 2282 demon-

197 2317 347 2367 strari,
400 2314 515 2368 apud
568 2328 695 2367 quem
730 2314 895 2354 Aeneas
940 2316 987 2353 ut
1033 2311 1137 2353 deus
1186 2309 1343 2351 colitur
1380 2323 1407 2350 a
1442 2309 1638 2350 Troianis
1680 2312 1724 2349 et
1757 2307 1822 2348 vel

197 2385 378 2429 Achillis
420 2398 501 2438 par
533 2383 718 2424 habetur
764 2382 1035 2424 adversarius
1065 2381 1113 2422 Il.
1142 2380 1238 2431 XX,
1281 2381 1332 2418 75
1369 2377 1478 2431 sqq.)
1539 2378 1627 2419 Nec
1678 2381 1824 2418 tamen

197 2454 427 2498 temeraria
458 2457 523 2495 est
548 2453 636 2494 eius
662 2451 892 2503 fortitudo,
945 2450 1019 2493 sed
1059 2453 1108 2491 ut
1146 2448 1309 2490 strenui
1348 2447 1515 2498 militis,
1560 2447 1622 2487 ita
1655 2444 1824 2500 providi

199 2525 320 2567 ducis
346 2523 490 2565 officia
515 2522 781 2575 exsequitur3
833 2519 985 2562 deinde
1013 2518 1111 2560 fidei
1141 2518 1270 2559 datae
1297 2520 1362 2558 est
1389 2515 1730 2557 servantissimus
1759 2514 1825 2555 vel

199 2595 404 2638 adversus
439 2593 605 2643 hosteS,
660 2593 888 2644 praeterea
926 2589 1036 2631 bene
1073 2587 1126 2629 de
1164 2587 1252 2628 suis
1280 2585 1454 2634 mereri,
1495 2583 1685 2634 laudari,
1730 2583 1824 2633 coli,

199 2664 321 2718 diligi
351 2662 587 2717 gloriosum
614 2662 752 2714 putat.
811 2657 882 2700 Sic
913 2660 1044 2712 poeta
1074 2655 1295 2709 Georgicis
1326 2653 1601 2704 domesticas,
1630 2651 1826 2706 publicas

200 2734 491 2774 Romanorum
518 2729 698 2770 virtutes
728 2727 914 2769 Aeneide
943 2724 1202 2768 celebrabat.

317 2809 399 2853 Sed
427 2810 557 2852 etiam
588 2809 804 2851 delectare
828 2808 977 2849 volunt
1012 2810 1178 2861 poetae.
1236 2803 1348 2855 Quid
1385 2806 1548 2853 autem,
1585 2814 1724 2842 nonne
1754 2799 1826 2841 de-

200 2881 473 2924 lectabantur
498 2879 691 2930 Romani,
722 2892 852 2932 quum
877 2891 966 2918 rem
996 2876 1067 2930 agi
1095 2875 1285 2928 legerent
1314 2873 1367 2914 iis
1393 2872 1436 2913 in
1458 2871 1576 2922 locis,
1601 2870 1647 2911 in
1671 2869 1828 2922 quibus

202 2952 285 3006 ipsi
315 2949 619 2999 versabantur,
657 2961 787 3001 quum
817 2946 1058 2996 nominum,
1099 2957 1286 2993 morum,
1327 2941 1486 2982 rituum
1523 2941 1829 2992 cognoscerent

203 3020 415 3063 rationem
443 3022 486 3060 et
517 3015 753 3071 originem?
814 3013 974 3065 Quodsi
1013 3027 1109 3064 nos,
1165 3010 1336 3066 quando
1367 3007 1597 3051 Aeneidem
1636 3007 1828 3060 legimus,
