2023 3350
259 91 340 130 568

810 87 847 118 P.
871 85 1065 118 VtRGtLll
1093 86 1298 120 MARONtS

260 203 562 254 Ingentemque
596 200 768 249 animis,
807 199 1023 252 ingentem
1058 213 1240 253 corpore
1278 205 1321 243 et
1359 201 1489 243 armis

259 258 412 300 Deiicit
452 257 738 306 Herminium,
775 255 889 297 nudo
928 256 996 296 cui
1036 258 1191 298 vertice
1233 258 1350 300 fulva

260 314 479 357 Caesaries
514 313 701 367 nudique
735 313 922 364 humeri,
959 327 1036 354 nec
1073 314 1246 355 volnera
1286 319 1470 367 terrent,

257 372 417 413 Tantus
453 371 497 412 in
537 385 658 412 arma
699 374 831 424 patet.

890 371 1022 412 Latos
1064 370 1164 412 huic
1199 371 1325 413 hasta
1361 387 1437 426 per
1472 387 1616 414 armos

258 431 366 470 Acta
403 429 572 479 tremit,
607 428 887 482 duplicatque
925 428 1062 469 virum
1095 427 1304 470 transfixa
1344 429 1502 471 dolore.

1808 429 1889 467 645

256 485 468 527 Funditur
504 490 599 528 ater
635 486 794 539 ubique
830 499 974 538 cruor;
1015 486 1120 527 dant
1157 485 1308 527 funera
1345 486 1459 528 ferro

260 543 502 594 Certantes,
536 543 846 598 pulchramque
885 547 1036 596 petunt-
1067 557 1144 598 per
1177 543 1351 584 volnera
1381 548 1572 586 mortem.

375 602 431 642 At
468 601 630 643 medias
668 601 780 642 inter
819 600 972 642 caedes
1013 601 1200 642 exsultat
1236 602 1436 650 Amazon,

258 658 398 700 Unum
434 663 603 700 exserta
634 659 748 700 latus
782 672 969 713 pugnae,
1008 659 1262 713 pharetrata
1300 658 1503 709 Camilla,

258 716 314 757 Et
350 730 461 757 nunc
496 717 612 759 lenta
645 731 775 758 manu
810 730 1017 770 spargens
1054 716 1231 757 hastilia
1264 715 1423 767 denset,

1813 715 1894 754 650

257 773 380 815 Nunc
417 773 604 815 validam
648 774 801 816 dextra
832 775 948 828 rapit
984 773 1199 815 indefessa
1235 772 1473 827 bipennem.

258 832 425 873 Aureus
465 846 516 873 ex
547 832 723 874 humero
764 836 890 873 sonat
923 846 1048 874 arcus
1084 836 1127 873 et
1166 845 1286 873 arma
1316 831 1494 872 Dianae.

258 889 340 931 Illa
380 889 525 941 etiam,
566 890 601 931 si
642 889 812 943 quando
850 890 894 930 in
932 894 1101 943 tergum
1137 890 1264 943 pulsa
1296 889 1484 939 recessit,

259 946 436 1001 Spicula
468 961 672 989 converso
711 946 920 1000 fugientia
961 947 1111 1001 dirigit
1150 961 1264 988 arcu.

260 1006 317 1046 At
355 1005 515 1047 circum
549 1005 687 1047 lectae
725 1005 920 1056 comites,
951 1005 1193 1059 Larinaque
1230 1005 1363 1058 virgo,

1814 1003 1896 1042 655

258 1062 485 1116 Tullaque,
527 1067 569 1105 et
605 1066 798 1105 aeratam
837 1063 1034 1116 quatiens
1072 1062 1255 1116 Tarpeia
1293 1061 1487 1112 securim,

258 1120 452 1173 Italides,
490 1135 595 1175 quas
634 1121 730 1176 ipsa
766 1120 895 1162 decus
930 1120 1011 1162 sibi
1049 1120 1120 1162 dia
1156 1119 1337 1162 Camilla

258 1177 444 1231 Delegit.
484 1179 688 1233 pacisque
724 1178 861 1220 bonas
895 1178 1083 1233 bellique
1116 1178 1354 1220 ministras:

304 1307 380 1337 642.
409 1306 533 1338 Deiicit
559 1309 721 1345 proprium
750 1312 811 1337 hac
842 1310 875 1338 in
909 1318 943 1338 re
977 1318 1052 1338 ver-

260 1357 351 1390 bum;
385 1355 430 1384 ita
455 1354 533 1384 665.
559 1357 617 1384 Ov.
648 1357 688 1383 Μ.
714 1354 745 1391 3,
773 1355 848 1384 303.
887 1371 931 1375 -—
966 1353 1053 1385 Her·-

260 1398 389 1429 mim'us
421 1402 528 1436 capite
558 1406 584 1429 et
624 1405 754 1436 pectore
789 1403 874 1429 nudo
908 1405 976 1439 est,
1023 1406 1054 1430 ut

261 1448 413 1475 ostendat
439 1449 504 1475 tela
525 1454 561 1474 se
591 1454 654 1474 non
682 1446 804 1474 timere.

307 1490 383 1520 644.
410 1493 463 1521 Sic
488 1494 549 1520 ΟΥ.
577 1495 617 1521 Μ.
648 1490 695 1527 13,
729 1491 788 1519 tta
807 1494 905 1531 patet
921 1490 1056 1533 plagis,

262 1536 329 1566 392
353 1536 468 1576 patuit
491 1536 602 1574 ferro.
642 1541 718 1566 Seu.
742 1541 804 1572 Ag.
830 1539 872 1566 97
904 1536 1057 1578 Corpora

262 1581 388 1611 morbis
429 1581 563 1612 maiora
598 1584 732 1622 patent.
781 1599 823 1603 —
871 1592 986 1612 armos
1018 1583 1058 1612 cf.

261 1627 292 1663 4,
325 1629 372 1657 11.

306 1673 384 1703 645.
417 1671 595 1713 Duplicat,
622 1675 790 1708 incurvat3
831 1674 879 1702 ita
905 1672 957 1709 14,
981 1672 1058 1702 927.

263 1721 323 1748 OV.
362 1722 402 1748 M.
443 1719 474 1756 6,
515 1718 581 1747 293
622 1716 876 1758 duplicataque
919 1716 1060 1747 vulnere

260 1773 362 1794 caeco
395 1767 464 1799 est‚·
510 1765 530 1793 i.
560 1774 588 1793 e.
625 1766 777 1799 collapsa
815 1770 864 1793 est
902 1764 1058 1793 moriens.

261 1814 341 1840 Stat.
370 1812 470 1839 Theb.
494 1809 525 1846 3,
556 1810 600 1838 89
625 1808 802 1849 ingentem
829 1807 914 1839 nixu
941 1807 1059 1850 dupli-

261 1858 361 1886 catus
385 1853 421 1885 in
445 1853 550 1886 ictum
578 1853 718 1885 corruit.

262 1932 452 1965 648—724.
510 1931 669 1964 Camillae
707 1932 835 1964 virtute
874 1932 1060 1964 vincuntur

584 1978 731 2010 Etrusci.

307 2036 385 2066 648.
413 2035 567 2067 Amazon
609 2039 724 2067 dicitur
765 2038 920 2074 Camilla,
971 2044 1057 2071 quae

261 2084 467 2112 Amazonum
506 2092 595 2113 more
638 2092 675 2113 se
708 2087 840 2119 gerebat
873 2088 903 2111 et
938 2085 1059 2112 vestitu

262 2129 303 2158 cf.
338 2132 412 2158 Sen.
446 2131 561 2165 Agam.
584 2129 651 2158 217
684 2127 781 2169 picta
810 2126 997 2168 pharetras
1030 2131 1061 2158 et

263 2172 465 2215 securigera
493 2184 598 2204 mann
631 2173 770 2216 peltata
800 2175 967 2205 Amazon.

308 2219 384 2249 649.
412 2230 517 2250 nuum
542 2219 637 2250 latus
661 2223 796 2250 exserta
820 2228 933 2249 accus.
960 2220 1000 2249 cf.
1026 2219 1058 2256 2,

262 2266 338 2296 273.
388 2267 441 2295 Sic
473 2269 626 2297 exsertus
653 2275 683 2296 v.
718 2265 795 2295 803.
831 2267 862 2301 1,
890 2265 967 2295 492.
1017 2267 1057 2295 At

263 2313 409 2349 videtur,
445 2317 477 2341 ut
507 2314 696 2342 venatrices
722 2313 868 2345 Dianae,
908 2314 1057 2341 dextram

263 2366 433 2388 mammam
459 2359 672 2397 exseruisse,
712 2367 776 2393 quo
801 2358 939 2387 habilior
963 2364 1055 2387 esset

262 2405 369 2435 iaculo
395 2406 510 2434 dextra
537 2413 664 2434 manus.
714 2406 768 2433 Sic
793 2406 941 2438 Hasbyte
962 2404 1055 2439 virgo

263 2457 312 2479 est
347 2448 505 2480 dextrum
534 2447 648 2487 feroci
686 2448 782 2479 nuda
816 2448 910 2479 latus
949 2447 1059 2478 Marti

263 2505 315 2533 ap.
340 2497 397 2525 Sil.
417 2496 449 2532 2,
475 2494 530 2525 78.
557 2500 587 2524 et
610 2498 758 2525 Amazon
792 2497 848 2524 illa
874 2504 1056 2525 marmorea

262 2543 295 2571 in
331 2545 446 2571 Museo
486 2543 790 2572 Pio—clementino
827 2543 897 2572 stat
939 2543 1055 2570 dextra

263 2596 404 2617 mamma
440 2589 573 2617 nudata.
622 2591 731 2622 Neque
768 2588 853 2616 enim
880 2593 1054 2616 venustum

263 2638 332 2663 erat
357 2634 499 2669 pingere,
523 2635 608 2668 quod
634 2639 792 2670 narratur,
819 2636 858 2662 ab
873 2634 1056 2662 Amazoni-

262 2682 323 2709 bus
350 2681 495 2709 dextram
523 2687 706 2716 mammam,
729 2687 770 2708 ne
793 2680 1054 2708 arcuitendendo

264 2728 408 2761 obesset,
430 2734 508 2754 esse
532 2725 692 2755 excisam.
725 2725 772 2754 Cf.
791 2726 877 2754 Curt.
898 2725 930 2761 6,
949 2726 980 2761 5,
998 2725 1053 2754 28.

267 2787 303 2792 —
329 2779 494 2812 pugnae.-
518 2772 556 2799 ad
579 2778 720 2807 pugnam
743 2776 775 2800 ut
800 2771 938 2800 habilior
961 2772 1014 2800 sit.

309 2816 385 2845 650.
409 2824 581 2856 spargens
612 2816 652 2845 cf.
692 2815 745 2854 12,
778 2815 832 2845 51.
862 2833 906 2836 -
936 2814 1054 2846 denset

264 2862 286 2890 i.
308 2870 335 2891 e.
363 2864 429 2891 tam
455 2862 604 2891 celeriter
636 2863 742 2901 mittit,
779 2867 812 2891 ut
845 2864 968 2891 densae
991 2871 1053 2891 vo-

264 2909 340 2936 lent.
367 2908 407 2936 cf.
434 2908 465 2945 7,
488 2906 564 2936 794.

311 2952 385 2981 651.
412 2950 523 2992 Rapit
545 2958 574 2981 ut
597 2953 674 2981 alibi
699 2958 750 2982 est
775 2954 889 2988 raptim
913 2955 999 2983 ducit
1014 2953 1055 2982 cs.

266 2998 296 3035 7,
311 2997 400 3035 725.,
424 2998 472 3027 sic
492 2999 587 3028 etiam
607 3000 721 3035 raptim
742 2999 843 3035 capit;
869 3000 943 3029 inde
963 3004 1054 3035 rapta

1102 1312 1199 1339 hasta
1223 1313 1271 1338 est
1305 1308 1455 1337 celeriter
1498 1311 1645 1343 arrepta,
1684 1314 1748 1334 non
1785 1310 1899 1341 erepta

1104 1356 1213 1384 alicui.
1265 1357 1354 1383 Hanc
1391 1362 1485 1388 quam
1518 1354 1662 1381 diximus
1687 1352 1900 1387 significatio-

1103 1410 1176 1430 nem
1201 1401 1390 1429 confirmant
1417 1400 1481 1428 loci
1505 1399 1537 1436 8,
1566 1397 1641 1426 111.
1679 1396 1710 1434 9,
1736 1396 1813 1427 763.
1847 1397 1900 1433 12,

1104 1447 1181 1475 330.
1230 1447 1303 1474 inde
1346 1449 1470 1485 raptus
1509 1452 1613 1480 paene
1649 1448 1699 1472 est
1740 1441 1900 1483 rapidus,

1104 1500 1202 1527 quum
1230 1493 1260 1520 in
1295 1496 1432 1525 utroque
1466 1492 1659 1525 praevaleat
1690 1489 1777 1518 notio
1810 1491 1900 1518 cele-

1106 1538 1220 1567 ritatis.
1249 1552 1290 1556 —
1318 1534 1496 1573 indefe-:ca
1526 1535 1567 1564 cf.
1597 1534 1647 1572 to,
1677 1532 1755 1562 770.
1780 1551 1825 1554 ——
1849 1533 1900 1563 bi-

1105 1591 1271 1623 pennem:
1311 1583 1446 1611 Securis
1473 1590 1554 1610 usus
1585 1581 1617 1609 in
1650 1582 1737 1609 bello
1765 1587 1813 1609 est
1842 1589 1900 1616 pa-

1108 1636 1229 1658 storum
1273 1628 1314 1657 cf.
1348 1628 1378 1665 7,
1414 1626 1498 1661 184„
1537 1626 1717 1662 (Bipennis
1752 1628 1901 1656 bellatori

1108 1676 1201 1703 datur
1226 1675 1344 1702 donum
1368 1673 1399 1707 5,
1424 1673 1521 1709 307.)
1547 1678 1577 1701 et
1603 1672 1773 1709 Camillae,
1815 1675 1898 1708 quod

1106 1721 1138 1748 in
1163 1721 1367 1748 Amazonum
1398 1727 1517 1747 morem
1549 1723 1688 1753 pugnal;
1734 1719 1774 1747 iis
1815 1720 1899 1748 enim

1107 1766 1271 1800 proprium
1297 1770 1345 1792 est
1367 1766 1475 1792 telum.
1513 1763 1552 1792 cf.
1581 1765 1656 1792 Hor.
1684 1764 1719 1793 C.
1743 1762 1775 1799 4,
1792 1763 1824 1802 4,
1844 1765 1899 1794 20.

1108 1813 1167 1840 Ov.
1195 1813 1286 1839 Pom.
1312 1809 1342 1846 3,
1374 1809 1400 1843 l,
1422 1809 1474 1838 95.
1511 1813 1600 1837 Suet.
1626 1811 1710 1838 Nero
1735 1807 1787 1838 44.
1823 1814 1898 1840 sen.

1105 1859 1165 1892 Ag.
1199 1857 1365 1885 laudatum
1395 1856 1434 1884 ad
1463 1863 1491 1884 v.
1522 1854 1596 1883 6⁴8.
1645 1856 1821 1884 Praeterea
1846 1865 1898 1892 ap.

1105 1905 1202 1932 Hom.
1228 1904 1267 1931 ΙΙ.
1298 1900 1348 1937 15,
1373 1899 1436 1929 711
1471 1894 1649 1930 πελέκεσσι
1672 1895 1734 1929 καὶ
1759 1892 1902 1942 ἀξίνῃσι

1103 1941 1272 1987 μάχοντο.
1315 1947 1354 1976 cf.
1389 1947 1440 1983 13,
1471 1946 1548 1975 611.
1597 1946 1759 1975 Vindelici
1790 1948 1901 1977 securi

1105 1996 1274 2022 utebantur
1315 1993 1346 2021 in
1385 1993 1507 2028 proelio
1547 1991 1588 2021 cf.
1623 1993 1698 2021 Hor.
1737 1994 1756 2021 Ι.
1799 1995 1831 2028 1.,
1869 1999 1900 2022 ut

1105 2032 1253 2078 σάγαρις
1268 2044 1316 2068 est
1336 2039 1448 2067 Persis
1470 2040 1550 2067 xen.
1567 2039 1601 2067 C.
1624 2037 1650 2074 1,
1667 2037 1698 2075 2,
1714 2037 1744 2067 9.
1764 2040 1898 2074 scythis

1107 2087 1182 2114 Her.
1205 2085 1234 2121 7,
1262 2083 1316 2113 64.

1151 2130 1227 2159 653.
1257 2128 1288 2159 sti
1315 2127 1456 2170 quando
1482 2127 1517 2158 ἰη
1556 2131 1695 2169 tergum
1722 2132 1823 2169 MRyc
1865 2127 1900 2159 in

1105 2179 1242 2216 tergum
1286 2173 1487 2215 siquando
1535 2177 1563 2203 b.
1599 2183 1665 2203 rec.
1705 2173 1762 2204 nb.
1809 2179 1900 2205 More

1105 2223 1296 2250 Parthorum
1324 2221 1417 2257 fugit,
1437 2229 1512 2250 nam
1539 2229 1594 2249 ore
1612 2221 1645 2249 in
1668 2223 1797 2251 hostem
1819 2231 1900 2251 con-

1105 2276 1206 2296 verso
1232 2270 1296 2296 tela
1323 2268 1410 2296 iacit.

1148 2312 1224 2342 654.
1252 2314 1421 2349 Fugientia
1435 2317 1509 2341 sunt
1530 2312 1671 2349 spicula,
1697 2320 1793 2347 quum
1813 2321 1898 2347 quae

1102 2359 1195 2396 iacit,
1222 2359 1294 2394 ipsa
1321 2359 1432 2394 fugiat.
1471 2355 1519 2387 ΡΙ.
1545 2366 1606 2387 suo
1633 2366 1722 2386 more
1748 2360 1900 2395 corrigit:

1102 2402 1248 2446 fugiens
1274 2413 1347 2433 sua.
1376 2421 1418 2425 —
1441 2401 1577 2442 spicula
1601 2403 1641 2432 cf.
1667 2402 1744 2434 7¹13.

1148 2450 1225 2479 656.
1252 2448 1395 2479 securim
1423 2452 1534 2486 anbc,
1559 2450 1604 2478 ita
1636 2446 1695 2485 10,
1720 2450 1786 2479 697
1811 2455 1840 2479 et
1865 2450 1898 2488 2,

1102 2495 1179 2525 224.
1215 2500 1244 2524 et
1281 2498 1363 2525 Gell.
1403 2495 1452 2532 13,
1482 2495 1527 2523 20
1559 2495 1736 2532 „Virgilius
1774 2494 1896 2525 turrim

1103 2543 1201 2578 dixit,
1243 2551 1306 2570 non
1337 2544 1483 2577 turrem,
1525 2546 1556 2570 et
1582 2540 1729 2570 securim
1757 2550 1820 2570 non
1846 2550 1898 2571 se-

1102 2587 1250 2617 cummf‘
1289 2603 1333 2606 —
1367 2595 1516 2615 securem
1549 2584 1589 2626 γ1
1627 2595 1692 2616 rec.
1731 2585 1794 2617 Ro.
1837 2589 1895 2617 sed

1101 2642 1134 2663 v.
1157 2632 1222 2662 696
1249 2630 1405 2669 securim,
1440 2633 1502 2661 etsi
1533 2633 1576 2662 ibi
1601 2641 1753 2662 securem
1783 2638 1835 2662 est
1864 2634 1896 2662 in

1129 2688 1222 2753 γ657.
1251 2721 1417 2754 Italides.-
1443 2726 1603 2760 „pulchra
1627 2724 1784 2753 derivatio
1811 2724 1848 2759 (ἰ.
1865 2733 1894 2753 e.

1102 2768 1254 2809 Graeca)
1289 2778 1353 2798 non
1385 2769 1499 2798 vera.“
1524 2773 1558 2799 S.
1605 2773 1685 2799 Nam
1709 2777 1819 2798 verum
1843 2775 1893 2799 est

1104 2814 1245 2846 ltaliae.
1280 2816 1408 2844 Similia
1432 2816 1621 2845 Latinorum
1643 2815 1778 2844 Graecis
1805 2815 1846 2844 cf.
1862 2815 1893 2853 6,

1099 2861 1167 2891 844
1190 2866 1220 2890 et
1244 2861 1275 2899 5,
1297 2861 1349 2890 37.

1147 2907 1223 2937 658.
1249 2905 1433 2946 bonasMyl
1444 2928 1451 2935 .
1466 2922 1508 2927 —-
1523 2903 1631 2934 bonae
1645 2904 1748 2943 3721).
1774 2906 1892 2941 Aptius

1103 2959 1164 2989 est,
1185 2954 1315 2988 quando
1339 2954 1457 2981 bellum
1481 2952 1611 2987 geritur,
1637 2951 1797 2986 virginum
1824 2954 1891 2981 bel-

1105 3000 1277 3037 latricum,
1321 3005 1417 3034 quam
1449 2997 1540 3033 pacis
1577 2997 1731 3025 laudatio.
1781 3000 1894 3034 Neque
