2023 3350
163 155 217 194 90
726 154 765 185 P.
794 152 991 185 VIRGtLll
1023 152 1236 188 MARONIS

159 266 267 308 Fida
302 268 475 320 petunt3
515 279 616 319 pars
653 265 870 319 ingentem
907 265 1134 310 formidine
1169 269 1286 323 turpi

161 323 380 366 Scandunt
413 337 560 364 rursus
597 336 770 376 equum,
809 326 852 364 et
889 327 994 365 nota
1032 325 1273 368 conduntur
1307 327 1352 368 in
1386 327 1496 370 alvo.

275 381 369 421 Heu
406 380 514 421 nihil
550 380 691 421 invitis
730 379 797 421 fas
836 394 1095 436 quemquam
1130 382 1262 426 fidere
1302 385 1431 427 divis!

160 438 271 479 Ecce
306 436 562 479 trahebatur
594 437 732 491 passis
772 438 986 481 Priameia
1025 440 1146 494 virgo

160 494 355 536 Crinibus
390 509 416 536 a
451 494 611 548 templo
650 495 893 538 Cassandra
931 496 1158 553 adytisque
1193 498 1422 553 Minervae,

157 551 225 593 Ad
261 553 425 594 caelum
463 552 641 593 tendens
676 552 874 595 ardentia
907 553 1072 597 lumina
1108 555 1282 608 frustra,
1713 560 1796 598 405

155 610 355 660 Lumina,
396 623 495 650 nam
531 613 701 652 teneras
735 611 941 653 arcebant
971 613 1142 655 vincula
1178 615 1356 668 palmas.

156 667 251 708 Non
285 668 384 708 tulit
415 667 525 708 113110
560 668 743 721 speciem
778 668 937 711 furiata
970 675 1112 713 mente
1149 671 1379 725 Coroebus,

154 725 212 765 Et
246 738 336 766 sese
373 724 560 766 medium
592 725 739 768 iniecit
770 728 988 780 periturus
1022 729 1066 770 in
1099 742 1265 783 agmen.

155 782 464 836 Consequimur
500 783 642 824 cuncti
682 787 724 826 et
758 785 899 827 densis
937 786 1193 828 incurrimus
1233 787 1376 828 armis.

152 839 234 880 Hic
272 840 459 893 primum
497 854 549 882 ex
586 841 674 883 alto
714 842 882 885 delubri
919 843 1101 886 culmine
1134 844 1232 886 telis

150 897 411 939 Nostrorum
449 897 688 951 obruimur,
733 901 956 955 oriturque
991 902 1232 944 miserrima
1269 901 1419 944 caedes

152 956 383 997 Armorum
418 955 529 999 facie
567 960 609 998 et
640 957 869 1001 Graiarum
903 973 1050 1001 errore
1084 959 1296 1002 iubarum.

151 1013 258 1055 Tum
291 1013 431 1055 Danai
463 1015 626 1068 gemitu
660 1019 791 1070 atque
822 1020 995 1071 ereptae
1025 1018 1203 1073 virginis
1236 1018 1302 1060 ira

152 1071 350 1125 Undique
385 1072 555 1114 collecti
590 1073 818 1125 invadunt,
859 1076 1092 1117 acerrimus
1128 1076 1250 1128 Aiax,

152 1129 209 1170 Et
243 1129 399 1183 gemini
431 1130 627 1183 Atridae,
664 1131 966 1187 Dolopumque
1003 1134 1217 1176 exercitus
1255 1132 1414 1174 omnis:
1710 1133 1792 1172 415

199 1245 275 1275 401.
302 1247 337 1281 11,
361 1248 415 1282 qui
437 1248 469 1277 in
495 1257 578 1283 equo
604 1254 690 1279 tutos
714 1250 784 1278 fore
810 1258 847 1279 50
870 1259 950 1286 spe-

152 1297 241 1329 rant,
269 1292 439 1322 formidine
464 1295 508 1324 ita
533 1296 691 1331 exagitati
721 1301 812 1333 sunt,
841 1302 871 1325 ut
899 1297 948 1325 in-

151 1339 224 1367 sani
263 1340 454 1376 reddantur;
503 1349 562 1369 eos
603 1342 687 1370 enim
728 1346 859 1376 captum
898 1343 947 1379 iri,

151 1385 180 1413 si
198 1385 329 1413 'l'roiani
350 1386 497 1423 vicerint,
523 1391 573 1415 051
593 1388 821 1416 certissimum.
869 1390 947 1417 111110

151 1431 235 1459 3111111
264 1436 360 1465 poeta
381 1429 576 1469 formidine
601 1431 705 1473 turpi.
755 1435 847 1469 Quod
876 1435 949 1471 ,.ni-

152 1477 248 1504 mium
283 1483 322 1505 ac
361 1476 430 1505 fere
472 1478 666 1507 ridiculum·b
705 1479 855 1508 iudicans
895 1477 946 1509 Pl.

152 1523 205 1550 dat
231 1519 405 1552 scandant
430 1539 468 1543 —
496 1521 708 1561 condantur,
736 1527 949 1560 grammatica

151 1575 328 1602 perversa,
369 1576 532 1603 suumque
569 1576 785 1600 commentum
825 1571 947 1601 frustra

152 1614 292 1643 defendit
315 1615 398 1644 10015
426 1615 651 1646 alienissimis.

190 1725 372 1757 402—34.
423 1725 605 1759 Certamen
632 1727 673 1760 de
701 1727 905 1761 Cassandra.

195 1795 272 1825 402.
305 1793 404 1826 Divis
419 1801 469 1826 est
487 1799 651 1827 ablativus
672 1799 712 1828 cf.
736 1799 763 1838 1,
785 1799 861 1830 452.
881 1801 899 1829 i.
917 1809 944 1830 e.

150 1844 251 1872 Nemo
271 1847 377 1877 potest
393 1845 492 1873 rebus
513 1845 583 1873 suis
604 1844 700 1873 fidere
724 1848 944 1875 abnuentibus

151 1889 212 1918 diis
245 1889 317 1916 sive
352 1894 462 1917 contra
487 1892 689 1919 voluntatem
714 1893 858 1921 1100111111.
908 1894 944 1921 Si

151 1932 220 1962 dite
239 1935 370 1963 dativus
395 1939 455 1969 est,
481 1936 595 1964 dicitur
613 1938 694 1965 hoc:
732 1940 833 1966 Nemo
857 1944 943 1966 recte

150 1980 212 2008 fidit
231 1981 303 2008 diis.
329 1981 383 2014 qui
402 1981 464 2009 sibi
481 1989 555 2009 eum
572 1982 669 2010 fidere
687 1985 809 2012 nolunt.
851 1986 941 2019 Quae

151 2027 311 2055 sententia
337 2034 433 2060 quum
457 2035 536 2055 vera
562 2032 611 2055 est
637 2032 700 2056 tum
726 2029 847 2064 inepta.

195 2070 271 2099 404.
304 2069 508 2100 Cassandra
545 2074 664 2102 Priami
702 2074 781 2104 fitia.
828 2076 942 2105 infelix

149 2117 205 2145 1113
230 2123 334 2153 vates,
361 2117 401 2145 cf.
428 2116 505 2148 246.
534 2123 565 2146 ut
591 2127 628 2147 se
651 2122 691 2147 ab
716 2121 841 2149 iniuriis
867 2123 941 2150 vin-

150 2164 288 2199 dicaret,
323 2164 355 2191 in
384 2165 517 2198 adytum
539 2165 706 2193 Minervae
739 2167 938 2202 confugerat.

148 2209 365 2237 Nihilominus
402 2217 420 2237 3
452 2216 549 2238 53010
584 2212 657 2239 1000
691 2219 749 2246 per
781 2221 941 2242 summum

148 2255 244 2283 nefas
279 2255 310 2282 vi
343 2256 540 2283 abstrahitur
571 2256 610 2284 cf.
643 2256 679 2293 l,
711 2255 764 2287 41.
820 2260 941 2288 Postea

148 2301 308 2329 addicitur
349 2301 605 2338 Agamemnoni,
653 2310 748 2337 quem
794 2305 942 2339 sequitur

147 2349 307 2380 Mycenas
336 2346 498 2381 sitnulque
530 2356 602 2376 cum
631 2348 706 2383 ipso
741 2351 938 2380 interficitur.

153 2388 371 2421 Trahebatur
402 2398 527 2429 autem,
565 2395 709 2423 nonduin
739 2401 842 2424 tracta
878 2402 938 2434 051,

146 2442 179 2466 111
209 2439 377 2467 Coroebus
412 2437 478 2466 425
515 2440 718 2469 occideretur
755 2439 803 2470 ad
841 2450 940 2471 oram

147 2492 195 2513 sc.
221 2484 251 2512 in
279 2492 402 2519 pronao
427 2484 576 2519 positam.

192 2527 466 2559 405.A1·dcntia
503 2535 579 2559 sunt
616 2538 745 2559 summa
780 2532 940 2566 despera-

146 2575 249 2611 tione,
287 2576 415 2603 omnino
450 2577 568 2610 quovis
603 2577 788 2605 vehementi
821 2578 938 2606 affectu

147 2624 180 2648 ut.
206 2618 260 2648 ira
291 2620 346 2657 12,
374 2619 448 2649 102.
477 2637 515 2641 —
547 2619 721 2658 Tendens,
750 2624 857 2656 ..quod
889 2628 939 2652 051

146 2673 310 2702 manuum,
339 2667 444 2695 oculis
471 2668 578 2696 dccliv·
604 2670 636 2696 S.
687 2670 748 2696 Sed
775 2669 938 2698 tendimus

147 2712 242 2739 etiam
281 2714 406 2740 oculos.
472 2713 518 2741 Cf.
560 2713 595 2749 5,
632 2712 708 2742 508.
771 2712 828 2747 12,
870 2713 939 2743 930

147 2753 264 2784 oculos
301 2754 525 2797 dextramque
563 2761 758 2796 precantem
799 2762 939 2797 proteu·-

149 2798 242 2829 flens.
292 2803 351 2829 Ov.
377 2805 449 2830 Met.
481 2802 531 2840 14,
556 2802 623 2832 734
647 2802 694 2832 ad
719 2807 834 2842 postes
860 2814 938 2834 ocu-

148 2843 199 2874 los
231 2848 262 2875 el
291 2844 429 2885 pallida
459 2845 601 2878 brachia
634 2847 786 2879 tendens.
818 2866 855 2870 —
885 2848 937 2879 Iu-

147 2889 261 2927 mina,
288 2894 402 2920 oculos
430 2897 460 2920 ut
485 2892 522 2928 3,
547 2894 613 2923 635
636 2897 676 2924 al.

193 2936 268 2965 407.
298 2935 466 2966 Furiatus
482 2943 531 2966 est
549 2941 581 2968 in
597 2940 740 2970 furorem
757 2941 935 2970 coniectus.

146 2983 232 3011 furia
255 2983 418 3017 impletuS.
468 2981 660 3018 „Furianis
683 2988 767 3015 enim
789 2988 840 3020 uui
863 2987 937 3015 furit

147 3036 191 3056 ex
227 3035 368 3063 caussa,
409 3026 565 3062 furiosus
597 3038 615 3059 a
649 3040 712 3066 quo
745 3032 834 3061 furor
871 3041 936 3062 non

148 3072 316 3102 discediif‘
356 3077 387 3103 S.
436 3073 485 3103 Cf.
512 3073 588 3103 588.
645 3078 693 3106 De
727 3086 810 3107 voce
843 3086 937 3108 mens

997 1251 1037 1280 cf.
1068 1251 1102 1289 1,
1127 1251 1203 1281 676.
1233 1267 1271 1271 —
1301 1247 1456 1291 Speciem
1483 1247 1792 1289 (Erscheinung),

996 1299 1080 1332 quod
1097 1298 1307 1333 conspicitur,
1323 1298 1561 1331 spectaculum.
1601 1296 1689 1333 „Cic.
1710 1296 1790 1324 Phil.

998 1343 1056 1379 il,
1085 1344 1105 1372 3
1145 1341 1266 1372 Ponite
1297 1345 1379 1371 aute
1409 1339 1525 1371 oculos
1555 1339 1590 1370 P.
1623 1340 1657 1370 C.
1690 1339 1791 1370 misc-

994 1397 1071 1417 ram
1096 1386 1232 1429 quidem
1260 1386 1358 1417 illam
1383 1390 1414 1417 et
1432 1385 1585 1426 flebilem
1611 1384 1790 1426 speciem.“

995 1438 1027 1463 S.
1057 1450 1094 1454 —
1122 1432 1291 1464 Coroebus
1313 1435 1524 1463 Cassandrae
1548 1438 1673 1461 amator
1694 1440 1790 1467 proe-

994 1481 1072 1509 lium
1097 1481 1190 1508 11011οι
1214 1481 1305 1508 inire.
1334 1495 1371 1499 —
1400 1476 1523 1507 Densis
1546 1476 1672 1512 armis‚·
1699 1485 1791 1507 arma

994 1527 1079 1555 0111111
1105 1528 1210 1555 densa
1234 1531 1319 1561 511111,
1353 1526 1381 1554 51
1406 1526 1437 1561 11,
1468 1525 1521 1560 qui
1546 1531 1637 1553 arma
1663 1529 1790 1562 gerunt,

994 1580 1095 1608 prope
1120 1573 1203 1600 inter
1226 1580 1264 1600 se
1289 1572 1470 1600 consistunt
1498 1570 1538 1599 cf.
1562 1568 1638 1599 383.

1039 1617 1115 1646 410.
1143 1615 1280 1646 delubri
1312 1626 1351 1646 ex
1385 1614 1544 1645 culmine.
1593 1616 1726 1645 Troiani
1756 1616 1789 1645 in

993 1672 1120 1693 summo
1141 1666 1262 1699 templo
1279 1664 1378 1698 positi
1400 1663 1513 1692 socios
1529 1662 1678 1699 Coroebi,
1705 1670 1788 1697 quos

994 1715 1126 1745 propter
1155 1717 1245 1738 arma
1273 1712 1418 1738 Graecos
1445 1716 1524 1737 esse
1551 1712 1679 1745 putant,
1712 1709 1787 1737 telis

994 1758 1141 1784 obruunt.
1191 1756 1293 1784 Simul
1326 1755 1441 1783 Graeci
1474 1759 1606 1789 propter
1642 1758 1788 1788 ereptam

991 1802 1152 1836 virginem
1180 1802 1252 1831 irati
1284 1801 1315 1829 in
1346 1809 1405 1829 eos
1436 1801 1511 1829 telis
1536 1800 1695 1829 immissis
1723 1802 1786 1829 iam

992 1850 1137 1876 turbatos
1156 1846 1277 1875 faciunt
1298 1847 1469 1882 impetun1;
1494 1846 1672 1875 adventum
1690 1846 1786 1874 etiam

991 1902 1034 1922 ex
1060 1893 1227 1927 Androgei
1259 1898 1411 1928 caterva,
1447 1893 1500 1927 qui
1526 1892 1688 1921 Troianos
1726 1899 1786 1920 eos

991 1947 1070 1967 esse
1101 1939 1252 1967 indicant.
1288 1954 1325 1957 —
1361 1939 1441 1974 Quid
1477 1939 1518 1967 sit
1549 1939 1718 1966 delubrum
1744 1937 1785 1966 cf.

988 1984 1065 2012 225.

1035 2029 1110 2058 411.
1144 2026 1340 2059 Miserrima
1359 2034 1408 2057 051
1429 2025 1561 2063 caedes,
1587 2033 1617 2056 ut
1644 2028 1695 2065 tt,
1717 2028 1786 2058 885

989 2077 1072 2110 quod
1091 2076 1182 2103 cives
1199 2084 1215 2104 3
1237 2077 1363 2105 civibus
1380 2075 1592 2109 configuntur.
1616 2090 1653 2094 —
1677 2073 1786 2105 Obrui

987 2119 1065 2152 telis
1088 2121 1123 2157 9,
1148 2122 1225 2150 808.

1033 2166 1109 2195 412.
1141 2164 1262 2196 Facies
1288 2168 1383 2196 etiam
1411 2168 1441 2195 in
1470 2168 1568 2194 rebus
1594 2166 1782 2195 inanimatis

987 2214 1020 2242 in
1053 2221 1113 2242 11511
1142 2219 1207 2246 est,
1246 2219 1275 2242 ut
1304 2216 1338 2242 G.
1373 2212 1410 2247 2.
1446 2212 1503 2240 131
1542 2209 1623 2250 Ipsa
1656 2209 1783 2252 iugens

989 2257 1090 2288 arbos
1106 2256 1303 2299 faciemque
1318 2255 1499 2287 simillima
1516 2255 1626 2285 lauro.
1669 2257 1699 2295 4,
1716 2258 1779 2287 361

994 2302 1149 2334 curvata
1182 2302 1216 2333 ιή
1249 2302 1376 2333 montis
1397 2301 1526 2341 faciem
1556 2300 1783 2334 circumstetit

986 2348 1093 2379 unda.
1144 2352 1222 2378 Sall.
1252 2352 1319 2379 Cat.
1346 2348 1385 2377 31
1419 2346 1513 2377 urbis
1536 2346 1664 2385 facies.
1713 2352 1780 2386 lug.

988 2395 1030 2424 46
1056 2393 1145 2424 belli.
1195 2396 1238 2423 73
1263 2393 1425 2424 locorum.
1453 2410 1490 2414 ——
1526 2392 1656 2424 Errare
1680 2393 1782 2425 iuba-

987 2449 1064 2469 rum
1102 2449 1203 2469 verus
1243 2446 1293 2469 051
1328 2441 1493 2475 genitivus
1532 2445 1560 2469 et
1598 2442 1779 2478 genuinus;

985 2486 1080 2514 iubae
1100 2487 1186 2514 enim
1210 2487 1343 2521 gignunt
1364 2495 1517 2515 errorem.
1567 2487 1621 2515 Sic
1640 2491 1781 2527 ereptae

986 2529 1138 2572 virginis
1163 2530 1218 2560 ira
1245 2533 1285 2561 cf.
1312 2535 1364 2561 Gr.
1392 2532 1413 2565 ς
1441 2532 1517 2560 256.

1032 2576 1108 2606 414.
1134 2579 1325 2607 Acerrimus
1344 2579 1442 2615 Aiax,
1471 2579 1555 2613 quod
1579 2578 1608 2607 is
1630 2579 1779 2607 Cassan-

986 2624 1063 2651 drae
1098 2631 1209 2652 amore
1243 2625 1320 2653 arsit
1359 2623 1393 2661 1,
1425 2623 1483 2659 41,
1520 2632 1584 2652 non
1623 2628 1777 2658 tanquam

986 2669 1128 2697 omnium
1176 2672 1374 2698 Graecorum
1428 2674 1516 2699 esset
1565 2669 1775 2698 fortissimus.

985 2716 1162 2743 Praeterea
1193 2717 1290 2751 pauci
1324 2716 1370 2744 iili
1404 2715 1535 2744 Troiani
1574 2723 1594 2744 a
1632 2715 1709 2743 flore
1745 2720 1777 2743 01

984 2762 1101 2789 robore
1132 2762 1248 2790 Graeci
1287 2762 1456 2790 exercitus
1496 2761 1673 2796 impugnati
1711 2769 1776 2790 non

984 2806 1098 2834 mirum
1127 2812 1179 2835 051
1212 2808 1240 2836 51
1274 2808 1459 2836 vincuntur.
1514 2807 1640 2840 Ubique
1668 2811 1774 2835 autem

984 2852 1115 2880 Troiani
1151 2854 1287 2881 Graecis
1329 2852 1515 2880 fortitudine
1551 2860 1650 2887 pares
1689 2857 1774 2889 sunt,

984 2901 1080 2930 atque
1121 2898 1218 2926 etiam
1254 2900 1339 2926 victo
1377 2902 1529 2927 servatur
1566 2898 1670 2926 virtus
1707 2899 1774 2927 Ae-

983 2950 1076 2970 neae.

1028 2986 1104 3016 415.
1138 2984 1277 3017 Gemini
1301 2989 1434 3018 Atridae
1466 2987 1574 3022 ,,11110“
1605 2991 1637 3017 S.
1670 2989 1710 3018 cf.
1744 2988 1773 3026 1,

988 3032 1057 3062 161.
1111 3034 1257 3069 „Gemini
1297 3035 1380 3063 enim
1411 3039 1484 3063 sunt
1517 3035 1645 3070 proprie
1675 3035 1773 3064 simul

983 3076 1070 3108 nau-⁶
1098 3081 1130 3108 S.
1160 3095 1196 3099 -
1228 3077 1404 3120 Dolopum
1429 3080 1468 3109 cf.
1494 3079 1524 3109 7.

1714 274 1799 313 400

1711 846 1796 885 410
