2023 3350
184 138 267 179 364

182 250 375 302 Corpora
413 245 550 287 multa
589 245 728 286 virum
766 244 898 296 circa,
942 246 1169 300 seniorque
1205 246 1426 297 Galaesus,

751 134 788 165 P.
814 133 1011 166 VIRGILH
1039 132 1252 166 MAROMS

180 308 291 348 Dum
325 304 422 358 paci
453 302 642 344 medium
676 315 720 343 se
754 301 899 353 offert,
938 302 1199 345 iustissimus
1238 318 1349 346 unus

181 363 261 413 Qui
296 362 378 402 fuit
410 359 697 411 Ausoniisque
733 359 836 400 olim
871 359 1108 401 ditissimus
1146 361 1281 402 arvis:

181 420 379 472 Quinque
411 431 562 470 greges
594 416 659 457 illi
697 416 943 468 balantum,
985 417 1118 470 quina
1153 417 1356 459 redibant

180 478 406 526 Armenta,
447 477 491 516 et
526 478 688 516 terram
723 477 895 515 centum
934 474 1133 516 vertebat
1173 475 1342 516 aratris.

296 533 438 586 Atque
478 545 529 573 ea
565 544 643 584 per
683 545 857 585 campos
895 545 1035 585 aequo
1073 531 1174 573 dum
1211 532 1351 573 Marte
1389 533 1608 584 geruntur,

1748 528 1832 567 540

180 589 385 631 Promissi
423 588 504 630 dea
545 587 663 630 facta
697 593 868 642 potens,
910 589 986 630 ubi
1021 589 1230 643 sanguine
1267 588 1428 630 bellum

181 646 358 698 Imbuit,
403 650 445 687 et
480 646 646 700 primae
685 646 899 687 commisit
937 646 1090 688 funera
1124 660 1306 700 pugnae,

180 704 351 746 Deserit
386 703 664 757 Hesperiam,
705 707 748 745 et
786 703 893 745 caeli
929 717 1135 746 conversa
1171 717 1250 758 per
1285 716 1414 745 auras

179 763 385 804 Iunonem
417 761 572 802 victrix
611 760 788 802 adfatur
823 774 928 803 voce
963 761 1172 815 superba:

181 820 264 871 En,
303 818 496 873 perfecta
531 817 613 860 tibi
652 817 767 860 bello
807 818 1024 860 discordia
1062 819 1201 869 tristi,

180 877 278 928 Dic,
319 876 363 917 in
405 875 641 917 amicitiam
680 879 833 918 coeant
867 880 909 918 et
949 876 1129 918 foedera
1168 876 1362 930 iungant,

183 933 540 987 Quandoquidem
575 933 769 975 Ausonio
811 934 997 988 respersi
1036 934 1243 988 sanguine
1277 933 1473 974 Teucros.

182 991 277 1033 Hoc
314 991 445 1032 etiam
480 990 547 1032 his
589 990 769 1043 addam,
809 994 887 1033 tua
926 992 961 1033 si
999 991 1104 1033 mihi
1140 994 1259 1033 certa
1294 991 1516 1032 voluntas:

181 1049 408 1090 Finitimas
439 1048 483 1090 in
512 1048 629 1090 bella
665 1048 802 1090 feram
841 1049 1086 1091 rumoribus
1118 1048 1260 1100 urbes,

182 1105 512 1160 Accendamque
548 1106 713 1148 animos
748 1107 890 1148 insani
927 1107 1082 1148 Martis
1123 1119 1282 1157 amore,

1747 1107 1770 1145 ΕΠ

1776 1107 1799 1145 C(

1803 1107 1830 1146 Φ

182 1163 383 1218 Undique
414 1167 463 1204 ut
501 1163 663 1205 auxilio
703 1164 898 1215 veniant3
939 1177 1139 1218 spargam
1179 1176 1303 1204 arma
1340 1175 1418 1215 per
1455 1174 1596 1214 agros.

183 1222 291 1263 Tum
330 1224 482 1262 contra
514 1221 645 1262 Iuno:
687 1223 904 1262 terrorum
941 1225 984 1262 et
1019 1221 1185 1263 fraudis
1220 1219 1392 1262 abunde
1437 1221 1512 1261 est.

185 1279 314 1321 Stant
349 1278 452 1320 belli
492 1291 690 1331 caussae,
731 1282 949 1332 pugnatur
982 1279 1218 1321 comminus
1252 1277 1406 1328 armis3

183 1382 344 1415 debilitat
386 1381 604 1424 includitque
649 1393 776 1414 vocem.
825 1385 985 1415 Usitatius

182 1439 221 1460 ea
247 1431 278 1459 in
304 1440 338 1460 re
361 1435 410 1459 est
440 1427 682 1459 intercludere.

230 1475 306 1505 535.
333 1477 493 1513 „Vereor,
525 1484 565 1504 ne
596 1477 689 1505 illum
720 1484 845 1512 quoque
880 1477 985 1506 locum

186 1531 216 1551 v.
254 1520 441 1559 535—39,
485 1521 539 1550 ubi
572 1529 668 1557 aegre
700 1526 771 1557 post
805 1519 987 1562 seniorque

189 1565 365 1597 Galaesus
409 1570 543 1596 verbum
588 1568 748 1606 desidero,
795 1569 985 1603 expleturus

182 1610 302 1642 1110111“ι
334 1610 392 1642 Hb.
423 1612 435 1640 1
466 1622 495 1648 p.
520 1610 573 1641 82.

230 1657 306 1687 536.
333 1661 415 1687 Dum
446 1659 478 1687 in
505 1659 645 1687 medium
679 1663 841 1688 certamen
872 1668 907 1688 se
934 1659 985 1688 in-

183 1705 240 1734 fert
268 1712 378 1740 pacem
404 1705 651 1740 compositurus.

230 1749 307 1779 538.
334 1747 441 1790 quina
467 1750 506 1780 cf.
532 1751 571 1778 ad
597 1750 633 1786 5,
661 1748 738 1778 560.

185 1827 396 1859 oto—571.
451 1825 579 1858 Turbis
620 1826 807 1858 commotis
848 1824 984 1858 Allecto

397 1871 432 1903 in
459 1873 642 1904 Tartarum
671 1872 769 1904 redit.

229 1928 305 1959 540.
333 1939 443 1970 aequo
471 1928 597 1960 Marte.
647 1932 751 1965 Quum
769 1935 868 1960 staret
886 1931 985 1966 acies,

183 1982 212 2005 et
237 1982 410 2012 antequam
433 1977 465 2005 111
481 1977 674 2012 cuiusquam
702 1982 824 2012 partem
843 1977 984 2005 inclina-

183 2028 228 2051 ret
253 2023 400 2055 victoria,
426 2024 565 2059 Allecto,
583 2024 665 2057 qnod
683 2025 801 2051 bclluin
817 2023 984 2057 effecisset,

183 2070 271 2097 laeta
295 2069 387 2097 rediit
418 2069 459 2097 ad
483 2070 648 2097 Iunonem.
700 2071 846 2097 Notantla
876 2073 984 2097 tamen

183 2119 256 2142 sunt
294 2117 394 2142 verba
426 2114 534 2142 Servii
569 2114 640 2148 qui:
690 2122 823 2153 „nequo
857 2111 984 2151 Marte,

183 2164 295 2194 aperta
322 2160 541 2197 contentione,
572 2162 655 2188 bello
679 2160 868 2198 manifesto,
900 2168 984 2188 nam

182 2202 231 2234 sic
260 2202 442 2234 dicimus.“
467 2208 498 2233 S.

228 2248 304 2278 541.
335 2247 504 2280 Promissi
521 2253 645 2290 potens
664 2249 770 2289 facta
801 2255 868 2288 est,
902 2258 985 2286 quae

185 2296 302 2329 effecit,
337 2297 418 2330 1111011
443 2297 644 2332 promiserat.
695 2297 750 2326 Sic
775 2304 827 2331 ap.
856 2298 914 2325 Ov.
941 2299 983 2325 M.

183 2340 221 2375 4,
265 2339 329 2369 509
363 2340 487 2371 victrix
523 2340 611 2370 iussi
644 2345 770 2382 potens
802 2346 868 2378 est,
903 2350 985 2377 quae

182 2388 277 2416 iussa
298 2387 429 2422 perfecit
456 2392 485 2416 et
511 2389 544 2416 F.
572 2386 602 2424 3,
637 2385 714 2417 269.
763 2388 794 2424 5,
823 2385 887 2416 258
913 2385 986 2416 voti

180 2435 303 2472 potens
329 2433 465 2469 femina,
495 2440 577 2467 quae
608 2435 691 2468 1111011
721 2435 871 2462 vovendo
902 2434 983 2468 peli-

183 2482 250 2507 erat
270 2482 367 2507 nacta
390 2483 454 2515 est,
485 2483 513 2507 et
538 2479 734 2513 Tissiplione
755 2484 803 2508 est
823 2486 874 2513 ap.
904 2481 983 2507 Stat.

182 2525 280 2553 Theb.
305 2521 352 2561 11,
380 2522 423 2551 57
441 2525 564 2563 potens
587 2522 765 2560 scelerum,
793 2532 875 2559 quae
899 2532 985 2553 com—

181 2570 285 2605 misit,
311 2573 341 2598 et
365 2578 406 2604 ap
432 2570 507 2598 Liv.
533 2567 572 2606 8,
601 2567 641 2598 13
668 2567 807 2598 consilii
827 2571 986 2608 potentes

183 2619 272 2649 sunt,
312 2616 367 2650 qui
397 2619 628 2650 exsequuntur.
664 2630 702 2635 —
737 2617 846 2650 Neque
877 2619 984 2644 tamen

182 2661 311 2690 Allecto
331 2662 440 2690 verbis
461 2661 620 2697 promisit,
642 2662 697 2689 sed
721 2669 765 2697 re,
792 2661 902 2689 statim
926 2669 984 2689 ex—

183 2707 360 2743 sequendo,
390 2714 473 2742 quae
498 2708 628 2735 volebat
652 2708 742 2735 Iuno.

228 2749 304 2779 542.
331 2749 509 2791 sanguine
525 2749 653 2781 bellum
684 2748 827 2781 imbuit.-
851 2751 984 2789 „initia-

184 2796 264 2825 vit.''‘
291 2798 322 2824 S.
373 2797 419 2826 Cf.
449 2794 526 2826 554.
573 2795 710 2837 primae
733 2805 766 2837 p.
792 2797 831 2826 cf.
857 2795 892 2833 3,
929 2794 982 2825 69.

228 2839 304 2870 543.
331 2840 421 2870 caeli
447 2850 615 2871 conversa
641 2850 705 2882 per
728 2850 836 2871 auras
851 2840 901 2870 ΜΙ
934 2842 985 2870 fa-

183 2886 308 2921 cileque
332 2888 532 2922 explicatur:
573 2896 670 2923 quum
695 2896 731 2917 se
758 2888 984 2925 convertisset,

184 2934 347 2961 evolasset
378 2942 434 2968 per
458 2940 558 2962 auras
582 2935 666 2963 caeli
685 2935 726 2962 ad
740 2935 895 2962 Iunonem
921 2942 983 2963 rec.

192 2973 276 3014 Wg.
328 2974 388 3006 Ld.
441 2994 478 2998 --
535 2977 725 3013 „Cortuosa
770 2986 834 3018 per
877 2987 986 3007 auras

186 3018 362 3060 (312Rybc.
390 3032 451 3052 rec.
480 3021 564 3060 Rb.)
612 3026 747 3062 Probus,
776 3025 894 3063 Asper,
920 3026 985 3053 Do-

1032 1390 1129 1415 natus
1147 1386 1255 1415 dicunt
1275 1387 1335 1414 hoc
1357 1386 1426 1414 loco
1439 1390 1502 1423 per
1524 1383 1576 1412 bis
1592 1383 1831 1419 accipiendum3

1032 1433 1209 1466 alloquitur
1234 1433 1390 1459 Iunonem
1417 1437 1470 1465 per
1499 1429 1584 1458 caeli
1615 1437 1767 1459 convexa
1801 1430 1834 1458 et

1032 1486 1088 1513 per
1115 1485 1225 1506 auras,
1275 1478 1383 1505 Potest
1408 1479 1515 1504 tamen
1543 1483 1616 1504 esse
1641 1475 1833 1512 epexegesis

1030 1531 1093 1563 per
1114 1531 1223 1552 auras
1246 1523 1266 1551 i.
1295 1531 1322 1551 e.
1345 1522 1429 1551 caeli
1448 1528 1608 1550 convexa.
1657 1523 1723 1551 Nec
1747 1521 1833 1550 enim

1031 1570 1123 1598 aliud
1159 1572 1233 1597 sunt
1271 1575 1392 1597 aurae.
1440 1566 1526 1596 Dicit
1566 1567 1663 1596 etiam
1703 1568 1834 1603 quidam

1033 1614 1289 1644 Commentarius
1314 1614 1479 1642 convecta
1506 1613 1694 1650 legendum,
1726 1617 1760 1641 ut
1790 1613 1834 1642 sit

1032 1661 1105 1695 ipsa
1129 1664 1297 1694 convecta,
1324 1659 1407 1693 1111011
1427 1658 1558 1687 difficile
1582 1659 1615 1687 in
1635 1658 1832 1694 exemplari-

1032 1709 1092 1735 bus
1134 1703 1332 1735 invenitur.“
1378 1706 1408 1732 S.
1465 1701 1639 1733 Convecta
1684 1704 1834 1739 probavit

1031 1752 1178 1785 Iahnius,
1205 1751 1353 1786 Heynius
1378 1749 1513 1779 coniecit
1537 1746 1696 1789 caelique
1715 1751 1834 1779 evecta

1030 1806 1063 1837 p.
1089 1806 1121 1826 α.
1138 1798 1274 1825 Βο1111118
1299 1793 1462 1831 connisa,
1494 1791 1542 1823 Pl.
1592 1792 1758 1835 caeloque
1780 1793 1834 1824 in-

1029 1845 1140 1880 vecta,
1165 1844 1324 1872 Canterus
1345 1838 1435 1869 caeli
1453 1848 1605 1869 convexa
1621 1848 1834 1881 peragrans,

1038 1885 1108 1917 leb.-
1143 1889 1246 1925 „Mihi
1278 1887 1433 1916 omissum
1461 1894 1534 1915 esse
1565 1886 1708 1924 aliquid,
1744 1888 1835 1916 velut

1031 1931 1180 1973 adpetit,
1208 1931 1369 1963 vitletitr.“
1416 1934 1530 1967 Itaque
1548 1931 1612 1967 ipsi
1630 1941 1693 1961 non
1715 1933 1836 1962 sufficit.

1032 1988 1196 2009 convexa.
1247 1979 1371 2008 Fortior
1415 1974 1466 2006 Pl.
1509 1978 1581 2012 qui:
1629 1979 1834 2015 „Laudat-em

1034 2030 1178 2062 poetam,
1215 2026 1244 2054 si
1272 2027 1352 2054 haec
1382 2024 1428 2052 ita
1450 2023 1652 2058 reliquisset:
1697 2021 1835 2053 Deserit

1035 2067 1252 2111 Hesperiam.
1279 2086 1323 2090 —-
1353 2068 1417 2099 Est
1443 2066 1538 2098 Iocus
1565 2066 1693 2098 Italiae
1719 2066 1835 2098 medio

1031 2120 1090 2145 etc.
1140 2116 1275 2151 (eiectis
1306 2125 1337 2145 v.
1373 2112 1596 2150 543—562).
1647 2116 1729 2149 Quot
1765 2118 1833 2144 1111·-

1031 2165 1090 2191 bas
1116 2163 1218 2191 movit
1242 2170 1330 2191 error
1356 2161 1454 2190 unius
1478 2160 1621 2189 librarii!

1078 2216 1156 2247 544.
1183 2215 1310 2247 victrix
1332 2217 1371 2247 cf.
1397 2215 1432 2253 2,
1459 2214 1534 2245 329.

1077 2273 1154 2303 546.
1187 2272 1250 2303 Dic
1276 2272 1311 2303 in
1335 2270 1530 2303 amicitiam
1552 2274 1696 2302 cocant.-
1723 2281 1784 2310 „ac
1803 2274 1834 2302 si

1032 2321 1127 2350 «licat.
1178 2323 1227 2349 lta
1252 2322 1339 2349 bella
1360 2319 1536 2354 commovi,
1563 2322 1656 2347 utne
1683 2322 1736 2348 tuo
1760 2320 1832 2354 qui-

1032 2368 1101 2395 dem
1129 2366 1263 2401 imperio
1288 2366 1413 2401 possint
1439 2365 1471 2393 in
1498 2372 1609 2399 pacem
1634 2365 1747 2394 redire.
1795 2367 1834 2393 Et

1031 2415 1090 2441 hoc
1121 2416 1186 2447 est,
1226 2413 1307 2446 1111011
1352 2411 1450 2447 dixit,
1491 2407 1627 2449 affatur
1661 2418 1743 2438 voce
1774 2419 1833 2438 su-

1030 2454 1173 2496 perba.‘⁴
1200 2459 1230 2485 S.
1280 2459 1349 2485 Iam
1377 2457 1462 2485 enim
1492 2456 1620 2490 aspersi
1646 2460 1721 2484 811111
1750 2458 1833 2485 Italo

1029 2503 1192 2539 sanguine
1229 2503 1372 2531 Troiani.
1399 2517 1438 2522 —
1470 2498 1533 2529 Ld.
1570 2505 1641 2535 post
1676 2498 1833 2542 iungant

1032 2553 1201 2583 punctum,
1228 2553 1298 2583 post
1323 2546 1471 2577 Teucros
1495 2554 1622 2576 comma
1644 2547 1761 2581 posuit.

1077 2602 1153 2632 550.
1186 2601 1307 2632 lusani
1339 2601 1468 2633 Martis
1493 2610 1612 2632 amore
1635 2602 1673 2632 cf.
1695 2611 1727 2632 v.
1754 2600 1830 2631 462.

1030 2651 1069 2678 Et
1094 2650 1168 2684 1111111
1194 2651 1232 2678 tle
1255 2652 1340 2678 bello
1367 2648 1561 2679 iudicaverit
1584 2653 1693 2685 pocta,
1725 2648 1829 2683 vides,

1031 2703 1128 2729 quum
1155 2696 1235 2724 talia
1258 2696 1364 2731 ipsam
1389 2696 1518 2724 Allecto
1542 2694 1671 2723 inducat
1697 2695 1830 2728 loquen-

1031 2745 1103 2769 tem.

1077 2794 1152 2825 552.
1179 2798 1349 2826 terrorum
1377 2798 1408 2826 et
1433 2792 1581 2834 fraudis
1607 2790 1745 2823 abunde
1768 2795 1828 2822 est.

1032 2843 1078 2870 De
1101 2843 1244 2876 genitivo
1269 2843 1307 2871 cf.
1333 2844 1385 2871 Gr.
1409 2842 1430 2877 S
1461 2839 1537 2869 266.
1565 2855 1602 2860 —
1637 2835 1763 2867 'ferror
1789 2848 1829 2868 ex

1031 2889 1197 2917 111111111111111
1222 2890 1319 2918 caede
1349 2892 1379 2917 et
1414 2889 1499 2916 bello
1528 2885 1650 2919 81111110;
1682 2881 1830 2918 fraudes

1033 2934 1198 2971 dicuntur,
1231 2934 1349 2969 1111111118
1378 2940 1459 2962 usae
1487 2934 1562 2960 sunt
1592 2930 1672 2958 Iuno
1705 2932 1735 2958 et
1768 2930 1829 2958 Al-

1031 2981 1155 3053 leoga-3·
1182 3024 1276 3054 stant
1301 3019 1384 3053 belli
1409 3027 1555 3051 caussae
1581 3019 1620 3049 cf.
1643 3020 1719 3049 Hor.
1737 3020 1771 3050 C.
1803 3018 1829 3057 l,
