<?xml version="1.0" encoding="UTF-8"?>
<!DOCTYPE html PUBLIC "-//W3C//DTD XHTML 1.0 Transitional//EN"
    "http://www.w3.org/TR/xhtml1/DTD/xhtml1-transitional.dtd">
<html xmlns="http://www.w3.org/1999/xhtml" xml:lang="en" lang="en">
 <head>
  <title>
</title>
<meta http-equiv="Content-Type" content="text/html;charset=utf-8" />
  <meta name='ocr-system' content='tesseract 3.04.00' />
  <meta name='ocr-capabilities' content='ocr_page ocr_carea ocr_par ocr_line ocrx_word'/>
</head>
<body>
  <div class='ocr_page' id='page_1' title='image "aeneisvi00virguoft_0349.png"; bbox 0 0 2023 3350; ppageno 0'>
   <div class='ocr_carea' id='block_1_1' title="bbox 94 211 1344 382">
    <p class='ocr_par' dir='ltr' id='par_1_1' title="bbox 94 211 1344 382">
     <span class='ocr_line' id='line_1_1' title="bbox 95 211 1287 265; baseline -0.001 -11"><span class='ocrx_word' id='word_1_1' title='bbox 95 211 180 254; x_wconf 85' lang='lat' dir='ltr'>Sed</span> <span class='ocrx_word' id='word_1_2' title='bbox 215 224 302 252; x_wconf 84' lang='lat' dir='ltr'>nox</span> <span class='ocrx_word' id='word_1_3' title='bbox 340 214 437 252; x_wconf 87' lang='lat' dir='ltr'>atra</span> <span class='ocrx_word' id='word_1_4' title='bbox 476 213 608 265; x_wconf 82' lang='lat' dir='ltr'>caput</span> <span class='ocrx_word' id='word_1_5' title='bbox 646 211 765 253; x_wconf 84' lang='lat' dir='ltr'>tristi</span> <span class='ocrx_word' id='word_1_6' title='bbox 803 212 1087 253; x_wconf 77' lang='lat' dir='ltr'>circumvolat</span> <span class='ocrx_word' id='word_1_7' title='bbox 1122 211 1287 253; x_wconf 80' lang='lat' dir='ltr'>umbra.</span> 
     </span>
     <span class='ocr_line' id='line_1_2' title="bbox 94 268 1344 323; baseline 0.002 -13"><span class='ocrx_word' id='word_1_8' title='bbox 94 269 203 311; x_wconf 73' lang='lat' dir='ltr'>&#39;l&#39;um</span> <span class='ocrx_word' id='word_1_9' title='bbox 235 273 364 323; x_wconf 86' lang='lat' dir='ltr'>pater</span> <span class='ocrx_word' id='word_1_10' title='bbox 401 268 628 320; x_wconf 78' lang='lat' dir='ltr'>Anchises,</span> <span class='ocrx_word' id='word_1_11' title='bbox 665 269 858 311; x_wconf 78' lang='lat' dir='ltr'>lacrimis</span> <span class='ocrx_word' id='word_1_12' title='bbox 895 270 1116 323; x_wconf 79' lang='lat' dir='ltr'>ingressus</span> <span class='ocrx_word' id='word_1_13' title='bbox 1159 269 1344 312; x_wconf 55' lang='lat' dir='ltr'>obortis:</span> 
     </span>
     <span class='ocr_line' id='line_1_3' title="bbox 96 326 1253 382; baseline 0.002 -14"><span class='ocrx_word' id='word_1_14' title='bbox 96 327 130 368; x_wconf 92' lang='lat' dir='ltr'>O</span> <span class='ocrx_word' id='word_1_15' title='bbox 165 331 286 378; x_wconf 87' lang='lat' dir='ltr'>nate,</span> <span class='ocrx_word' id='word_1_16' title='bbox 326 327 544 380; x_wconf 85' lang='lat' dir='ltr'>ingentem</span> <span class='ocrx_word' id='word_1_17' title='bbox 580 326 744 369; x_wconf 89' lang='lat' dir='ltr'>luctum</span> <span class='ocrx_word' id='word_1_18' title='bbox 781 342 834 369; x_wconf 89' lang='lat' dir='ltr'>ne</span> <span class='ocrx_word' id='word_1_19' title='bbox 865 342 1026 382; x_wconf 82' lang='lat' dir='ltr'>quaere</span> <span class='ocrx_word' id='word_1_20' title='bbox 1056 332 1253 373; x_wconf 87' lang='lat' dir='ltr'>tuorum:</span> 
     </span>
    </p>
   </div>
   <div class='ocr_carea' id='block_1_2' title="bbox 95 384 1338 440">
    <p class='ocr_par' dir='ltr' id='par_1_2' title="bbox 95 384 1338 440">
     <span class='ocr_line' id='line_1_4' title="bbox 95 384 1338 440; baseline 0 -13"><span class='ocrx_word' id='word_1_21' title='bbox 95 384 337 427; x_wconf 82' lang='lat' dir='ltr'>Ostendent</span> <span class='ocrx_word' id='word_1_22' title='bbox 371 384 501 426; x_wconf 87' lang='lat' dir='ltr'>terris</span> <span class='ocrx_word' id='word_1_23' title='bbox 538 384 653 427; x_wconf 88' lang='lat' dir='ltr'>hune</span> <span class='ocrx_word' id='word_1_24' title='bbox 687 389 860 427; x_wconf 90' lang='lat' dir='ltr'>tantum</span> <span class='ocrx_word' id='word_1_25' title='bbox 897 386 1007 437; x_wconf 85' lang='lat' dir='ltr'>fata,</span> <span class='ocrx_word' id='word_1_26' title='bbox 1045 400 1184 440; x_wconf 84' lang='lat' dir='ltr'>neque</span> <span class='ocrx_word' id='word_1_27' title='bbox 1220 386 1338 427; x_wconf 86' lang='lat' dir='ltr'>ultra</span> 
     </span>
    </p>
   </div>
   <div class='ocr_carea' id='block_1_3' title="bbox 93 443 389 485">
    <p class='ocr_par' dir='ltr' id='par_1_3' title="bbox 93 443 389 485">
     <span class='ocr_line' id='line_1_5' title="bbox 93 443 389 485; baseline -0.003 -1"><span class='ocrx_word' id='word_1_28' title='bbox 93 443 201 485; x_wconf 84' lang='lat' dir='ltr'>Esse</span> <span class='ocrx_word' id='word_1_29' title='bbox 236 443 389 484; x_wconf 87' lang='lat' dir='ltr'>sinent.</span> 
     </span>
    </p>
   </div>
   <div class='ocr_carea' id='block_1_4' title="bbox 93 501 1446 673">
    <p class='ocr_par' dir='ltr' id='par_1_4' title="bbox 93 501 1446 673">
     <span class='ocr_line' id='line_1_6' title="bbox 93 501 1446 557; baseline 0.001 -15"><span class='ocrx_word' id='word_1_30' title='bbox 93 501 199 543; x_wconf 81' lang='lat' dir='ltr'>Visa</span> <span class='ocrx_word' id='word_1_31' title='bbox 236 505 411 555; x_wconf 85' lang='lat' dir='ltr'>potens,</span> <span class='ocrx_word' id='word_1_32' title='bbox 454 501 628 555; x_wconf 79' lang='lat' dir='ltr'>Superi,</span> <span class='ocrx_word' id='word_1_33' title='bbox 670 502 850 557; x_wconf 82' lang='lat' dir='ltr'>propria</span> <span class='ocrx_word' id='word_1_34' title='bbox 883 502 990 544; x_wconf 89' lang='lat' dir='ltr'>haec</span> <span class='ocrx_word' id='word_1_35' title='bbox 1027 502 1062 543; x_wconf 82' lang='grc'>51</span> <span class='ocrx_word' id='word_1_36' title='bbox 1101 502 1216 544; x_wconf 82' lang='lat' dir='ltr'>(lona</span> <span class='ocrx_word' id='word_1_37' title='bbox 1250 501 1446 543; x_wconf 83' lang='lat' dir='ltr'>fuissent.</span> 
     </span>
     <span class='ocr_line' id='line_1_7' title="bbox 96 559 1345 614; baseline 0.001 -14"><span class='ocrx_word' id='word_1_38' title='bbox 96 559 289 610; x_wconf 84' lang='lat' dir='ltr'>Quantos</span> <span class='ocrx_word' id='word_1_39' title='bbox 324 559 398 600; x_wconf 88' lang='lat' dir='ltr'>ille</span> <span class='ocrx_word' id='word_1_40' title='bbox 435 559 574 600; x_wconf 82' lang='lat' dir='ltr'>virum</span> <span class='ocrx_word' id='word_1_41' title='bbox 613 575 815 614; x_wconf 79' lang='lat' dir='ltr'>magnam</span> <span class='ocrx_word' id='word_1_42' title='bbox 846 561 1058 603; x_wconf 76' lang='lat' dir='ltr'>Mavortis</span> <span class='ocrx_word' id='word_1_43' title='bbox 1095 560 1152 602; x_wconf 85' lang='lat' dir='ltr'>ad</span> <span class='ocrx_word' id='word_1_44' title='bbox 1192 560 1345 602; x_wconf 88' lang='lat' dir='ltr'>urbem</span> 
     </span>
     <span class='ocr_line' id='line_1_8' title="bbox 96 617 1411 673; baseline -0.001 -14"><span class='ocrx_word' id='word_1_45' title='bbox 96 617 282 671; x_wconf 83' lang='lat' dir='ltr'>Campus</span> <span class='ocrx_word' id='word_1_46' title='bbox 319 620 420 671; x_wconf 81' lang='lat' dir='ltr'>aget</span> <span class='ocrx_word' id='word_1_47' title='bbox 458 618 665 671; x_wconf 78' lang='lat' dir='ltr'>gemitus!</span> <span class='ocrx_word' id='word_1_48' title='bbox 707 619 773 661; x_wconf 77' lang='lat' dir='ltr'>vel</span> <span class='ocrx_word' id='word_1_49' title='bbox 814 633 943 673; x_wconf 79' lang='lat' dir='ltr'>quae,</span> <span class='ocrx_word' id='word_1_50' title='bbox 985 618 1203 670; x_wconf 78' lang='lat' dir='ltr'>Tiberine,</span> <span class='ocrx_word' id='word_1_51' title='bbox 1244 617 1411 659; x_wconf 79' lang='lat' dir='ltr'>videbis</span> 
     </span>
    </p>
   </div>
   <div class='ocr_carea' id='block_1_5' title="bbox 93 675 1355 731">
    <p class='ocr_par' dir='ltr' id='par_1_5' title="bbox 93 675 1355 731">
     <span class='ocr_line' id='line_1_9' title="bbox 93 675 1355 731; baseline 0 -15"><span class='ocrx_word' id='word_1_52' title='bbox 93 675 288 725; x_wconf 79' lang='lat' dir='ltr'>Funera,</span> <span class='ocrx_word' id='word_1_53' title='bbox 331 690 463 729; x_wconf 82' lang='lat' dir='ltr'>quum</span> <span class='ocrx_word' id='word_1_54' title='bbox 501 676 717 718; x_wconf 88' lang='lat' dir='ltr'>tumulum</span> <span class='ocrx_word' id='word_1_55' title='bbox 754 676 1078 731; x_wconf 72' lang='lat' dir='ltr'>praeterlabere</span> <span class='ocrx_word' id='word_1_56' title='bbox 1118 676 1355 718; x_wconf 79' lang='lat' dir='ltr'>recentem!</span> 
     </span>
    </p>
   </div>
   <div class='ocr_carea' id='block_1_6' title="bbox 92 733 1380 962">
    <p class='ocr_par' dir='ltr' id='par_1_6' title="bbox 92 733 1248 789">
     <span class='ocr_line' id='line_1_10' title="bbox 92 733 1248 789; baseline 0.001 -15"><span class='ocrx_word' id='word_1_57' title='bbox 92 733 182 774; x_wconf 80' lang='lat' dir='ltr'>Nec</span> <span class='ocrx_word' id='word_1_58' title='bbox 218 747 328 787; x_wconf 91' lang='lat' dir='ltr'>puer</span> <span class='ocrx_word' id='word_1_59' title='bbox 363 733 499 775; x_wconf 84' lang='lat' dir='ltr'>Iliaca</span> <span class='ocrx_word' id='word_1_60' title='bbox 536 734 768 789; x_wconf 82' lang='lat' dir='ltr'>quisquam</span> <span class='ocrx_word' id='word_1_61' title='bbox 810 735 863 777; x_wconf 84' lang='lat' dir='ltr'>(le</span> <span class='ocrx_word' id='word_1_62' title='bbox 905 738 1031 789; x_wconf 78' lang='lat' dir='ltr'>gente</span> <span class='ocrx_word' id='word_1_63' title='bbox 1069 735 1248 777; x_wconf 83' lang='lat' dir='ltr'>Latinos</span> 
     </span>
    </p>

    <p class='ocr_par' dir='ltr' id='par_1_7' title="bbox 92 791 1380 893">
     <span class='ocr_line' id='line_1_11' title="bbox 92 791 1380 846; baseline 0 -14"><span class='ocrx_word' id='word_1_64' title='bbox 92 791 143 832; x_wconf 91' lang='lat' dir='ltr'>In</span> <span class='ocrx_word' id='word_1_65' title='bbox 180 794 353 833; x_wconf 84' lang='lat' dir='ltr'>tantum</span> <span class='ocrx_word' id='word_1_66' title='bbox 387 806 462 845; x_wconf 86' lang='lat' dir='ltr'>spe</span> <span class='ocrx_word' id='word_1_67' title='bbox 499 792 624 834; x_wconf 90' lang='lat' dir='ltr'>tollet</span> <span class='ocrx_word' id='word_1_68' title='bbox 661 807 786 843; x_wconf 75' lang='lat' dir='ltr'>avos.</span> <span class='ocrx_word' id='word_1_69' title='bbox 828 807 905 835; x_wconf 87' lang='grc'><strong>1100</strong></span> <span class='ocrx_word' id='word_1_70' title='bbox 939 793 1120 834; x_wconf 85' lang='lat' dir='ltr'>Romula</span> <span class='ocrx_word' id='word_1_71' title='bbox 1159 792 1380 846; x_wconf 77' lang='lat' dir='ltr'>quondam</span> 
     </span>
     <span class='ocr_line' id='line_1_12' title="bbox 93 849 1094 893; baseline 0 -2"><span class='ocrx_word' id='word_1_72' title='bbox 93 849 192 892; x_wconf 87' lang='lat' dir='ltr'>Ullo</span> <span class='ocrx_word' id='word_1_73' title='bbox 231 863 276 891; x_wconf 84' lang='lat' dir='ltr'>se</span> <span class='ocrx_word' id='word_1_74' title='bbox 312 852 482 891; x_wconf 86' lang='lat' dir='ltr'>tantum</span> <span class='ocrx_word' id='word_1_75' title='bbox 516 850 644 892; x_wconf 80' lang='lat' dir='ltr'>tellus</span> <span class='ocrx_word' id='word_1_76' title='bbox 680 851 864 893; x_wconf 76' lang='lat' dir='ltr'>iactabit</span> <span class='ocrx_word' id='word_1_77' title='bbox 905 851 1094 893; x_wconf 78' lang='lat' dir='ltr'>alumno.</span> 
     </span>
    </p>

    <p class='ocr_par' dir='ltr' id='par_1_8' title="bbox 92 907 1296 962">
     <span class='ocr_line' id='line_1_13' title="bbox 92 907 1296 962; baseline -0.002 -14"><span class='ocrx_word' id='word_1_78' title='bbox 92 907 189 949; x_wconf 89' lang='lat' dir='ltr'>Heu</span> <span class='ocrx_word' id='word_1_79' title='bbox 227 907 389 961; x_wconf 76' lang='lat' dir='ltr'>pietas,</span> <span class='ocrx_word' id='word_1_80' title='bbox 430 908 513 949; x_wconf 89' lang='lat' dir='ltr'>heu</span> <span class='ocrx_word' id='word_1_81' title='bbox 552 909 697 962; x_wconf 74' lang='lat' dir='ltr'>prisca</span> <span class='ocrx_word' id='word_1_82' title='bbox 733 909 857 961; x_wconf 82' lang='lat' dir='ltr'>fides,</span> <span class='ocrx_word' id='word_1_83' title='bbox 898 910 1144 962; x_wconf 81' lang='lat' dir='ltr'>invictaque</span> <span class='ocrx_word' id='word_1_84' title='bbox 1183 907 1296 949; x_wconf 82' lang='lat' dir='ltr'>bello</span> 
     </span>
    </p>
   </div>
   <div class='ocr_carea' id='block_1_7' title="bbox 92 966 1308 1021">
    <p class='ocr_par' dir='ltr' id='par_1_9' title="bbox 92 966 1308 1021">
     <span class='ocr_line' id='line_1_14' title="bbox 92 966 1308 1021; baseline -0.002 -14"><span class='ocrx_word' id='word_1_85' title='bbox 92 966 305 1007; x_wconf 78' lang='lat' dir='ltr'>Dextera!</span> <span class='ocrx_word' id='word_1_86' title='bbox 345 979 431 1007; x_wconf 90' lang='grc'><strong>11011</strong></span> <span class='ocrx_word' id='word_1_87' title='bbox 469 966 534 1007; x_wconf 91' lang='grc'><strong>1111</strong></span> <span class='ocrx_word' id='word_1_88' title='bbox 572 981 616 1008; x_wconf 88' lang='grc'>50</span> <span class='ocrx_word' id='word_1_89' title='bbox 656 967 887 1021; x_wconf 72' lang='lat' dir='ltr'>quisquam</span> <span class='ocrx_word' id='word_1_90' title='bbox 924 967 1099 1020; x_wconf 83' lang='lat' dir='ltr'>impunc</span> <span class='ocrx_word' id='word_1_91' title='bbox 1136 966 1308 1007; x_wconf 68' lang='lat' dir='ltr'>tulisset</span> 
     </span>
    </p>
   </div>
   <div class='ocr_carea' id='block_1_8' title="bbox 92 1023 1406 1194">
    <p class='ocr_par' dir='ltr' id='par_1_10' title="bbox 92 1023 1406 1194">
     <span class='ocr_line' id='line_1_15' title="bbox 93 1023 1350 1079; baseline -0.002 -15"><span class='ocrx_word' id='word_1_92' title='bbox 93 1023 255 1065; x_wconf 79' lang='lat' dir='ltr'>Obvius</span> <span class='ocrx_word' id='word_1_93' title='bbox 292 1027 481 1075; x_wconf 80' lang='lat' dir='ltr'>armate,</span> <span class='ocrx_word' id='word_1_94' title='bbox 522 1038 597 1066; x_wconf 85' lang='lat' dir='ltr'>seu</span> <span class='ocrx_word' id='word_1_95' title='bbox 632 1040 763 1078; x_wconf 85' lang='lat' dir='ltr'>quum</span> <span class='ocrx_word' id='word_1_96' title='bbox 801 1025 931 1079; x_wconf 73' lang='lat' dir='ltr'>pedes</span> <span class='ocrx_word' id='word_1_97' title='bbox 971 1025 1056 1066; x_wconf 86' lang='lat' dir='ltr'>iret</span> <span class='ocrx_word' id='word_1_98' title='bbox 1086 1025 1131 1065; x_wconf 92' lang='lat' dir='ltr'>in</span> <span class='ocrx_word' id='word_1_99' title='bbox 1170 1024 1350 1068; x_wconf 76' lang='lat' dir='ltr'>hostem,</span> 
     </span>
     <span class='ocr_line' id='line_1_16' title="bbox 94 1081 1285 1136; baseline -0.003 -12"><span class='ocrx_word' id='word_1_100' title='bbox 94 1081 179 1124; x_wconf 81' lang='lat' dir='ltr'>Seu</span> <span class='ocrx_word' id='word_1_101' title='bbox 215 1082 457 1135; x_wconf 78' lang='lat' dir='ltr'>spumantis</span> <span class='ocrx_word' id='word_1_102' title='bbox 500 1083 599 1136; x_wconf 77' lang='lat' dir='ltr'>equi</span> <span class='ocrx_word' id='word_1_103' title='bbox 636 1082 805 1125; x_wconf 86' lang='lat' dir='ltr'>foderet</span> <span class='ocrx_word' id='word_1_104' title='bbox 847 1082 1092 1124; x_wconf 82' lang='lat' dir='ltr'>calcaribus</span> <span class='ocrx_word' id='word_1_105' title='bbox 1126 1094 1285 1131; x_wconf 82' lang='lat' dir='ltr'>armos,</span> 
     </span>
     <span class='ocr_line' id='line_1_17' title="bbox 92 1139 1406 1194; baseline -0.005 -13"><span class='ocrx_word' id='word_1_106' title='bbox 92 1139 208 1191; x_wconf 91' lang='lat' dir='ltr'>Heu,</span> <span class='ocrx_word' id='word_1_107' title='bbox 246 1139 492 1182; x_wconf 78' lang='lat' dir='ltr'>miserande</span> <span class='ocrx_word' id='word_1_108' title='bbox 528 1142 656 1194; x_wconf 84' lang='lat' dir='ltr'>puer!</span> <span class='ocrx_word' id='word_1_109' title='bbox 697 1141 732 1182; x_wconf 86' lang='grc'>51</span> <span class='ocrx_word' id='word_1_110' title='bbox 770 1156 859 1194; x_wconf 51' lang='lat' dir='ltr'>qua,</span> <span class='ocrx_word' id='word_1_111' title='bbox 891 1141 984 1181; x_wconf 76' lang='lat' dir='ltr'>fata</span> <span class='ocrx_word' id='word_1_112' title='bbox 1022 1153 1178 1193; x_wconf 75' lang='lat' dir='ltr'>aspera</span> <span class='ocrx_word' id='word_1_113' title='bbox 1218 1150 1406 1191; x_wconf 67' lang='grc'><strong>1111111135,</strong></span> 
     </span>
    </p>
   </div>
   <div class='ocr_carea' id='block_1_9' title="bbox 93 1197 564 1240">
    <p class='ocr_par' dir='ltr' id='par_1_11' title="bbox 93 1197 564 1240">
     <span class='ocr_line' id='line_1_18' title="bbox 93 1197 564 1240; baseline 0 -1"><span class='ocrx_word' id='word_1_114' title='bbox 93 1198 157 1239; x_wconf 90' lang='lat' dir='ltr'>Tu</span> <span class='ocrx_word' id='word_1_115' title='bbox 194 1197 430 1240; x_wconf 84' lang='lat' dir='ltr'>Marcellus</span> <span class='ocrx_word' id='word_1_116' title='bbox 468 1198 564 1240; x_wconf 79' lang='lat' dir='ltr'>eris.</span> 
     </span>
    </p>
   </div>
   <div class='ocr_carea' id='block_1_10' title="bbox 92 1254 1287 1311">
    <p class='ocr_par' dir='ltr' id='par_1_12' title="bbox 92 1254 1287 1311">
     <span class='ocr_line' id='line_1_19' title="bbox 92 1254 1287 1311; baseline -0.002 -14"><span class='ocrx_word' id='word_1_117' title='bbox 92 1256 341 1311; x_wconf 87' lang='lat' dir='ltr'>Purpureos</span> <span class='ocrx_word' id='word_1_118' title='bbox 374 1270 580 1311; x_wconf 77' lang='lat' dir='ltr'>spargam</span> <span class='ocrx_word' id='word_1_119' title='bbox 617 1257 763 1307; x_wconf 80' lang='lat' dir='ltr'>flores,</span> <span class='ocrx_word' id='word_1_120' title='bbox 803 1257 1077 1309; x_wconf 76' lang='lat' dir='ltr'>animamque</span> <span class='ocrx_word' id='word_1_121' title='bbox 1115 1254 1287 1307; x_wconf 81' lang='lat' dir='ltr'>nepotis</span> 
     </span>
    </p>
   </div>
   <div class='ocr_carea' id='block_1_11' title="bbox 91 1313 1417 1543">
    <p class='ocr_par' dir='ltr' id='par_1_13' title="bbox 91 1313 1283 1486">
     <span class='ocr_line' id='line_1_20' title="bbox 91 1313 1283 1367; baseline -0.003 -11"><span class='ocrx_word' id='word_1_122' title='bbox 91 1314 170 1356; x_wconf 87' lang='lat' dir='ltr'>His</span> <span class='ocrx_word' id='word_1_123' title='bbox 209 1314 362 1356; x_wconf 85' lang='lat' dir='ltr'>saltem</span> <span class='ocrx_word' id='word_1_124' title='bbox 398 1315 666 1356; x_wconf 82' lang='lat' dir='ltr'>accumulem</span> <span class='ocrx_word' id='word_1_125' title='bbox 703 1315 848 1366; x_wconf 87' lang='lat' dir='ltr'>donis,</span> <span class='ocrx_word' id='word_1_126' title='bbox 889 1318 931 1356; x_wconf 87' lang='lat' dir='ltr'>et</span> <span class='ocrx_word' id='word_1_127' title='bbox 966 1313 1124 1367; x_wconf 81' lang='lat' dir='ltr'>fungar</span> <span class='ocrx_word' id='word_1_128' title='bbox 1164 1313 1283 1354; x_wconf 85' lang='lat' dir='ltr'>inani</span> 
     </span>
     <span class='ocr_line' id='line_1_21' title="bbox 91 1372 1278 1428; baseline -0.002 -14"><span class='ocrx_word' id='word_1_129' title='bbox 91 1372 283 1414; x_wconf 88' lang='lat' dir='ltr'>Munere.</span> <span class='ocrx_word' id='word_1_130' title='bbox 335 1399 381 1402; x_wconf 95' lang='lat'><strong>—</strong></span> <span class='ocrx_word' id='word_1_131' title='bbox 418 1373 488 1414; x_wconf 80' lang='lat' dir='ltr'>Sic</span> <span class='ocrx_word' id='word_1_132' title='bbox 524 1376 619 1415; x_wconf 84' lang='lat' dir='ltr'>tota</span> <span class='ocrx_word' id='word_1_133' title='bbox 651 1373 813 1428; x_wconf 80' lang='lat' dir='ltr'>passim</span> <span class='ocrx_word' id='word_1_134' title='bbox 849 1372 1025 1425; x_wconf 67' lang='lat' dir='ltr'>regione</span> <span class='ocrx_word' id='word_1_135' title='bbox 1062 1374 1278 1424; x_wconf 72' lang='lat' dir='ltr'>vagantur</span> 
     </span>
     <span class='ocr_line' id='line_1_22' title="bbox 91 1430 1238 1486; baseline -0.003 -14"><span class='ocrx_word' id='word_1_136' title='bbox 91 1430 217 1472; x_wconf 81' lang='lat' dir='ltr'>Aeris</span> <span class='ocrx_word' id='word_1_137' title='bbox 256 1431 301 1472; x_wconf 86' lang='lat' dir='ltr'>in</span> <span class='ocrx_word' id='word_1_138' title='bbox 337 1431 501 1485; x_wconf 88' lang='lat' dir='ltr'>campis</span> <span class='ocrx_word' id='word_1_139' title='bbox 539 1431 640 1473; x_wconf 79' lang='lat' dir='ltr'>latis</span> <span class='ocrx_word' id='word_1_140' title='bbox 682 1435 815 1486; x_wconf 82' lang='lat' dir='ltr'>atque</span> <span class='ocrx_word' id='word_1_141' title='bbox 854 1431 1000 1472; x_wconf 86' lang='lat' dir='ltr'>omnia</span> <span class='ocrx_word' id='word_1_142' title='bbox 1035 1430 1238 1471; x_wconf 73' lang='lat' dir='ltr'>lustrant.</span> 
     </span>
    </p>

    <p class='ocr_par' dir='ltr' id='par_1_14' title="bbox 92 1485 1417 1543">
     <span class='ocr_line' id='line_1_23' title="bbox 92 1485 1417 1543; baseline -0.002 -13"><span class='ocrx_word' id='word_1_143' title='bbox 92 1489 211 1540; x_wconf 81' lang='lat' dir='ltr'>Quae</span> <span class='ocrx_word' id='word_1_144' title='bbox 246 1494 478 1543; x_wconf 83' lang='lat' dir='ltr'>postquam</span> <span class='ocrx_word' id='word_1_145' title='bbox 515 1489 725 1531; x_wconf 70' lang='lat' dir='ltr'>Anchises</span> <span class='ocrx_word' id='word_1_146' title='bbox 761 1493 915 1531; x_wconf 83' lang='lat' dir='ltr'>natum</span> <span class='ocrx_word' id='word_1_147' title='bbox 956 1503 1034 1542; x_wconf 86' lang='lat' dir='ltr'>per</span> <span class='ocrx_word' id='word_1_148' title='bbox 1069 1487 1241 1541; x_wconf 73' lang='lat' dir='ltr'>singula</span> <span class='ocrx_word' id='word_1_149' title='bbox 1282 1485 1417 1527; x_wconf 79' lang='lat' dir='ltr'>(luxit.</span> 
     </span>
    </p>
   </div>
   <div class='ocr_carea' id='block_1_12' title="bbox 451 95 1760 1584">
    <p class='ocr_par' dir='ltr' id='par_1_15' title="bbox 451 95 1760 1584">
     <span class='ocr_line' id='line_1_24' title="bbox 701 95 1760 138; baseline 0.002 -10"><span class='ocrx_word' id='word_1_150' title='bbox 701 95 939 130; x_wconf 66' lang='lat' dir='ltr'>AENEmos</span> <span class='ocrx_word' id='word_1_151' title='bbox 972 97 1058 130; x_wconf 76' lang='lat' dir='ltr'>Lm.</span> <span class='ocrx_word' id='word_1_152' title='bbox 1092 98 1150 130; x_wconf 76' lang='lat' dir='ltr'>vi.</span> <span class='ocrx_word' id='word_1_153' title='bbox 1679 100 1760 138; x_wconf 68' lang='lat'>323</span> 
     </span>
     <span class='ocr_line' id='line_1_25' title="bbox 1674 387 1758 425; baseline 0 0"><span class='ocrx_word' id='word_1_154' title='bbox 1674 387 1758 425; x_wconf 83' lang='lat'><strong>870</strong></span> 
     </span>
     <span class='ocr_line' id='line_1_26' title="bbox 451 443 1272 499; baseline 0.002 -16"><span class='ocrx_word' id='word_1_155' title='bbox 451 443 643 485; x_wconf 88' lang='lat' dir='ltr'>Nimium</span> <span class='ocrx_word' id='word_1_156' title='bbox 682 444 805 486; x_wconf 74' lang='lat' dir='ltr'>vobis</span> <span class='ocrx_word' id='word_1_157' title='bbox 840 445 1034 486; x_wconf 81' lang='lat' dir='ltr'>Romana</span> <span class='ocrx_word' id='word_1_158' title='bbox 1075 458 1272 499; x_wconf 84' lang='lat' dir='ltr'>propago</span> 
     </span>
     <span class='ocr_line' id='line_1_27' title="bbox 1672 678 1755 716; baseline 0 0"><span class='ocrx_word' id='word_1_159' title='bbox 1672 678 1755 716; x_wconf 81' lang='lat'><strong>875</strong></span> 
     </span>
     <span class='ocr_line' id='line_1_28' title="bbox 1671 967 1756 1006; baseline 0 0"><span class='ocrx_word' id='word_1_160' title='bbox 1671 967 1756 1006; x_wconf 81' lang='grc'>880</span> 
     </span>
     <span class='ocr_line' id='line_1_29' title="bbox 624 1196 1333 1250; baseline -0.006 -10"><span class='ocrx_word' id='word_1_161' title='bbox 624 1198 845 1249; x_wconf 83' lang='lat' dir='ltr'>Manibus,</span> <span class='ocrx_word' id='word_1_162' title='bbox 890 1198 1012 1249; x_wconf 79' lang='lat' dir='ltr'>date,</span> <span class='ocrx_word' id='word_1_163' title='bbox 1055 1197 1149 1239; x_wconf 83' lang='lat' dir='ltr'>lilia</span> <span class='ocrx_word' id='word_1_164' title='bbox 1181 1196 1333 1250; x_wconf 79' lang='grc'><strong>11101115,</strong></span> 
     </span>
     <span class='ocr_line' id='line_1_30' title="bbox 1671 1253 1754 1292; baseline -0.06 0"><span class='ocrx_word' id='word_1_165' title='bbox 1671 1253 1754 1292; x_wconf 72' lang='lat'><strong>885»</strong></span> 
     </span>
     <span class='ocr_line' id='line_1_31' title="bbox 1670 1544 1754 1584; baseline -0.024 -3"><span class='ocrx_word' id='word_1_166' title='bbox 1670 1544 1754 1584; x_wconf 63' lang='grc'>590</span> 
     </span>
    </p>
   </div>
   <div class='ocr_carea' id='block_1_13' title="bbox 90 1546 1234 1601">
    <p class='ocr_par' dir='ltr' id='par_1_16' title="bbox 90 1546 1234 1601">
     <span class='ocr_line' id='line_1_32' title="bbox 90 1546 1234 1601; baseline -0.002 -13"><span class='ocrx_word' id='word_1_167' title='bbox 90 1546 375 1601; x_wconf 88' lang='lat' dir='ltr'>Incenditque</span> <span class='ocrx_word' id='word_1_168' title='bbox 415 1547 602 1589; x_wconf 85' lang='lat' dir='ltr'>animum</span> <span class='ocrx_word' id='word_1_169' title='bbox 641 1547 782 1590; x_wconf 79' lang='lat' dir='ltr'>famae</span> <span class='ocrx_word' id='word_1_170' title='bbox 823 1547 1032 1589; x_wconf 75' lang='lat' dir='ltr'>venientis</span> <span class='ocrx_word' id='word_1_171' title='bbox 1072 1560 1234 1593; x_wconf 62' lang='lat' dir='ltr'>amore,</span> 
     </span>
    </p>
   </div>
   <div class='ocr_carea' id='block_1_14' title="bbox 89 1687 900 2185">
    <p class='ocr_par' dir='ltr' id='par_1_17' title="bbox 89 1687 897 1863">
     <span class='ocr_line' id='line_1_33' title="bbox 91 1687 895 1730; baseline -0.001 -12"><span class='ocrx_word' id='word_1_172' title='bbox 91 1687 128 1727; x_wconf 87' lang='lat'>3,</span> <span class='ocrx_word' id='word_1_173' title='bbox 157 1687 233 1718; x_wconf 74' lang='lat'>608.</span> <span class='ocrx_word' id='word_1_174' title='bbox 284 1687 369 1730; x_wconf 72' lang='lat' dir='ltr'>Wg.</span> <span class='ocrx_word' id='word_1_175' title='bbox 402 1691 453 1718; x_wconf 79' lang='grc'><strong>1131</strong></span> <span class='ocrx_word' id='word_1_176' title='bbox 488 1687 576 1729; x_wconf 71' lang='lat' dir='ltr'>quis.</span> <span class='ocrx_word' id='word_1_177' title='bbox 611 1706 647 1710; x_wconf 88' lang='lat'>—-</span> <span class='ocrx_word' id='word_1_178' title='bbox 683 1688 759 1730; x_wconf 77' lang='lat' dir='ltr'>ipso</span> <span class='ocrx_word' id='word_1_179' title='bbox 795 1691 895 1718; x_wconf 67' lang='lat' dir='ltr'>mm.</span> 
     </span>
     <span class='ocr_line' id='line_1_34' title="bbox 90 1733 897 1776; baseline -0.001 -11"><span class='ocrx_word' id='word_1_180' title='bbox 90 1733 166 1776; x_wconf 84' lang='lat' dir='ltr'>ipso</span> <span class='ocrx_word' id='word_1_181' title='bbox 193 1738 242 1765; x_wconf 78' lang='lat' dir='ltr'>est</span> <span class='ocrx_word' id='word_1_182' title='bbox 267 1737 305 1765; x_wconf 89' lang='lat' dir='ltr'>P.</span> <span class='ocrx_word' id='word_1_183' title='bbox 332 1736 372 1765; x_wconf 80' lang='lat' dir='ltr'>cf.</span> <span class='ocrx_word' id='word_1_184' title='bbox 400 1735 437 1772; x_wconf 83' lang='lat'>5,</span> <span class='ocrx_word' id='word_1_185' title='bbox 463 1734 540 1764; x_wconf 85' lang='grc'><strong>362.</strong></span> <span class='ocrx_word' id='word_1_186' title='bbox 570 1751 607 1755; x_wconf 85' lang='grc'>-</span> <span class='ocrx_word' id='word_1_187' title='bbox 635 1738 783 1771; x_wconf 77' lang='lat' dir='ltr'>Quantus</span> <span class='ocrx_word' id='word_1_188' title='bbox 810 1737 897 1765; x_wconf 83' lang='lat' dir='ltr'>circa</span> 
     </span>
     <span class='ocr_line' id='line_1_35' title="bbox 89 1782 897 1819; baseline -0.001 -8"><span class='ocrx_word' id='word_1_189' title='bbox 89 1790 164 1811; x_wconf 84' lang='lat' dir='ltr'>eum</span> <span class='ocrx_word' id='word_1_190' title='bbox 189 1782 356 1811; x_wconf 81' lang='lat' dir='ltr'>hominum</span> <span class='ocrx_word' id='word_1_191' title='bbox 381 1790 579 1819; x_wconf 77' lang='lat' dir='ltr'>concursus,</span> <span class='ocrx_word' id='word_1_192' title='bbox 607 1787 763 1817; x_wconf 75' lang='lat' dir='ltr'>quamuin</span> <span class='ocrx_word' id='word_1_193' title='bbox 791 1782 897 1818; x_wconf 80' lang='lat' dir='ltr'>digni-</span> 
     </span>
     <span class='ocr_line' id='line_1_36' title="bbox 91 1828 605 1863; baseline -0.002 -6"><span class='ocrx_word' id='word_1_194' title='bbox 91 1828 167 1857; x_wconf 79' lang='lat' dir='ltr'>tatis</span> <span class='ocrx_word' id='word_1_195' title='bbox 192 1829 361 1863; x_wconf 82' lang='lat' dir='ltr'>exemplar</span> <span class='ocrx_word' id='word_1_196' title='bbox 386 1828 420 1856; x_wconf 93' lang='lat' dir='ltr'>in</span> <span class='ocrx_word' id='word_1_197' title='bbox 449 1828 520 1863; x_wconf 83' lang='lat' dir='ltr'>ipso</span> <span class='ocrx_word' id='word_1_198' title='bbox 547 1833 605 1856; x_wconf 80' lang='grc'><strong>051.</strong></span> 
     </span>
    </p>

    <p class='ocr_par' dir='ltr' id='par_1_18' title="bbox 91 1870 900 2185">
     <span class='ocr_line' id='line_1_37' title="bbox 137 1870 898 1906; baseline -0.001 -5"><span class='ocrx_word' id='word_1_199' title='bbox 137 1871 215 1902; x_wconf 89' lang='grc'><strong>867.</strong></span> <span class='ocrx_word' id='word_1_200' title='bbox 248 1870 324 1902; x_wconf 71' lang='lat' dir='ltr'>Nox</span> <span class='ocrx_word' id='word_1_201' title='bbox 364 1875 446 1903; x_wconf 84' lang='lat' dir='ltr'>atra</span> <span class='ocrx_word' id='word_1_202' title='bbox 486 1870 717 1902; x_wconf 71' lang='lat' dir='ltr'>circumvolat</span> <span class='ocrx_word' id='word_1_203' title='bbox 763 1870 898 1906; x_wconf 83' lang='lat' dir='ltr'>umbra,</span> 
     </span>
     <span class='ocr_line' id='line_1_38' title="bbox 92 1916 896 1955; baseline -0.004 -7"><span class='ocrx_word' id='word_1_204' title='bbox 92 1927 166 1949; x_wconf 89' lang='lat' dir='ltr'>eum</span> <span class='ocrx_word' id='word_1_205' title='bbox 191 1919 245 1955; x_wconf 81' lang='lat' dir='ltr'>qui</span> <span class='ocrx_word' id='word_1_206' title='bbox 274 1919 367 1948; x_wconf 81' lang='lat' dir='ltr'>brevi</span> <span class='ocrx_word' id='word_1_207' title='bbox 393 1919 561 1954; x_wconf 86' lang='lat' dir='ltr'>morietur,</span> <span class='ocrx_word' id='word_1_208' title='bbox 602 1919 650 1948; x_wconf 73' lang='lat' dir='ltr'>sic</span> <span class='ocrx_word' id='word_1_209' title='bbox 675 1920 713 1947; x_wconf 87' lang='lat' dir='ltr'>H.</span> <span class='ocrx_word' id='word_1_210' title='bbox 742 1920 773 1946; x_wconf 83' lang='lat' dir='ltr'>S.</span> <span class='ocrx_word' id='word_1_211' title='bbox 801 1916 837 1955; x_wconf 91' lang='grc'><strong>2,</strong></span> <span class='ocrx_word' id='word_1_212' title='bbox 871 1916 896 1952; x_wconf 72' lang='grc'>1,</span> 
     </span>
     <span class='ocr_line' id='line_1_39' title="bbox 93 1962 899 2004; baseline -0.001 -10"><span class='ocrx_word' id='word_1_213' title='bbox 93 1964 135 1994; x_wconf 84' lang='grc'><strong>58</strong></span> <span class='ocrx_word' id='word_1_214' title='bbox 158 1962 226 1994; x_wconf 82' lang='lat' dir='ltr'>Seu</span> <span class='ocrx_word' id='word_1_215' title='bbox 247 1973 299 1994; x_wconf 87' lang='lat' dir='ltr'>mc</span> <span class='ocrx_word' id='word_1_216' title='bbox 318 1963 516 2004; x_wconf 79' lang='lat' dir='ltr'>tranquilla</span> <span class='ocrx_word' id='word_1_217' title='bbox 539 1967 697 1994; x_wconf 76' lang='lat' dir='ltr'>senectus</span> <span class='ocrx_word' id='word_1_218' title='bbox 721 1966 899 2004; x_wconf 61' lang='lat' dir='ltr'>exspectat</span> 
     </span>
     <span class='ocr_line' id='line_1_40' title="bbox 92 2008 898 2047; baseline -0.002 -7"><span class='ocrx_word' id='word_1_219' title='bbox 92 2012 223 2047; x_wconf 81' lang='lat' dir='ltr'>(itaque</span> <span class='ocrx_word' id='word_1_220' title='bbox 253 2019 313 2040; x_wconf 86' lang='lat' dir='ltr'>seu</span> <span class='ocrx_word' id='word_1_221' title='bbox 346 2012 399 2040; x_wconf 84' lang='lat' dir='ltr'>diu</span> <span class='ocrx_word' id='word_1_222' title='bbox 426 2012 564 2046; x_wconf 82' lang='lat' dir='ltr'>vivam)</span> <span class='ocrx_word' id='word_1_223' title='bbox 600 2019 660 2040; x_wconf 79' lang='lat' dir='ltr'>sen</span> <span class='ocrx_word' id='word_1_224' title='bbox 689 2018 782 2039; x_wconf 86' lang='lat' dir='ltr'>mors</span> <span class='ocrx_word' id='word_1_225' title='bbox 809 2008 898 2039; x_wconf 77' lang='lat' dir='ltr'>atris</span> 
     </span>
     <span class='ocr_line' id='line_1_41' title="bbox 91 2054 898 2092; baseline -0.002 -6"><span class='ocrx_word' id='word_1_226' title='bbox 91 2054 322 2087; x_wconf 79' lang='lat' dir='ltr'>circumuolat</span> <span class='ocrx_word' id='word_1_227' title='bbox 341 2055 409 2086; x_wconf 86' lang='lat' dir='ltr'>alis</span> <span class='ocrx_word' id='word_1_228' title='bbox 429 2057 506 2092; x_wconf 84' lang='grc'><strong>(5011</strong></span> <span class='ocrx_word' id='word_1_229' title='bbox 524 2057 634 2085; x_wconf 78' lang='lat' dir='ltr'>statim</span> <span class='ocrx_word' id='word_1_230' title='bbox 653 2057 803 2091; x_wconf 83' lang='lat' dir='ltr'>moriar).</span> <span class='ocrx_word' id='word_1_231' title='bbox 844 2057 898 2085; x_wconf 83' lang='lat' dir='ltr'>Sic</span> 
     </span>
     <span class='ocr_line' id='line_1_42' title="bbox 91 2099 900 2144; baseline -0.002 -12"><span class='ocrx_word' id='word_1_232' title='bbox 91 2104 149 2133; x_wconf 87' lang='lat' dir='ltr'>Sil.</span> <span class='ocrx_word' id='word_1_233' title='bbox 177 2102 207 2141; x_wconf 86' lang='lat'>9,</span> <span class='ocrx_word' id='word_1_234' title='bbox 237 2101 278 2131; x_wconf 81' lang='lat'>45</span> <span class='ocrx_word' id='word_1_235' title='bbox 311 2100 389 2132; x_wconf 65' lang='lat' dir='ltr'>Nox</span> <span class='ocrx_word' id='word_1_236' title='bbox 411 2100 544 2144; x_wconf 69' lang='lat' dir='ltr'>stygia</span> <span class='ocrx_word' id='word_1_237' title='bbox 572 2099 713 2132; x_wconf 81' lang='lat' dir='ltr'>animas</span> <span class='ocrx_word' id='word_1_238' title='bbox 740 2099 811 2130; x_wconf 83' lang='lat' dir='ltr'>iam</span> <span class='ocrx_word' id='word_1_239' title='bbox 833 2099 900 2130; x_wconf 81' lang='lat' dir='ltr'>cir-</span> 
     </span>
     <span class='ocr_line' id='line_1_43' title="bbox 91 2145 898 2185; baseline -0.004 -6"><span class='ocrx_word' id='word_1_240' title='bbox 91 2147 269 2179; x_wconf 79' lang='lat' dir='ltr'>cumvolat</span> <span class='ocrx_word' id='word_1_241' title='bbox 287 2147 421 2185; x_wconf 82' lang='lat' dir='ltr'>umbra,</span> <span class='ocrx_word' id='word_1_242' title='bbox 448 2152 526 2178; x_wconf 77' lang='lat' dir='ltr'>Stat.</span> <span class='ocrx_word' id='word_1_243' title='bbox 552 2150 651 2178; x_wconf 85' lang='lat' dir='ltr'>Theb.</span> <span class='ocrx_word' id='word_1_244' title='bbox 678 2146 705 2185; x_wconf 78' lang='lat' dir='ltr'>l,</span> <span class='ocrx_word' id='word_1_245' title='bbox 729 2146 766 2176; x_wconf 81' lang='lat'>51</span> <span class='ocrx_word' id='word_1_246' title='bbox 793 2145 898 2177; x_wconf 85' lang='lat' dir='ltr'>Illum</span> 
     </span>
    </p>
   </div>
   <div class='ocr_carea' id='block_1_15' title="bbox 91 2191 900 2415">
    <p class='ocr_par' dir='ltr' id='par_1_19' title="bbox 91 2191 900 2279">
     <span class='ocr_line' id='line_1_44' title="bbox 91 2191 900 2226; baseline -0.001 -2"><span class='ocrx_word' id='word_1_247' title='bbox 91 2193 250 2224; x_wconf 78' lang='lat' dir='ltr'>assiduis</span> <span class='ocrx_word' id='word_1_248' title='bbox 294 2192 526 2226; x_wconf 83' lang='lat' dir='ltr'>circumvolat</span> <span class='ocrx_word' id='word_1_249' title='bbox 571 2193 640 2224; x_wconf 86' lang='lat' dir='ltr'>alis</span> <span class='ocrx_word' id='word_1_250' title='bbox 677 2202 785 2223; x_wconf 79' lang='lat' dir='ltr'>saeva</span> <span class='ocrx_word' id='word_1_251' title='bbox 825 2191 900 2223; x_wconf 76' lang='lat' dir='ltr'>dics</span> 
     </span>
     <span class='ocr_line' id='line_1_45' title="bbox 93 2241 307 2279; baseline 0.005 -9"><span class='ocrx_word' id='word_1_252' title='bbox 93 2241 307 2279; x_wconf 79' lang='lat' dir='ltr'>(Todestag).</span> 
     </span>
    </p>

    <p class='ocr_par' dir='ltr' id='par_1_20' title="bbox 92 2284 900 2415">
     <span class='ocr_line' id='line_1_46' title="bbox 136 2284 898 2328; baseline -0.003 -12"><span class='ocrx_word' id='word_1_253' title='bbox 136 2285 215 2316; x_wconf 92' lang='grc'><strong>868.</strong></span> <span class='ocrx_word' id='word_1_254' title='bbox 242 2284 427 2328; x_wconf 83' lang='lat' dir='ltr'>ingressus</span> <span class='ocrx_word' id='word_1_255' title='bbox 474 2296 538 2316; x_wconf 87' lang='grc'><strong>11011</strong></span> <span class='ocrx_word' id='word_1_256' title='bbox 583 2287 691 2315; x_wconf 83' lang='lat' dir='ltr'>addito</span> <span class='ocrx_word' id='word_1_257' title='bbox 736 2286 898 2315; x_wconf 81' lang='lat' dir='ltr'>infinitivo</span> 
     </span>
     <span class='ocr_line' id='line_1_47' title="bbox 93 2329 900 2371; baseline -0.002 -9"><span class='ocrx_word' id='word_1_258' title='bbox 93 2330 208 2362; x_wconf 84' lang='lat' dir='ltr'>dicere</span> <span class='ocrx_word' id='word_1_259' title='bbox 241 2333 280 2362; x_wconf 80' lang='lat' dir='ltr'>cf.</span> <span class='ocrx_word' id='word_1_260' title='bbox 317 2330 353 2371; x_wconf 83' lang='lat'>4,</span> <span class='ocrx_word' id='word_1_261' title='bbox 390 2330 465 2362; x_wconf 82' lang='lat'>107.</span> <span class='ocrx_word' id='word_1_262' title='bbox 503 2348 541 2353; x_wconf 79' lang='lat'><em>—</em></span> <span class='ocrx_word' id='word_1_263' title='bbox 579 2330 737 2362; x_wconf 77' lang='lat' dir='ltr'>lacrimis</span> <span class='ocrx_word' id='word_1_264' title='bbox 771 2329 900 2362; x_wconf 82' lang='lat' dir='ltr'>obortis</span> 
     </span>
     <span class='ocr_line' id='line_1_48' title="bbox 92 2376 285 2415; baseline -0.016 -5"><span class='ocrx_word' id='word_1_265' title='bbox 92 2379 133 2410; x_wconf 82' lang='lat' dir='ltr'>cf.</span> <span class='ocrx_word' id='word_1_266' title='bbox 163 2376 201 2415; x_wconf 79' lang='lat'>4,</span> <span class='ocrx_word' id='word_1_267' title='bbox 232 2377 285 2407; x_wconf 88' lang='grc'><strong>30.</strong></span> 
     </span>
    </p>
   </div>
   <div class='ocr_carea' id='block_1_16' title="bbox 93 2421 903 3016">
    <p class='ocr_par' dir='ltr' id='par_1_21' title="bbox 138 2421 798 2465">
     <span class='ocr_line' id='line_1_49' title="bbox 138 2421 798 2465; baseline -0.002 -12"><span class='ocrx_word' id='word_1_268' title='bbox 138 2422 216 2454; x_wconf 83' lang='grc'><strong>872.</strong></span> <span class='ocrx_word' id='word_1_269' title='bbox 242 2421 408 2465; x_wconf 83' lang='lat' dir='ltr'>propria,</span> <span class='ocrx_word' id='word_1_270' title='bbox 434 2428 590 2460; x_wconf 79' lang='lat' dir='ltr'>perpetua</span> <span class='ocrx_word' id='word_1_271' title='bbox 613 2424 653 2454; x_wconf 84' lang='lat' dir='ltr'>cf.</span> <span class='ocrx_word' id='word_1_272' title='bbox 687 2422 719 2458; x_wconf 74' lang='lat'>1,</span> <span class='ocrx_word' id='word_1_273' title='bbox 745 2421 798 2452; x_wconf 84' lang='lat'>73.</span> 
     </span>
    </p>

    <p class='ocr_par' dir='ltr' id='par_1_22' title="bbox 93 2468 903 2554">
     <span class='ocr_line' id='line_1_50' title="bbox 139 2468 903 2506; baseline -0.003 -6"><span class='ocrx_word' id='word_1_274' title='bbox 139 2468 218 2500; x_wconf 69' lang='lat'><strong>874.</strong></span> <span class='ocrx_word' id='word_1_275' title='bbox 244 2472 357 2500; x_wconf 79' lang='lat' dir='ltr'>Funus</span> <span class='ocrx_word' id='word_1_276' title='bbox 380 2470 414 2499; x_wconf 88' lang='lat' dir='ltr'>in</span> <span class='ocrx_word' id='word_1_277' title='bbox 437 2478 552 2506; x_wconf 78' lang='lat' dir='ltr'>eampo</span> <span class='ocrx_word' id='word_1_278' title='bbox 572 2472 690 2500; x_wconf 77' lang='lat' dir='ltr'>Martio</span> <span class='ocrx_word' id='word_1_279' title='bbox 709 2471 830 2500; x_wconf 79' lang='lat' dir='ltr'>factum</span> <span class='ocrx_word' id='word_1_280' title='bbox 853 2474 903 2499; x_wconf 77' lang='lat' dir='ltr'>est</span> 
     </span>
     <span class='ocr_line' id='line_1_51' title="bbox 93 2517 415 2554; baseline -0.003 -8"><span class='ocrx_word' id='word_1_281' title='bbox 93 2517 216 2554; x_wconf 78' lang='lat' dir='ltr'>ingenti</span> <span class='ocrx_word' id='word_1_282' title='bbox 245 2520 415 2552; x_wconf 83' lang='lat' dir='ltr'>apparatu.</span> 
     </span>
    </p>

    <p class='ocr_par' dir='ltr' id='par_1_23' title="bbox 97 2559 899 2646">
     <span class='ocr_line' id='line_1_52' title="bbox 139 2559 899 2602; baseline -0.004 -10"><span class='ocrx_word' id='word_1_283' title='bbox 139 2560 218 2592; x_wconf 86' lang='lat'><strong>877.</strong></span> <span class='ocrx_word' id='word_1_284' title='bbox 247 2560 287 2592; x_wconf 89' lang='lat' dir='ltr'>In</span> <span class='ocrx_word' id='word_1_285' title='bbox 321 2564 462 2593; x_wconf 77' lang='lat' dir='ltr'>tantum</span> <span class='ocrx_word' id='word_1_286' title='bbox 494 2569 555 2602; x_wconf 83' lang='lat' dir='ltr'>spe</span> <span class='ocrx_word' id='word_1_287' title='bbox 591 2559 692 2592; x_wconf 81' lang='lat' dir='ltr'>tollet</span> <span class='ocrx_word' id='word_1_288' title='bbox 732 2570 819 2591; x_wconf 81' lang='lat' dir='ltr'>avos</span> <span class='ocrx_word' id='word_1_289' title='bbox 860 2561 899 2590; x_wconf 86' lang='lat' dir='ltr'>cf.</span> 
     </span>
     <span class='ocr_line' id='line_1_53' title="bbox 97 2606 214 2646; baseline 0 -8"><span class='ocrx_word' id='word_1_290' title='bbox 97 2607 154 2646; x_wconf 85' lang='grc'>12,</span> <span class='ocrx_word' id='word_1_291' title='bbox 183 2606 214 2638; x_wconf 73' lang='lat'>4.</span> 
     </span>
    </p>

    <p class='ocr_par' dir='ltr' id='par_1_24' title="bbox 93 2651 901 2823">
     <span class='ocr_line' id='line_1_54' title="bbox 138 2651 901 2684; baseline -0.003 0"><span class='ocrx_word' id='word_1_292' title='bbox 138 2652 216 2684; x_wconf 91' lang='grc'><strong>878.</strong></span> <span class='ocrx_word' id='word_1_293' title='bbox 244 2651 421 2684; x_wconf 82' lang='lat' dir='ltr'>Alumnus</span> <span class='ocrx_word' id='word_1_294' title='bbox 457 2657 561 2682; x_wconf 87' lang='lat' dir='ltr'>terrae</span> <span class='ocrx_word' id='word_1_295' title='bbox 598 2654 743 2682; x_wconf 87' lang='lat' dir='ltr'>alicuius</span> <span class='ocrx_word' id='word_1_296' title='bbox 784 2653 901 2683; x_wconf 85' lang='lat' dir='ltr'>dicitur</span> 
     </span>
     <span class='ocr_line' id='line_1_55' title="bbox 93 2699 899 2740; baseline -0.005 -8"><span class='ocrx_word' id='word_1_297' title='bbox 93 2701 141 2740; x_wconf 89' lang='lat' dir='ltr'>is,</span> <span class='ocrx_word' id='word_1_298' title='bbox 175 2701 231 2736; x_wconf 85' lang='lat' dir='ltr'>qui</span> <span class='ocrx_word' id='word_1_299' title='bbox 264 2701 298 2730; x_wconf 86' lang='lat' dir='ltr'>in</span> <span class='ocrx_word' id='word_1_300' title='bbox 330 2708 370 2729; x_wconf 82' lang='lat' dir='ltr'>ea</span> <span class='ocrx_word' id='word_1_301' title='bbox 401 2703 499 2729; x_wconf 85' lang='lat' dir='ltr'>natus</span> <span class='ocrx_word' id='word_1_302' title='bbox 524 2703 582 2729; x_wconf 84' lang='lat' dir='ltr'>est.</span> <span class='ocrx_word' id='word_1_303' title='bbox 635 2699 682 2729; x_wconf 83' lang='lat' dir='ltr'>Cf.</span> <span class='ocrx_word' id='word_1_304' title='bbox 710 2699 777 2728; x_wconf 86' lang='lat' dir='ltr'>Cic.</span> <span class='ocrx_word' id='word_1_305' title='bbox 805 2700 899 2728; x_wconf 76' lang='lat' dir='ltr'>Verr.</span> 
     </span>
     <span class='ocr_line' id='line_1_56' title="bbox 93 2742 836 2785; baseline -0.002 -9"><span class='ocrx_word' id='word_1_306' title='bbox 93 2747 126 2785; x_wconf 84' lang='lat'>5,</span> <span class='ocrx_word' id='word_1_307' title='bbox 152 2746 206 2785; x_wconf 87' lang='grc'><strong>66,</strong></span> <span class='ocrx_word' id='word_1_308' title='bbox 236 2745 298 2776; x_wconf 87' lang='grc'>169</span> <span class='ocrx_word' id='word_1_309' title='bbox 327 2748 364 2776; x_wconf 80' lang='lat' dir='ltr'>ut</span> <span class='ocrx_word' id='word_1_310' title='bbox 387 2743 498 2775; x_wconf 71' lang='lat' dir='ltr'>Italia</span> <span class='ocrx_word' id='word_1_311' title='bbox 522 2742 707 2774; x_wconf 82' lang='lat' dir='ltr'>alumnum</span> <span class='ocrx_word' id='word_1_312' title='bbox 734 2753 836 2774; x_wconf 84' lang='lat' dir='ltr'>suum</span> 
     </span>
     <span class='ocr_line' id='line_1_57' title="bbox 94 2789 819 2823; baseline -0.004 0"><span class='ocrx_word' id='word_1_313' title='bbox 94 2790 240 2823; x_wconf 76' lang='lat' dir='ltr'>videret.</span> <span class='ocrx_word' id='word_1_314' title='bbox 290 2793 344 2823; x_wconf 88' lang='lat' dir='ltr'>Sic</span> <span class='ocrx_word' id='word_1_315' title='bbox 370 2789 480 2822; x_wconf 70' lang='lat' dir='ltr'>altrix</span> <span class='ocrx_word' id='word_1_316' title='bbox 505 2795 555 2821; x_wconf 83' lang='lat' dir='ltr'>est</span> <span class='ocrx_word' id='word_1_317' title='bbox 575 2795 662 2821; x_wconf 85' lang='lat' dir='ltr'>terra</span> <span class='ocrx_word' id='word_1_318' title='bbox 685 2792 819 2820; x_wconf 86' lang='lat' dir='ltr'>natalis.</span> 
     </span>
    </p>

    <p class='ocr_par' dir='ltr' id='par_1_25' title="bbox 93 2835 903 3016">
     <span class='ocr_line' id='line_1_58' title="bbox 139 2835 901 2879; baseline -0.003 -11"><span class='ocrx_word' id='word_1_319' title='bbox 139 2837 219 2869; x_wconf 88' lang='grc'><strong>879.</strong></span> <span class='ocrx_word' id='word_1_320' title='bbox 245 2836 367 2879; x_wconf 82' lang='lat' dir='ltr'>prisca</span> <span class='ocrx_word' id='word_1_321' title='bbox 381 2835 494 2877; x_wconf 79' lang='lat' dir='ltr'>fides,</span> <span class='ocrx_word' id='word_1_322' title='bbox 520 2838 631 2873; x_wconf 83' lang='lat' dir='ltr'>qualis</span> <span class='ocrx_word' id='word_1_323' title='bbox 657 2841 727 2867; x_wconf 84' lang='lat' dir='ltr'>erat</span> <span class='ocrx_word' id='word_1_324' title='bbox 751 2838 901 2872; x_wconf 86' lang='lat' dir='ltr'>antiquo-</span> 
     </span>
     <span class='ocr_line' id='line_1_59' title="bbox 93 2881 901 2924; baseline -0.004 -9"><span class='ocrx_word' id='word_1_325' title='bbox 93 2893 175 2915; x_wconf 85' lang='lat' dir='ltr'>rum.</span> <span class='ocrx_word' id='word_1_326' title='bbox 225 2886 272 2915; x_wconf 76' lang='lat' dir='ltr'>Cf.</span> <span class='ocrx_word' id='word_1_327' title='bbox 295 2886 366 2915; x_wconf 86' lang='lat' dir='ltr'>Ter.</span> <span class='ocrx_word' id='word_1_328' title='bbox 384 2885 448 2913; x_wconf 77' lang='lat' dir='ltr'>Ad.</span> <span class='ocrx_word' id='word_1_329' title='bbox 475 2882 506 2921; x_wconf 88' lang='lat'>3,</span> <span class='ocrx_word' id='word_1_330' title='bbox 533 2882 563 2922; x_wconf 85' lang='lat'>3,</span> <span class='ocrx_word' id='word_1_331' title='bbox 589 2881 632 2912; x_wconf 90' lang='lat'><strong>89</strong></span> <span class='ocrx_word' id='word_1_332' title='bbox 662 2881 736 2913; x_wconf 81' lang='lat' dir='ltr'>Iam</span> <span class='ocrx_word' id='word_1_333' title='bbox 764 2891 901 2924; x_wconf 82' lang='lat' dir='ltr'>magna</span> 
     </span>
     <span class='ocr_line' id='line_1_60' title="bbox 94 2926 903 2972; baseline -0.002 -12"><span class='ocrx_word' id='word_1_334' title='bbox 94 2928 194 2960; x_wconf 81' lang='lat' dir='ltr'>nobis</span> <span class='ocrx_word' id='word_1_335' title='bbox 220 2928 348 2961; x_wconf 83' lang='lat' dir='ltr'>civium</span> <span class='ocrx_word' id='word_1_336' title='bbox 370 2927 551 2972; x_wconf 83' lang='lat' dir='ltr'>paenuria</span> <span class='ocrx_word' id='word_1_337' title='bbox 577 2931 628 2960; x_wconf 83' lang='lat' dir='ltr'>est</span> <span class='ocrx_word' id='word_1_338' title='bbox 654 2927 805 2969; x_wconf 79' lang='lat' dir='ltr'>antiqua</span> <span class='ocrx_word' id='word_1_339' title='bbox 832 2926 903 2958; x_wconf 81' lang='lat' dir='ltr'>vir-</span> 
     </span>
     <span class='ocr_line' id='line_1_61' title="bbox 96 2973 901 3016; baseline -0.001 -10"><span class='ocrx_word' id='word_1_340' title='bbox 96 2977 170 3006; x_wconf 81' lang='lat' dir='ltr'>tute</span> <span class='ocrx_word' id='word_1_341' title='bbox 196 2985 236 3006; x_wconf 85' lang='lat' dir='ltr'>ac</span> <span class='ocrx_word' id='word_1_342' title='bbox 251 2975 340 3016; x_wconf 78' lang='lat' dir='ltr'>fide.</span> <span class='ocrx_word' id='word_1_343' title='bbox 390 2976 438 3006; x_wconf 81' lang='lat' dir='ltr'>Cf.</span> <span class='ocrx_word' id='word_1_344' title='bbox 459 2973 536 3005; x_wconf 74' lang='lat'>648.</span> <span class='ocrx_word' id='word_1_345' title='bbox 576 2978 656 3006; x_wconf 83' lang='lat' dir='ltr'>Eam</span> <span class='ocrx_word' id='word_1_346' title='bbox 671 2976 824 3012; x_wconf 81' lang='lat' dir='ltr'>Augusto</span> <span class='ocrx_word' id='word_1_347' title='bbox 851 2984 901 3005; x_wconf 87' lang='lat' dir='ltr'>re-</span> 
     </span>
    </p>
   </div>
   <div class='ocr_carea' id='block_1_17' title="bbox 35 3019 903 3059">
    <p class='ocr_par' dir='ltr' id='par_1_26' title="bbox 35 3019 903 3059">
     <span class='ocr_line' id='line_1_62' title="bbox 35 3019 903 3059; baseline 0.001 -10"><span class='ocrx_word' id='word_1_348' title='bbox 35 3045 37 3049; x_wconf 88' lang='lat'>.</span> <span class='ocrx_word' id='word_1_349' title='bbox 97 3026 215 3059; x_wconf 87' lang='lat' dir='ltr'>gnante</span> <span class='ocrx_word' id='word_1_350' title='bbox 247 3027 362 3059; x_wconf 78' lang='lat' dir='ltr'>poetae</span> <span class='ocrx_word' id='word_1_351' title='bbox 393 3025 569 3059; x_wconf 81' lang='lat' dir='ltr'>sperabant</span> <span class='ocrx_word' id='word_1_352' title='bbox 601 3023 779 3053; x_wconf 78' lang='lat' dir='ltr'>redituram</span> <span class='ocrx_word' id='word_1_353' title='bbox 803 3021 842 3051; x_wconf 86' lang='lat' dir='ltr'>cf.</span> <span class='ocrx_word' id='word_1_354' title='bbox 872 3019 903 3059; x_wconf 82' lang='lat'>1,</span> 
     </span>
    </p>
   </div>
   <div class='ocr_carea' id='block_1_18' title="bbox 945 1680 1758 2058">
    <p class='ocr_par' dir='ltr' id='par_1_27' title="bbox 946 1680 1756 1810">
     <span class='ocr_line' id='line_1_63' title="bbox 946 1680 1756 1718; baseline -0.007 0"><span class='ocrx_word' id='word_1_355' title='bbox 946 1687 1023 1718; x_wconf 77' lang='lat'>292.</span> <span class='ocrx_word' id='word_1_356' title='bbox 1076 1691 1151 1717; x_wconf 81' lang='lat' dir='ltr'>Hor.</span> <span class='ocrx_word' id='word_1_357' title='bbox 1180 1690 1214 1717; x_wconf 82' lang='lat' dir='ltr'>C.</span> <span class='ocrx_word' id='word_1_358' title='bbox 1244 1690 1276 1716; x_wconf 72' lang='lat' dir='ltr'>s.</span> <span class='ocrx_word' id='word_1_359' title='bbox 1304 1684 1347 1715; x_wconf 76' lang='lat'>57</span> <span class='ocrx_word' id='word_1_360' title='bbox 1383 1683 1457 1715; x_wconf 84' lang='lat' dir='ltr'>Iam</span> <span class='ocrx_word' id='word_1_361' title='bbox 1489 1681 1594 1714; x_wconf 80' lang='lat' dir='ltr'>Fides</span> <span class='ocrx_word' id='word_1_362' title='bbox 1620 1685 1652 1713; x_wconf 84' lang='lat' dir='ltr'>et</span> <span class='ocrx_word' id='word_1_363' title='bbox 1681 1680 1756 1712; x_wconf 73' lang='lat' dir='ltr'>Par</span> 
     </span>
     <span class='ocr_line' id='line_1_64' title="bbox 946 1727 1756 1773; baseline -0.007 -9"><span class='ocrx_word' id='word_1_364' title='bbox 946 1738 978 1765; x_wconf 79' lang='lat' dir='ltr'>ct</span> <span class='ocrx_word' id='word_1_365' title='bbox 1004 1732 1125 1764; x_wconf 84' lang='lat' dir='ltr'>Honos</span> <span class='ocrx_word' id='word_1_366' title='bbox 1156 1731 1343 1773; x_wconf 78' lang='lat' dir='ltr'>Pudorque</span> <span class='ocrx_word' id='word_1_367' title='bbox 1366 1729 1506 1772; x_wconf 81' lang='lat' dir='ltr'>priscus</span> <span class='ocrx_word' id='word_1_368' title='bbox 1532 1733 1565 1760; x_wconf 86' lang='lat' dir='ltr'>ct</span> <span class='ocrx_word' id='word_1_369' title='bbox 1591 1727 1756 1770; x_wconf 75' lang='lat' dir='ltr'>neglecta</span> 
     </span>
     <span class='ocr_line' id='line_1_65' title="bbox 947 1777 1365 1810; baseline -0.007 -1"><span class='ocrx_word' id='word_1_370' title='bbox 947 1778 1062 1810; x_wconf 83' lang='lat' dir='ltr'>redire</span> <span class='ocrx_word' id='word_1_371' title='bbox 1094 1778 1216 1809; x_wconf 69' lang='lat' dir='ltr'>Virtus</span> <span class='ocrx_word' id='word_1_372' title='bbox 1246 1777 1365 1807; x_wconf 76' lang='lat' dir='ltr'>audet.</span> 
     </span>
    </p>

    <p class='ocr_par' dir='ltr' id='par_1_28' title="bbox 945 1832 1758 2058">
     <span class='ocr_line' id='line_1_66' title="bbox 992 1832 1753 1872; baseline -0.009 -6"><span class='ocrx_word' id='word_1_373' title='bbox 992 1836 1070 1866; x_wconf 78' lang='grc'><strong>883.</strong></span> <span class='ocrx_word' id='word_1_374' title='bbox 1102 1834 1144 1865; x_wconf 69' lang='lat' dir='ltr'>Si</span> <span class='ocrx_word' id='word_1_375' title='bbox 1169 1836 1312 1871; x_wconf 79' lang='lat' dir='ltr'>optantis</span> <span class='ocrx_word' id='word_1_376' title='bbox 1337 1839 1385 1863; x_wconf 71' lang='lat' dir='ltr'>est</span> <span class='ocrx_word' id='word_1_377' title='bbox 1406 1834 1445 1863; x_wconf 84' lang='lat' dir='ltr'>cf.</span> <span class='ocrx_word' id='word_1_378' title='bbox 1468 1832 1499 1862; x_wconf 79' lang='lat'>8.</span> <span class='ocrx_word' id='word_1_379' title='bbox 1517 1832 1595 1862; x_wconf 77' lang='lat'>560.</span> <span class='ocrx_word' id='word_1_380' title='bbox 1621 1849 1658 1853; x_wconf 88' lang='lat'>—</span> <span class='ocrx_word' id='word_1_381' title='bbox 1683 1840 1753 1872; x_wconf 84' lang='lat' dir='ltr'>qua</span> 
     </span>
     <span class='ocr_line' id='line_1_67' title="bbox 946 1878 1754 1920; baseline -0.009 -7"><span class='ocrx_word' id='word_1_382' title='bbox 946 1884 986 1913; x_wconf 82' lang='lat' dir='ltr'>cf.</span> <span class='ocrx_word' id='word_1_383' title='bbox 1015 1881 1042 1912; x_wconf 91' lang='grc'>1.</span> <span class='ocrx_word' id='word_1_384' title='bbox 1067 1881 1144 1912; x_wconf 83' lang='grc'><strong>676.</strong></span> <span class='ocrx_word' id='word_1_385' title='bbox 1172 1898 1208 1902; x_wconf 78' lang='lat'>-</span> <span class='ocrx_word' id='word_1_386' title='bbox 1238 1879 1331 1911; x_wconf 79' lang='lat' dir='ltr'>Fata</span> <span class='ocrx_word' id='word_1_387' title='bbox 1356 1888 1516 1920; x_wconf 80' lang='lat' dir='ltr'>rumpere</span> <span class='ocrx_word' id='word_1_388' title='bbox 1536 1884 1585 1909; x_wconf 80' lang='lat' dir='ltr'>est</span> <span class='ocrx_word' id='word_1_389' title='bbox 1611 1887 1663 1915; x_wconf 82' lang='lat' dir='ltr'>ap.</span> <span class='ocrx_word' id='word_1_390' title='bbox 1680 1878 1754 1907; x_wconf 80' lang='lat' dir='ltr'>Liv.</span> 
     </span>
     <span class='ocr_line' id='line_1_68' title="bbox 951 1922 1758 1967; baseline -0.006 -10"><span class='ocrx_word' id='word_1_391' title='bbox 951 1928 977 1967; x_wconf 89' lang='grc'>1,</span> <span class='ocrx_word' id='word_1_392' title='bbox 1005 1927 1046 1957; x_wconf 72' lang='grc'>42</span> <span class='ocrx_word' id='word_1_393' title='bbox 1072 1937 1134 1958; x_wconf 84' lang='lat' dir='ltr'>nec</span> <span class='ocrx_word' id='word_1_394' title='bbox 1159 1925 1293 1967; x_wconf 78' lang='lat' dir='ltr'>rumpit</span> <span class='ocrx_word' id='word_1_395' title='bbox 1321 1929 1439 1956; x_wconf 77' lang='lat' dir='ltr'>lamen</span> <span class='ocrx_word' id='word_1_396' title='bbox 1466 1924 1544 1964; x_wconf 78' lang='lat' dir='ltr'>sali</span> <span class='ocrx_word' id='word_1_397' title='bbox 1566 1922 1758 1955; x_wconf 79' lang='lat' dir='ltr'>necessila-</span> 
     </span>
     <span class='ocr_line' id='line_1_69' title="bbox 947 1969 1757 2011; baseline -0.007 -6"><span class='ocrx_word' id='word_1_398' title='bbox 947 1978 1012 2005; x_wconf 77' lang='lat' dir='ltr'>tem</span> <span class='ocrx_word' id='word_1_399' title='bbox 1040 1972 1208 2004; x_wconf 83' lang='lat' dir='ltr'>humanis</span> <span class='ocrx_word' id='word_1_400' title='bbox 1240 1969 1409 2002; x_wconf 61' lang='lat' dir='ltr'>consiiiic.</span> <span class='ocrx_word' id='word_1_401' title='bbox 1448 1987 1485 1992; x_wconf 86' lang='lat'>—-</span> <span class='ocrx_word' id='word_1_402' title='bbox 1526 1971 1661 2011; x_wconf 70' lang='lat' dir='ltr'>Aspera</span> <span class='ocrx_word' id='word_1_403' title='bbox 1688 1971 1757 1999; x_wconf 83' lang='lat' dir='ltr'>fata</span> 
     </span>
     <span class='ocr_line' id='line_1_70' title="bbox 945 2020 1667 2058; baseline -0.006 -8"><span class='ocrx_word' id='word_1_404' title='bbox 945 2026 1037 2058; x_wconf 73' lang='lat' dir='ltr'>sunt,</span> <span class='ocrx_word' id='word_1_405' title='bbox 1066 2028 1150 2057; x_wconf 78' lang='lat' dir='ltr'>quae</span> <span class='ocrx_word' id='word_1_406' title='bbox 1174 2020 1310 2050; x_wconf 78' lang='lat' dir='ltr'>afferunt</span> <span class='ocrx_word' id='word_1_407' title='bbox 1335 2023 1470 2048; x_wconf 80' lang='lat' dir='ltr'>mortem</span> <span class='ocrx_word' id='word_1_408' title='bbox 1495 2023 1667 2047; x_wconf 81' lang='lat' dir='ltr'>maturam.</span> 
     </span>
    </p>
   </div>
   <div class='ocr_carea' id='block_1_19' title="bbox 946 2075 1759 3051">
    <p class='ocr_par' dir='ltr' id='par_1_29' title="bbox 946 2075 1758 2251">
     <span class='ocr_line' id='line_1_71' title="bbox 992 2075 1756 2111; baseline -0.007 -4"><span class='ocrx_word' id='word_1_409' title='bbox 992 2075 1071 2107; x_wconf 72' lang='lat'>884.</span> <span class='ocrx_word' id='word_1_410' title='bbox 1098 2080 1266 2106; x_wconf 87' lang='lat' dir='ltr'>Summum</span> <span class='ocrx_word' id='word_1_411' title='bbox 1290 2077 1394 2105; x_wconf 85' lang='lat' dir='ltr'>animi</span> <span class='ocrx_word' id='word_1_412' title='bbox 1417 2076 1576 2111; x_wconf 77' lang='lat' dir='ltr'>affectum,</span> <span class='ocrx_word' id='word_1_413' title='bbox 1602 2075 1658 2110; x_wconf 82' lang='lat' dir='ltr'>qui</span> <span class='ocrx_word' id='word_1_414' title='bbox 1684 2078 1756 2103; x_wconf 81' lang='lat' dir='ltr'>tan-</span> 
     </span>
     <span class='ocr_line' id='line_1_72' title="bbox 946 2118 1758 2153; baseline -0.006 0"><span class='ocrx_word' id='word_1_415' title='bbox 946 2126 1016 2153; x_wconf 81' lang='lat' dir='ltr'>dem</span> <span class='ocrx_word' id='word_1_416' title='bbox 1050 2124 1083 2152; x_wconf 88' lang='lat' dir='ltr'>in</span> <span class='ocrx_word' id='word_1_417' title='bbox 1113 2126 1214 2152; x_wconf 81' lang='lat' dir='ltr'>verba</span> <span class='ocrx_word' id='word_1_418' title='bbox 1250 2120 1302 2151; x_wconf 84' lang='lat' dir='ltr'>&#39;I&#39;u</span> <span class='ocrx_word' id='word_1_419' title='bbox 1335 2119 1528 2151; x_wconf 76' lang='lat' dir='ltr'>Marcellus</span> <span class='ocrx_word' id='word_1_420' title='bbox 1553 2118 1623 2150; x_wconf 85' lang='lat' dir='ltr'>eris</span> <span class='ocrx_word' id='word_1_421' title='bbox 1650 2129 1758 2149; x_wconf 86' lang='lat' dir='ltr'>erum-</span> 
     </span>
     <span class='ocr_line' id='line_1_73' title="bbox 948 2163 1757 2207; baseline -0.006 -8"><span class='ocrx_word' id='word_1_422' title='bbox 948 2171 1010 2207; x_wconf 80' lang='lat' dir='ltr'>pit,</span> <span class='ocrx_word' id='word_1_423' title='bbox 1045 2170 1192 2204; x_wconf 77' lang='lat' dir='ltr'>sequitur</span> <span class='ocrx_word' id='word_1_424' title='bbox 1224 2169 1333 2198; x_wconf 83' lang='lat' dir='ltr'>mollis</span> <span class='ocrx_word' id='word_1_425' title='bbox 1356 2168 1558 2197; x_wconf 74' lang='lat' dir='ltr'>lamentatio.</span> <span class='ocrx_word' id='word_1_426' title='bbox 1599 2182 1637 2186; x_wconf 83' lang='lat'>—-</span> <span class='ocrx_word' id='word_1_427' title='bbox 1673 2163 1757 2195; x_wconf 77' lang='lat' dir='ltr'>dale</span> 
     </span>
     <span class='ocr_line' id='line_1_74' title="bbox 947 2213 1159 2251; baseline -0.009 -5"><span class='ocrx_word' id='word_1_428' title='bbox 947 2217 987 2246; x_wconf 79' lang='lat' dir='ltr'>cf.</span> <span class='ocrx_word' id='word_1_429' title='bbox 1016 2213 1053 2251; x_wconf 66' lang='lat'>4.</span> <span class='ocrx_word' id='word_1_430' title='bbox 1082 2214 1159 2244; x_wconf 82' lang='grc'><strong>683.</strong></span> 
     </span>
    </p>

    <p class='ocr_par' dir='ltr' id='par_1_30' title="bbox 946 2269 1756 2404">
     <span class='ocr_line' id='line_1_75' title="bbox 993 2269 1755 2303; baseline -0.007 -2"><span class='ocrx_word' id='word_1_431' title='bbox 993 2271 1071 2301; x_wconf 80' lang='lat'><strong>885.</strong></span> <span class='ocrx_word' id='word_1_432' title='bbox 1098 2274 1136 2301; x_wconf 86' lang='lat' dir='ltr'>In</span> <span class='ocrx_word' id='word_1_433' title='bbox 1170 2272 1342 2301; x_wconf 75' lang='lat' dir='ltr'>funeribus</span> <span class='ocrx_word' id='word_1_434' title='bbox 1376 2278 1446 2299; x_wconf 89' lang='lat' dir='ltr'>mos</span> <span class='ocrx_word' id='word_1_435' title='bbox 1477 2273 1545 2298; x_wconf 82' lang='lat' dir='ltr'>erat</span> <span class='ocrx_word' id='word_1_436' title='bbox 1577 2269 1664 2303; x_wconf 76' lang='lat' dir='ltr'>apud</span> <span class='ocrx_word' id='word_1_437' title='bbox 1690 2269 1755 2296; x_wconf 85' lang='lat' dir='ltr'>Ro-</span> 
     </span>
     <span class='ocr_line' id='line_1_76' title="bbox 946 2313 1756 2354; baseline -0.007 -6"><span class='ocrx_word' id='word_1_438' title='bbox 946 2327 1062 2348; x_wconf 80' lang='lat' dir='ltr'>manos</span> <span class='ocrx_word' id='word_1_439' title='bbox 1096 2319 1189 2348; x_wconf 80' lang='lat' dir='ltr'>flores</span> <span class='ocrx_word' id='word_1_440' title='bbox 1232 2325 1386 2354; x_wconf 77' lang='lat' dir='ltr'>spargere</span> <span class='ocrx_word' id='word_1_441' title='bbox 1425 2319 1454 2344; x_wconf 86' lang='lat' dir='ltr'>et</span> <span class='ocrx_word' id='word_1_442' title='bbox 1492 2321 1673 2351; x_wconf 78' lang='lat' dir='ltr'>purpureos</span> <span class='ocrx_word' id='word_1_443' title='bbox 1716 2313 1756 2343; x_wconf 83' lang='lat' dir='ltr'>cf.</span> 
     </span>
     <span class='ocr_line' id='line_1_77' title="bbox 947 2363 1071 2404; baseline -0.008 -10"><span class='ocrx_word' id='word_1_444' title='bbox 947 2365 988 2404; x_wconf 79' lang='lat'>5,</span> <span class='ocrx_word' id='word_1_445' title='bbox 1017 2363 1071 2394; x_wconf 85' lang='grc'>79.</span> 
     </span>
    </p>

    <p class='ocr_par' dir='ltr' id='par_1_31' title="bbox 947 2413 1759 2827">
     <span class='ocr_line' id='line_1_78' title="bbox 994 2413 1756 2451; baseline -0.009 0"><span class='ocrx_word' id='word_1_446' title='bbox 994 2419 1072 2451; x_wconf 83' lang='grc'><strong>886.</strong></span> <span class='ocrx_word' id='word_1_447' title='bbox 1103 2418 1267 2450; x_wconf 84' lang='lat' dir='ltr'>Animam</span> <span class='ocrx_word' id='word_1_448' title='bbox 1310 2415 1527 2448; x_wconf 83' lang='lat' dir='ltr'>accumulem</span> <span class='ocrx_word' id='word_1_449' title='bbox 1569 2413 1672 2446; x_wconf 79' lang='lat' dir='ltr'>donis</span> <span class='ocrx_word' id='word_1_450' title='bbox 1716 2416 1756 2445; x_wconf 82' lang='lat' dir='ltr'>cf.</span> 
     </span>
     <span class='ocr_line' id='line_1_79' title="bbox 951 2463 1758 2503; baseline -0.007 -6"><span class='ocrx_word' id='word_1_451' title='bbox 951 2466 1028 2497; x_wconf 85' lang='grc'><strong>229.</strong></span> <span class='ocrx_word' id='word_1_452' title='bbox 1064 2484 1102 2488; x_wconf 90' lang='lat'>—</span> <span class='ocrx_word' id='word_1_453' title='bbox 1135 2464 1255 2503; x_wconf 83' lang='lat' dir='ltr'>inani,</span> <span class='ocrx_word' id='word_1_454' title='bbox 1300 2466 1384 2501; x_wconf 83' lang='lat' dir='ltr'>quod</span> <span class='ocrx_word' id='word_1_455' title='bbox 1417 2473 1476 2493; x_wconf 85' lang='lat' dir='ltr'>nec</span> <span class='ocrx_word' id='word_1_456' title='bbox 1508 2463 1543 2491; x_wconf 87' lang='lat' dir='ltr'>in</span> <span class='ocrx_word' id='word_1_457' title='bbox 1571 2463 1676 2492; x_wconf 82' lang='lat' dir='ltr'>vitam</span> <span class='ocrx_word' id='word_1_458' title='bbox 1708 2471 1758 2492; x_wconf 86' lang='lat' dir='ltr'>re-</span> 
     </span>
     <span class='ocr_line' id='line_1_80' title="bbox 947 2506 1756 2551; baseline -0.01 -7"><span class='ocrx_word' id='word_1_459' title='bbox 947 2515 1052 2551; x_wconf 79' lang='lat' dir='ltr'>ducit,</span> <span class='ocrx_word' id='word_1_460' title='bbox 1092 2523 1151 2543; x_wconf 85' lang='grc'><strong>1100</strong></span> <span class='ocrx_word' id='word_1_461' title='bbox 1184 2521 1204 2542; x_wconf 85' lang='grc'><strong>3</strong></span> <span class='ocrx_word' id='word_1_462' title='bbox 1247 2517 1371 2542; x_wconf 81' lang='lat' dir='ltr'>mortuo</span> <span class='ocrx_word' id='word_1_463' title='bbox 1410 2510 1558 2539; x_wconf 81' lang='lat' dir='ltr'>sentitur.</span> <span class='ocrx_word' id='word_1_464' title='bbox 1617 2510 1668 2538; x_wconf 82' lang='lat' dir='ltr'>Ita</span> <span class='ocrx_word' id='word_1_465' title='bbox 1705 2506 1756 2546; x_wconf 87' lang='grc'>11,</span> 
     </span>
     <span class='ocr_line' id='line_1_81' title="bbox 947 2554 1757 2590; baseline -0.01 0"><span class='ocrx_word' id='word_1_466' title='bbox 947 2558 990 2589; x_wconf 84' lang='grc'>51</span> <span class='ocrx_word' id='word_1_467' title='bbox 1023 2557 1094 2589; x_wconf 73' lang='lat' dir='ltr'>Nos</span> <span class='ocrx_word' id='word_1_468' title='bbox 1121 2557 1280 2589; x_wconf 83' lang='lat' dir='ltr'>iuvenem</span> <span class='ocrx_word' id='word_1_469' title='bbox 1308 2554 1509 2587; x_wconf 58' lang='lat' dir='ltr'>exanimum</span> <span class='ocrx_word' id='word_1_470' title='bbox 1540 2554 1591 2590; x_wconf 81' lang='lat' dir='ltr'>(et</span> <span class='ocrx_word' id='word_1_471' title='bbox 1619 2555 1667 2584; x_wconf 88' lang='lat' dir='ltr'>nil</span> <span class='ocrx_word' id='word_1_472' title='bbox 1692 2555 1757 2583; x_wconf 88' lang='lat' dir='ltr'>iam</span> 
     </span>
     <span class='ocr_line' id='line_1_82' title="bbox 947 2598 1758 2638; baseline -0.01 -1"><span class='ocrx_word' id='word_1_473' title='bbox 947 2607 1146 2637; x_wconf 83' lang='lat' dir='ltr'>caelestibus</span> <span class='ocrx_word' id='word_1_474' title='bbox 1178 2605 1257 2634; x_wconf 85' lang='lat' dir='ltr'>ullis</span> <span class='ocrx_word' id='word_1_475' title='bbox 1285 2602 1472 2638; x_wconf 81' lang='lat' dir='ltr'>debentem)</span> <span class='ocrx_word' id='word_1_476' title='bbox 1508 2609 1601 2630; x_wconf 83' lang='lat' dir='ltr'>vano</span> <span class='ocrx_word' id='word_1_477' title='bbox 1631 2598 1758 2630; x_wconf 81' lang='lat' dir='ltr'>maesti</span> 
     </span>
     <span class='ocr_line' id='line_1_83' title="bbox 947 2645 1759 2684; baseline -0.009 -1"><span class='ocrx_word' id='word_1_478' title='bbox 947 2650 1157 2682; x_wconf 79' lang='lat' dir='ltr'>comitamur</span> <span class='ocrx_word' id='word_1_479' title='bbox 1180 2648 1319 2680; x_wconf 77' lang='lat' dir='ltr'>honore.</span> <span class='ocrx_word' id='word_1_480' title='bbox 1370 2650 1430 2678; x_wconf 64' lang='grc' dir='ltr'><strong>ΟΥ.</strong></span> <span class='ocrx_word' id='word_1_481' title='bbox 1448 2650 1525 2677; x_wconf 81' lang='lat' dir='ltr'>Met.</span> <span class='ocrx_word' id='word_1_482' title='bbox 1549 2645 1580 2684; x_wconf 78' lang='lat'>2,</span> <span class='ocrx_word' id='word_1_483' title='bbox 1605 2645 1671 2675; x_wconf 73' lang='lat'>340</span> <span class='ocrx_word' id='word_1_484' title='bbox 1696 2654 1759 2676; x_wconf 76' lang='lat' dir='ltr'>nec</span> 
     </span>
     <span class='ocr_line' id='line_1_84' title="bbox 949 2689 1759 2730; baseline -0.009 -2"><span class='ocrx_word' id='word_1_485' title='bbox 949 2696 1066 2728; x_wconf 85' lang='lat' dir='ltr'>minus</span> <span class='ocrx_word' id='word_1_486' title='bbox 1092 2694 1266 2727; x_wconf 74' lang='lat' dir='ltr'>Heliades</span> <span class='ocrx_word' id='word_1_487' title='bbox 1299 2694 1402 2730; x_wconf 73' lang='lat' dir='ltr'>fletus</span> <span class='ocrx_word' id='word_1_488' title='bbox 1435 2695 1467 2723; x_wconf 74' lang='lat' dir='ltr'>et</span> <span class='ocrx_word' id='word_1_489' title='bbox 1501 2690 1628 2722; x_wconf 77' lang='lat' dir='ltr'>inania</span> <span class='ocrx_word' id='word_1_490' title='bbox 1653 2689 1759 2722; x_wconf 82' lang='lat' dir='ltr'>morti</span> 
     </span>
     <span class='ocr_line' id='line_1_85' title="bbox 950 2737 1758 2776; baseline -0.01 -1"><span class='ocrx_word' id='word_1_491' title='bbox 950 2752 1097 2774; x_wconf 83' lang='lat' dir='ltr'>munera</span> <span class='ocrx_word' id='word_1_492' title='bbox 1131 2741 1219 2773; x_wconf 79' lang='lat' dir='ltr'>dant</span> <span class='ocrx_word' id='word_1_493' title='bbox 1250 2738 1429 2770; x_wconf 84' lang='lat' dir='ltr'>lacrimas.</span> <span class='ocrx_word' id='word_1_494' title='bbox 1486 2740 1566 2768; x_wconf 86' lang='lat' dir='ltr'>Stat.</span> <span class='ocrx_word' id='word_1_495' title='bbox 1592 2740 1693 2768; x_wconf 84' lang='lat' dir='ltr'>Theb.</span> <span class='ocrx_word' id='word_1_496' title='bbox 1727 2737 1758 2776; x_wconf 74' lang='grc'><strong>6,</strong></span> 
     </span>
     <span class='ocr_line' id='line_1_86' title="bbox 951 2784 1551 2827; baseline -0.008 -8"><span class='ocrx_word' id='word_1_497' title='bbox 951 2788 1017 2819; x_wconf 86' lang='grc'>168</span> <span class='ocrx_word' id='word_1_498' title='bbox 1046 2786 1177 2819; x_wconf 84' lang='grc' dir='ltr'><em>Ιηαιιία</em></span> <span class='ocrx_word' id='word_1_499' title='bbox 1201 2784 1307 2825; x_wconf 78' lang='lat' dir='ltr'>fertis</span> <span class='ocrx_word' id='word_1_500' title='bbox 1333 2784 1428 2816; x_wconf 83' lang='lat' dir='ltr'>iusta</span> <span class='ocrx_word' id='word_1_501' title='bbox 1450 2793 1551 2827; x_wconf 85' lang='lat' dir='ltr'>rogo.</span> 
     </span>
    </p>

    <p class='ocr_par' dir='ltr' id='par_1_32' title="bbox 948 2828 1759 3051">
     <span class='ocr_line' id='line_1_87' title="bbox 995 2828 1758 2872; baseline -0.009 -7"><span class='ocrx_word' id='word_1_502' title='bbox 995 2834 1074 2865; x_wconf 88' lang='lat'><strong>888.</strong></span> <span class='ocrx_word' id='word_1_503' title='bbox 1103 2832 1205 2865; x_wconf 80' lang='lat' dir='ltr'>Aeris</span> <span class='ocrx_word' id='word_1_504' title='bbox 1232 2835 1350 2870; x_wconf 81' lang='lat' dir='ltr'>iungas</span> <span class='ocrx_word' id='word_1_505' title='bbox 1374 2840 1448 2862; x_wconf 89' lang='lat' dir='ltr'>cum</span> <span class='ocrx_word' id='word_1_506' title='bbox 1474 2828 1642 2872; x_wconf 81' lang='lat' dir='ltr'>regione,</span> <span class='ocrx_word' id='word_1_507' title='bbox 1670 2834 1705 2859; x_wconf 88' lang='lat' dir='ltr'>ut</span> <span class='ocrx_word' id='word_1_508' title='bbox 1726 2828 1758 2866; x_wconf 84' lang='grc'><strong>2,</strong></span> 
     </span>
     <span class='ocr_line' id='line_1_88' title="bbox 949 2878 1759 2923; baseline -0.009 -12"><span class='ocrx_word' id='word_1_509' title='bbox 949 2880 1016 2911; x_wconf 88' lang='grc'>737</span> <span class='ocrx_word' id='word_1_510' title='bbox 1042 2879 1145 2923; x_wconf 80' lang='lat' dir='ltr'>regio</span> <span class='ocrx_word' id='word_1_511' title='bbox 1163 2878 1314 2910; x_wconf 86' lang='lat' dir='ltr'>viarum.</span> <span class='ocrx_word' id='word_1_512' title='bbox 1336 2894 1374 2898; x_wconf 90' lang='lat'>—</span> <span class='ocrx_word' id='word_1_513' title='bbox 1394 2880 1533 2907; x_wconf 82' lang='lat' dir='ltr'>Enarrat</span> <span class='ocrx_word' id='word_1_514' title='bbox 1550 2879 1648 2914; x_wconf 83' lang='lat' dir='ltr'>bella,</span> <span class='ocrx_word' id='word_1_515' title='bbox 1674 2884 1759 2912; x_wconf 84' lang='lat' dir='ltr'>quae</span> 
     </span>
     <span class='ocr_line' id='line_1_89' title="bbox 949 2923 1757 2966; baseline -0.01 -7"><span class='ocrx_word' id='word_1_516' title='bbox 949 2930 1091 2966; x_wconf 82' lang='lat' dir='ltr'>gerenda</span> <span class='ocrx_word' id='word_1_517' title='bbox 1123 2928 1204 2964; x_wconf 80' lang='lat' dir='ltr'>sint,</span> <span class='ocrx_word' id='word_1_518' title='bbox 1248 2927 1403 2960; x_wconf 78' lang='lat' dir='ltr'>docetque</span> <span class='ocrx_word' id='word_1_519' title='bbox 1437 2925 1648 2960; x_wconf 82' lang='lat' dir='ltr'>populorum.</span> <span class='ocrx_word' id='word_1_520' title='bbox 1684 2923 1757 2958; x_wconf 89' lang='lat' dir='ltr'>qui-</span> 
     </span>
     <span class='ocr_line' id='line_1_90' title="bbox 948 2970 1759 3008; baseline -0.007 -5"><span class='ocrx_word' id='word_1_521' title='bbox 948 2977 1087 3005; x_wconf 80' lang='lat' dir='ltr'>buscum</span> <span class='ocrx_word' id='word_1_522' title='bbox 1111 2981 1152 3004; x_wconf 88' lang='grc'>03</span> <span class='ocrx_word' id='word_1_523' title='bbox 1175 2974 1263 3003; x_wconf 83' lang='lat' dir='ltr'>bella.</span> <span class='ocrx_word' id='word_1_524' title='bbox 1288 2972 1431 3008; x_wconf 83' lang='lat' dir='ltr'>gerenda</span> <span class='ocrx_word' id='word_1_525' title='bbox 1454 2970 1536 3000; x_wconf 82' lang='lat' dir='ltr'>sint.</span> <span class='ocrx_word' id='word_1_526' title='bbox 1565 2970 1706 2998; x_wconf 85' lang='lat' dir='ltr'>indolem</span> <span class='ocrx_word' id='word_1_527' title='bbox 1728 2973 1759 2997; x_wconf 79' lang='lat' dir='ltr'>et</span> 
     </span>
     <span class='ocr_line' id='line_1_91' title="bbox 949 3029 1066 3051; baseline -0.017 0"><span class='ocrx_word' id='word_1_528' title='bbox 949 3029 1066 3051; x_wconf 78' lang='lat' dir='ltr'>mores.</span> 
     </span>
    </p>
   </div>
  </div>
 </body>
</html>
