2023 3350
740 124 975 158 AENEIDOS
1005 126 1089 159 LIB.
1117 127 1160 159 ΙΙ.

129 240 252 282 Νι1110
293 253 470 282 morere.

538 239 634 280 Hoc
671 238 817 281 dicens
858 239 1014 281 altaria
1054 239 1110 281 ad
1149 239 1245 294 ipsa
1284 243 1535 283 trementem
1687 245 1771 283 550

128 297 279 340 Traxit
319 302 361 340 et
395 297 439 339 in
475 297 610 339 multo
645 297 889 351 lapsantem
926 298 1133 352 sanguine
1166 297 1269 349 nati,

128 355 430 410 Implicuitque
469 369 633 397 comam
671 355 812 407 laeva,
854 355 1093 410 dextraque
1123 369 1347 397 coruscum

129 413 296 456 Extulit
330 428 382 455 ac
415 413 543 455 lateri
578 413 733 467 capulo
772 417 896 455 tenus
935 413 1105 456 abdidit
1145 427 1298 455 ensem.

128 471 246 513 Haec
281 470 378 513 finis
414 471 594 523 Priami;
635 471 824 513 fatorum
867 471 938 513 hic
977 472 1115 514 exitus
1152 471 1273 513 illum

128 529 253 572 Sorte
292 529 413 582 tulit,
455 529 626 571 Troiam
661 529 879 571 incensam
913 533 955 571 et
988 530 1195 584 prolapsa
1231 529 1443 571 videntem

127 587 356 641 Pergama,
396 590 463 629 tot
502 587 721 641 quondam
757 587 928 642 populis

128 645 413 699 Regnatorem
447 645 586 687 Asiae.

965 588 1178 642 terrisque
1216 587 1446 641 superbum

653 646 772 687 Iacet
805 646 954 700 ingens
994 645 1123 688 litore
1161 649 1349 697 truncus,

128 703 416 758 Avolsumque
457 703 644 745 humeris
685 707 833 757 caput,
876 707 918 745 et
954 703 1043 745 sine
1082 703 1251 745 nomine
1285 716 1450 756 corpus.

243 761 300 803 At
333 775 399 803 me
436 764 529 802 tum
562 761 748 815 primum
782 775 931 803 saevus
968 761 1251 803 circumstetit
1288 760 1457 803 horror.

130 818 351 873 Obstipui3
393 819 525 861 subiit
564 820 653 860 cari
692 820 899 873 genitoris
937 819 1093 873 imago,

1689 818 1770 857 560

128 877 187 919 Ut
225 891 369 931 regem
406 891 668 931 aequaevum
708 877 871 919 crudeli
906 877 1078 919 volnere
1116 876 1204 919 vidi

127 935 272 976 Vitam
309 934 600 987 exhalantem3
643 935 775 977 subiit
812 935 984 977 deserta
1021 935 1180 977 Creusa

126 993 184 1035 Et
222 992 393 1047 direpta
433 992 585 1035 domus
623 997 665 1034 et
701 993 824 1047 parvi
864 1007 988 1035 casus
1025 992 1119 1033 Iuli.

126 1143 216 1164 rare.
273 1136 430 1170 supplent
465 1135 505 1163 ad
538 1131 744 1175 degenerem
778 1141 850 1162 esse
881 1133 922 1161 cf.

127 1182 169 1210 ad
191 1181 229 1219 5,
261 1179 337 1209 362.
387 1183 499 1214 Neque
531 1184 637 1208 tamen
674 1179 833 1207 omissum
860 1181 922 1207 hoc

125 1229 201 1256 loco
234 1226 355 1254 rectius
387 1226 533 1254 dicemus
568 1227 704 1253 verbum
738 1225 921 1253 substanti—

124 1280 219 1309 vum,
264 1279 361 1306 quam
391 1271 619 1300 accusativum
660 1271 728 1304 regi
765 1278 783 1299 a
818 1273 920 1298 verbo

124 1325 282 1348 narrare.
332 1317 387 1346 Sic
418 1316 461 1345 96
491 1314 638 1355 promisi
672 1313 827 1345 ultorem.
876 1315 921 1344 78

123 1371 234 1403 neque
260 1371 313 1392 me
346 1360 517 1402 Argolica
555 1360 598 1391 de
631 1364 738 1403 gente
768 1359 920 1402 negabo.

124 1409 184 1438 591
216 1407 376 1447 confessa
401 1405 521 1443 deam,
552 1408 660 1443 ibique
684 1410 749 1437 alia
772 1409 922 1436 eiusdem

125 1455 216 1484 verbi
248 1456 411 1489 exempla.
471 1454 504 1490 1,
534 1453 600 1482 390
634 1451 744 1482 socios
779 1451 921 1482 reduces

124 1499 188 1530 tibi
220 1498 354 1530 nuntio.
406 1500 464 1537 10,
502 1499 558 1529 151
594 1497 747 1529 violenta
779 1502 922 1539 pectora

129 1543 238 1576 'I'urni
258 1543 384 1575 edocet.
422 1547 516 1581 Apud
537 1546 688 1574 Ovidium
710 1548 812 1574 habes
830 1547 919 1574 Fast.

123 1592 154 1628 5,
174 1591 242 1620 502
259 1589 551 1632 dissimulantque
567 1589 669 1627 deos‚·
696 1593 780 1626 apud
795 1593 919 1620 Lucan.

125 1638 155 1675 1,
184 1636 240 1666 131
272 1635 439 1667 dedidicit
465 1635 535 1667 iam
559 1645 645 1677 pace
674 1635 803 1667 ducem.
851 1640 920 1666 Iam

123 1691 204 1713 vero
235 1684 332 1712 etiam
364 1685 449 1719 apud
482 1685 674 1713 Ciceronem
707 1688 756 1712 est
790 1681 919 1724 legere,

122 1727 249 1759 audire
288 1727 441 1769 aliquem
476 1731 560 1759 idem
594 1731 679 1765 quod
719 1727 845 1759 audire
878 1726 921 1758 de

123 1773 253 1815 aliquo.
304 1777 406 1805 Acad.
432 1774 468 1810 2,
498 1776 532 1812 1,
559 1775 579 1804 3
604 1783 739 1813 eorum,
765 1784 849 1815 quos
871 1772 919 1804 le-

123 1819 243 1861 gisset.
274 1837 319 1840 —
346 1823 507 1851 Consulto
535 1823 770 1856 Neoptolemus
802 1830 921 1850 nomen

123 1875 238 1905 suum,
273 1875 335 1902 quo
363 1868 538 1905 gloriatur,
572 1876 637 1897 non
663 1875 843 1903 pronomen
868 1875 921 1897 me

124 1913 233 1948 posuit
257 1913 298 1942 cf.
324 1913 376 1941 79.

168 1957 246 1988 550.
276 1956 357 1998 Ipsa
385 1962 475 1987 notat
500 1959 605 1987 hostis
631 1958 863 1989 immanitatem
890 1963 920 1987 01.

123 2005 330 2040 impietatem.
369 2020 413 2023 —
450 2006 651 2034 trementem
690 2013 777 2043 „non
809 2005 921 2034 formi-

123 2051 217 2086 dine,
242 2051 302 2078 sed
331 2048 470 2078 aetate.“
519 2052 551 2078 S.

169 2095 246 2125 551.
279 2093 435 2136 Lapsare
466 2096 582 2124 dicitnr
611 2096 658 2132 is,
696 2095 751 2130 qui
784 2096 920 2130 pedibus

123 2142 222 2171 firmis
251 2150 316 2170 non
345 2142 460 2178 utitur,
501 2142 573 2170 sive
601 2146 652 2170 est
678 2143 764 2170 male
789 2142 920 2170 sobrius

123 2188 230 2225 (Flor.
256 2186 293 2225 2,
324 2187 381 2225 10,
410 2187 450 2222 3)
483 2188 558 2216 sive
585 2188 757 2222 paludibus
785 2187 921 2222 impedi-

122 2240 176 2263 tus
200 2234 298 2270 (Tac.
323 2235 385 2262 An.
414 2233 451 2268 l,
484 2233 546 2268 65]
578 2234 650 2262 sive
683 2233 835 2268 lapidosa
868 2233 924 2262 via

122 2281 267 2309 irritatus
287 2279 363 2315 (Sil.
381 2278 412 2316 3,
428 2278 514 2314 631)
544 2279 617 2308 sive
637 2280 703 2308 alia
724 2280 763 2307 de
787 2286 920 2307 caussa.

122 2328 223 2360 Isque
251 2333 333 2354 usus
364 2334 407 2354 ex
436 2325 678 2360 frequentativo
705 2330 793 2353 recte
819 2326 923 2353 dedu-

124 2372 217 2400 citur.
271 2373 355 2400 Ante
384 2371 554 2406 Virgilium
592 2379 661 2400 vox
693 2379 759 2400 non
797 2371 923 2400 videtur

123 2417 268 2452 reperiri.

169 2461 246 2492 55⁶2.
273 2464 366 2491 Patet
390 2463 518 2492 Priamo
551 2465 700 2498 galeam,
733 2467 831 2491 antea
861 2462 921 2498 (cf.

123 2507 211 2543 509]
237 2508 439 2546 impositam,
472 2510 512 2538 ad
545 2516 634 2538 aram
666 2514 802 2538 attracto
829 2508 923 2537 exci-

124 2554 226 2583 disse.
266 2569 310 2573 —
343 2562 523 2584 coruscum
554 2552 679 2584 ertull't
713 2557 745 2584 et
784 2551 922 2585 abdidit

124 2607 236 2629 ensem
263 2599 304 2628 cf.
329 2598 367 2637 8,
394 2599 470 2628 168.

168 2643 247 2674 554.
277 2642 375 2674 Finis
411 2645 600 2674 femininum
639 2645 680 2674 cf.
713 2647 765 2674 Gr.
804 2646 826 2679 ἕ
866 2644 922 2682 78,

122 2692 185 2721 An.
222 2690 236 2720 1
273 2696 304 2719 et
337 2688 376 2727 4,
416 2689 492 2720 462.
524 2707 569 2710 —
603 2688 731 2720 Exitus
761 2688 844 2720 tulit
880 2690 920 2720 cf.

123 2737 201 2767 600.
245 2736 276 2774 4,
305 2735 372 2766 679
398 2737 541 2774 abstulit,
565 2737 697 2772 eripui13
725 2743 922 2771 quamquam

123 2785 219 2813 locus
244 2784 388 2811 nondum
413 2787 563 2818 repertus
587 2787 653 2819 est,
676 2782 710 2811 in
736 2790 799 2817 quo
826 2784 920 2817 lega-

123 2833 174 2858 tur
198 2826 313 2858 exitus
337 2827 406 2862 fert
428 2825 598 2868 aliquem,
632 2829 691 2857 sed
716 2832 822 2863 potest
848 2828 919 2857 dici.

121 2875 313 2911 Dubitatur,
345 2879 451 2903 utrum
477 2879 552 2903 ante
588 2881 629 2902 an
660 2878 734 2909 post
758 2872 919 2912 fatorum

124 2921 165 2950 sit
203 2921 508 2956 interpungendum.
571 2921 674 2954 Quum
711 2928 777 2949 non
812 2920 920 2949 omnia

123 2966 193 2996 fata
210 2967 329 2996 Priami
352 2969 383 2995 11.
406 2969 428 2996 1.
449 2966 632 2995 narraverit
651 2967 795 3003 Aeneas,
822 2974 919 3001 quum

123 3013 157 3041 in
181 3019 324 3042 caesura
348 3013 480 3048 gravior
508 3013 549 3041 sit
575 3019 692 3047 pausa,
718 3013 799 3040 bene
825 3014 920 3041 clau-

125 3058 208 3088 ditur
232 3055 277 3088 H.
292 3056 384 3098 finis
407 3055 564 3094 Ρνίαηιὶς
588 3062 618 3086 01
637 3065 721 3093 quae
740 3063 921 3093 sequuntur

969 1134 1133 1168 iungenda
1153 1138 1227 1162 sunt
1249 1130 1303 1161 hic
1327 1130 1440 1161 exitus
1461 1128 1560 1160 illum
1580 1127 1660 1160 tulit
1680 1133 1771 1160 sorte

962 1178 1137 1217 fatorum.
1184 1179 1237 1207 Sic
1262 1178 1357 1206 etiam
1385 1174 1470 1206 Hck.
1496 1177 1549 1212 qui
1579 1184 1651 1204 sors
1672 1175 1771 1214 sato-

969 1233 1044 1253 rum
1077 1225 1142 1259 legi
1168 1226 1263 1253 docet
1286 1226 1366 1252 Luc.
1399 1224 1437 1260 9,
1475 1221 1571 1251 1047.
1623 1225 1708 1251 Mau.
1737 1221 1769 1258 3,

971 1268 1047 1299 132.
1111 1272 1225 1300 Claud.
1268 1271 1306 1298 de
1340 1271 1392 1299 Vl.
1431 1278 1525 1298 00115.
1562 1270 1647 1297 Hon.
1690 1268 1768 1296 283.

969 1317 1056 1346 Curt.
1093 1315 1148 1353 10,
1179 1316 1212 1352 l,
1244 1314 1298 1344 30.
1354 1312 1435 1343 Wd.
1467 1315 1521 1349 qui
1550 1311 1662 1344 exitus
1688 1312 1770 1344 tulit

968 1359 1067 1392 illum
1089 1370 1154 1391 non
1179 1362 1241 1391 dici
1268 1361 1514 1396 animadvertit,
1547 1361 1769 1389 coniecturam

970 1409 1119 1443 proponit
1165 1409 1340 1437 admodum
1386 1407 1608 1442 splendidam:
1672 1403 1770 1435 Haec

960 1452 1050 1494 finis
1079 1451 1228 1492 Priami,
1248 1452 1407 1491 fatorum
1431 1450 1486 1482 hic
1507 1450 1643 1487 exitus,-
1668 1449 1768 1481 illum

969 1508 1043 1529 sors
1076 1497 1201 1530 tetulit.
1255 1501 1296 1529 At
1338 1499 1442 1528 forma
1476 1496 1594 1528 tetulit
1623 1507 1686 1527 non
1718 1503 1767 1526 est

970 1546 1111 1581 Virgilii,
1145 1553 1341 1581 quamquam
1369 1545 1601 1580 antiquiorum,
1635 1550 1664 1572 et
1692 1546 1769 1572 vul-

968 1597 1045 1625 gata
1075 1592 1274 1621 defenditur:
1334 1594 1415 1621 Tam
1457 1591 1576 1620 misere
1616 1598 1660 1619 ex
1701 1589 1767 1618 fato

969 1644 1116 1667 mortuus
1139 1644 1208 1675 est,
1239 1642 1270 1667 et
1297 1637 1463 1673 (interea)
1491 1637 1604 1665 videre
1631 1641 1768 1665 coactus

967 1689 1019 1713 est
1043 1685 1213 1713 incensam
1242 1684 1393 1720 Troiam,
1419 1683 1471 1718 qui
1499 1683 1629 1718 populis
1656 1683 1769 1711 terris-

968 1739 1030 1766 que
1058 1733 1224 1765 superbus
1251 1735 1405 1765 regnator
1432 1729 1536 1758 fuerat
1561 1728 1676 1758 Asiae.

1013 1775 1091 1805 555.
1118 1779 1209 1806 sorte
1235 1777 1352 1815 „fatali
1378 1773 1605 1805 necessitate“
1638 1778 1670 1804 S.
1720 1774 1768 1804 Cf.

972 1822 1027 1859 12,
1054 1821 1130 1851 932.

1013 1867 1090 1897 556.
1118 1870 1343 1908 regnatorem
1373 1865 1484 1900 Asiae,
1507 1863 1687 1907 superbum
1705 1875 1768 1906 po-

966 1911 1062 1954 pulis
1085 1912 1274 1954 terrisque‚·
1301 1914 1350 1943 sic
1369 1914 1534 1947 iungenda
1555 1915 1657 1941 verba
1681 1918 1767 1942 sunt.

967 1962 1016 1989 De
1043 1968 1075 1989 v.
1105 1958 1271 2000 superbus
1297 1960 1337 1989 cf.
1363 1959 1403 1996 5,
1430 1958 1507 1987 268.

1013 2006 1090 2035 55ῖ.
1121 2004 1213 2035 Iacet
1245 2003 1372 2047 ingens
1402 2002 1505 2035 litore
1530 2007 1694 2039 truncus‚·
1727 2003 1766 2031 cf.

969 2050 1053 2088 512,
1095 2057 1125 2081 01
1156 2052 1266 2081 Manil.
1304 2051 1340 2089 4,
1374 2049 1418 2080 64
1452 2047 1700 2089 Priamumque
1731 2047 1767 2078 in

971 2095 1072 2126 litore
1105 2100 1284 2133 truncum,
1325 2095 1380 2126 cui
1412 2104 1473 2126 nec
1511 2093 1618 2126 Troia
1647 2103 1766 2136 rogus.

969 2146 1045 2171 Sen.
1066 2145 1185 2172 Troad.
1215 2142 1279 2172 140
1301 2140 1459 2183 Magnoq
1490 2150 1505 2171 c
1528 2139 1604 2172 Ιουί
1628 2139 1769 2171 victima

970 2196 1091 2217 caesus
1133 2186 1245 2229 Sigea
1285 2186 1414 2228 premis
1463 2185 1569 2217 litora
1614 2189 1766 2216 truncus.

969 2235 1039 2263 Iam
1061 2234 1092 2262 in
1112 2234 1249 2263 Pacuvii
1269 2234 1448 2270 tragoedia,
1476 2239 1505 2262 ut
1532 2238 1671 2263 testatur
1690 2235 1767 2261 Ser-

969 2280 1065 2316 vius,
1091 2280 1122 2308 in
1149 2280 1243 2308 litore
1270 2280 1437 2315 proiectus
1464 2287 1542 2308 esse
1568 2279 1746 2307 dicebatur.

1015 2325 1094 2354 558.
1123 2323 1207 2354 Sine
1231 2322 1369 2354 nomine
1392 2332 1515 2364 corpus
1533 2328 1583 2353 est
1601 2325 1686 2358 quod
1702 2332 1768 2352 non

971 2376 1077 2407 potest
1110 2372 1258 2406 agnosci.
1316 2372 1403 2400 curt.
1439 2369 1478 2408 6,
1516 2369 1554 2405 9,
1592 2368 1637 2398 28
1672 2367 1767 2399 velut

970 2420 1129 2447 truncum
1169 2425 1292 2457 corpus
1333 2413 1472 2456 dempto
1511 2412 1644 2454 capite,
1695 2412 1768 2444 sine

969 2460 1115 2503 spiritu,
1148 2460 1221 2492 sine
1251 2459 1407 2499 nomine,
1441 2458 1560 2490 aliena
1589 2462 1683 2490 terra
1713 2458 1767 2488 lu-

968 2506 1118 2538 dibrium
1142 2505 1251 2538 hostis
1270 2507 1424 2546 futuros.
1451 2522 1495 2526 ——
1520 2507 1640 2535 Priami
1664 2508 1766 2535 caede

968 2560 1151 2590 conspecta
1175 2556 1309 2584 Aeneas
1334 2553 1503 2582 Anchisae
1529 2553 1632 2588 patris
1655 2560 1767 2581 recor-

969 2603 1063 2630 datur
1087 2606 1117 2629 et
1142 2605 1175 2629 ut
1193 2608 1265 2629 eum
1285 2600 1435 2629 defendat
1455 2599 1642 2634 impellitur,
1667 2606 1767 2633 quum

969 2648 1057 2676 urbis
1075 2649 1214 2676 tuendae
1230 2647 1294 2675 iam
1308 2645 1450 2675 facultas
1466 2653 1532 2674 non
1545 2645 1597 2674 sit.
1628 2644 1676 2674 Cf.
1687 2643 1765 2673 506.

969 2723 1173 2756 559-555.
1221 2721 1390 2754 Helenam
1420 2721 1457 2752 in
1482 2721 1608 2753 Vestae
1634 2720 1765 2763 templo

968 2773 1192 2811 conspectam
1217 2767 1356 2800 Aeneas
1389 2771 1534 2799 conatur
1561 2765 1764 2800 interficere.

1013 2828 1090 2858 559.
1122 2826 1207 2857 Tum
1234 2823 1408 2867 primum.-
1436 2827 1544 2861 itaque
1569 2828 1608 2856 ad
1630 2827 1662 2856 id
1685 2831 1766 2855 tem-

968 2883 1031 2910 pus
1053 2881 1248 2910 quamquam
1270 2872 1384 2901 mediis
1403 2873 1436 2901 in
1456 2873 1568 2902 caedis
1585 2873 1764 2902 terroribus

966 2926 1124 2950 versatus
1150 2928 1216 2948 non
1241 2920 1400 2947 timuerat.

1012 2966 1090 2996 561.
1118 2964 1340 3005 Aequaevum
1368 2965 1556 3002 Anchisae,
1583 2964 1667 2999 quod
1694 2971 1765 2992 ma-

966 3013 1054 3042 xime
1079 3015 1188 3040 movet
1212 3011 1352 3039 animum
1377 3010 1442 3039 filii.
1492 3013 1586 3040 Nova
1609 3014 1660 3039 est
1683 3018 1763 3038 vox.

1012 3058 1089 3088 563.
1105 3056 1241 3097 direpta
1254 3053 1395 3093 domus3
1409 3057 1496 3086 timet
1510 3065 1551 3086 ne
1563 3057 1625 3086 iam
1640 3056 1765 3092 direpta
