2023 3350
690 123 925 158 AENEIDOS
955 127 1042 158 LIB.
1067 127 1111 158 11.

1667 128 1721 166 87

86 240 159 293 Di,
207 240 362 294 quibus
396 238 626 293 imparium
661 238 743 280 hoc
778 242 978 291 steterat,
1018 240 1269 282 succurritis
1305 239 1404 281 urbi

86 299 288 341 Incensae
318 310 394 338 —1

436 296 688 349 moriamur,
727 300 770 339 et
803 297 847 338 in
877 297 1019 339 media
1054 311 1176 340 arma
1213 312 1400 340 ruamus.

86 356 183 399 Una
212 356 326 398 salus
363 355 487 396 victis
524 355 688 396 nullam
721 369 894 409 sperare
927 355 1124 397 salutem.

87 414 156 456 Sic
187 414 338 455 animis
373 413 570 455 iuvenum
609 413 730 455 furor
765 412 952 455 additus.

1668 414 1689 453 271

1696 427 1719 453 Q
1699 414 1715 424 t

1010 413 1132 466 Inde,
1173 412 1266 467 lupi
1303 426 1380 455 ceu
1638 415 1660 453 3
1698 428 1703 435 ‘

84 472 297 525 Raptores
337 473 434 513 atra
472 471 517 512 in
554 470 731 523 nebula,
776 485 884 525 quos
918 471 1117 525 improba
1147 470 1307 513 ventris

83 529 240 583 Exegit
276 542 424 570 caecos
459 528 620 581 rabies,
669 529 888 583 catulique
919 529 1059 571 relicti

83 586 299 629 Faucibus
336 589 587 641 exspectant
619 587 763 639 siccis3
802 601 880 641 per
917 587 1021 638 tela,
1060 600 1136 641 per
1169 586 1316 628 hostes

83 644 289 687 Vadimus
324 644 441 686 haud
474 644 650 687 dubiam
682 645 727 687 in
760 649 957 697 mortem,
1002 644 1255 697 mediaeque
1294 647 1487 686 tenemus

83 702 213 745 Urbis
249 703 333 744 iter
345 716 354 754 3

404 703 507 758 [nox
543 707 640 745 atra
679 717 785 745 cava
821 703 1098 745 circumvolat
1130 702 1315 757 umbra]

1634 699 1716 739 360

83 761 185 812 Quis
225 760 391 802 cladem
427 761 543 802 illius
578 761 736 812 noctis,
781 761 876 815 quis
908 760 1062 802 funera
1090 759 1222 801 fando

81 818 300 872 Explicet,
344 822 421 860 aut
456 819 595 872 possit
630 819 820 861 lacrimis
857 833 1042 873 aequare
1076 817 1278 860 labores?

81 876 194 918 Urbs
235 876 418 930 antiqua
455 877 562 929 ruit,
607 877 766 919 multos
806 876 1026 919 dominata
1061 890 1139 930 per
1171 888 1327 927 annos3

81 1040 130 1069 nii
152 1041 276 1070 Romae
307 1041 453 1070 tutelaris
485 1049 581 1076 quam
610 1043 751 1070 maxime
785 1042 876 1078 igno—

34 1095 39 1115 ε
83 1091 150 1115 tum
171 1094 244 1116 esse
268 1089 457 1123 voluerunt,
477 1096 516 1116 ne
540 1088 613 1121 quis
638 1087 778 1116 hostium
802 1095 875 1115 euni

34 1128 36 1130 ’
80 1137 189 1167 posset
228 1140 375 1161 evocare.

432 1134 615 1162 Formulam
655 1133 767 1170 illam,
811 1140 873 1167 qua

79 1179 155 1207 deos
179 1178 254 1207 elici
283 1181 452 1213 putabant,
491 1179 619 1207 tradidit
643 1180 783 1207 Macrob.
807 1180 873 1206 Sat.

81 1221 111 1259 3,
136 1222 166 1252 9.
201 1225 320 1252 Eadem
343 1224 450 1258 opinio
473 1225 574 1253 medio
600 1232 683 1253 aevo
709 1226 746 1253 de
773 1226 875 1253 Sanc-

78 1270 121 1298 tis
146 1270 295 1298 invaluit.
345 1270 419 1298 'l'ali
447 1271 590 1298 oratione
620 1267 669 1298 ΡΙ.
695 1275 783 1305 putat
808 1278 875 1299 om-

29 1337 34 1348 .
79 1323 152 1344 nem
184 1315 226 1343 iis
259 1316 403 1344 animum
431 1316 530 1345 adimi
563 1314 647 1350 (qua
671 1316 704 1343 in
726 1324 760 1344 re
785 1316 875 1344 falli-

31 1353 33 1362 *
79 1364 140 1397 tur,
168 1368 243 1389 nam
267 1361 463 1397 instigantur
486 1362 727 1397 desperatione)
751 1365 779 1390 et
805 1370 876 1390 mu-

77 1411 121 1435 tat
156 1407 209 1435 ita.
262 1404 412 1447 Incipio:
448 1415 538 1447 quae
565 1416 590 1436 s.
622 1415 649 1436 r.
672 1406 703 1445 f.
738 1405 874 1443 vidctis,

79 1449 267 1481 Excessere
290 1469 333 1472 —
356 1450 434 1481 urbi
462 1451 628 1482 Inccnsae
653 1461 744 1490 sero,
777 1462 794 1482 ο
822 1451 875 1482 iu-

76 1506 179 1527 venes
209 1497 237 1535 f.
265 1497 298 1537 f.
322 1507 345 1539 p
371 1495 382 1527 I
423 1507 447 1527 s.
474 1507 504 1527 v.
532 1507 562 1528 a.
586 1507 613 1528 e.
642 1508 668 1527 c.
700 1497 734 1528 C.
764 1497 874 1538 sequi,

75 1541 267 1573 moriamur
301 1553 327 1574 e.
357 1542 378 1573 i.
407 1553 450 1573 m.
476 1553 508 1573 α.
534 1553 561 1573 r.
619 1542 694 1573 L'na
723 1566 754 1574 ..
779 1543 875 1574 salu-

78 1586 169 1619 lem!

123 1633 198 1664 353.
229 1632 422 1664 Moriamur
447 1638 478 1665 et
504 1644 650 1665 ruamus
674 1637 713 1666 cf.
740 1634 772 1673 8,
799 1634 872 1665 125.

122 1679 197 1710 354.
231 1678 307 1710 Una
335 1679 431 1711 salus
454 1679 554 1711 victis
578 1680 712 1710 nullam
736 1690 876 1721 sperare

75 1724 226 1756 salutem
259 1727 401 1763 [Similia
429 1729 558 1757 Ruhnk.
583 1730 623 1757 ad
643 1729 727 1757 Vell.
755 1727 791 1764 2,
815 1728 873 1764 5.].

122 1771 198 1801 356.
227 1770 408 1813 [mprobus
433 1775 565 1809 saepius
590 1779 637 1803 est
664 1775 794 1808 nimius.
819 1775 873 1809 qui

76 1819 125 1848 ita
156 1820 284 1848 modum
317 1820 457 1857 excedit,
496 1825 528 1849 ut
559 1824 694 1855 nequeat
728 1821 871 1856 probari:

75 1865 124 1894 sic
148 1862 200 1892 80.
240 1863 270 1901 9,
297 1863 348 1894 62.
386 1863 438 1903 12,
463 1863 527 1893 637
558 1874 655 1894 mons
682 1863 870 1906 improbus.

76 1912 112 1939 G.
143 1908 168 1946 1,
192 1907 252 1937 145
277 1907 392 1939 Labor
413 1909 530 1940 onmia
555 1909 661 1940 vincit
682 1909 871 1951 improbus.

76 1958 185 1990 Neque
208 1956 293 1985 enim
316 1953 428 1985 iustus
445 1962 473 1985 et
490 1954 619 1996 probus
643 1962 698 1986 aut
723 1955 873 1986 iniustus

76 2006 107 2030 et
142 1999 318 2041 improbus
353 2006 474 2031 tantum
510 2004 551 2031 ad
584 2011 690 2031 mores
726 2008 871 2037 spectant

74 2048 256 2085 hominum,
297 2048 353 2076 sed
387 2049 428 2076 ad
456 2056 508 2076 res
544 2056 655 2077 omnes
682 2049 870 2083 referuntur,

75 2098 233 2128 quatenus
259 2098 334 2122 sunt
358 2099 391 2122 ut
418 2096 572 2123 volumus
595 2102 677 2123 esse.
707 2109 744 2114 —
782 2091 872 2133 Lupi

75 2141 255 2179 raptores,
281 2145 314 2168 nt
336 2147 386 2175 ap.
411 2142 469 2169 ΟΥ.
503 2138 550 2177 10,
576 2137 660 2176 540,
693 2144 721 2168 et
748 2141 872 2168 Telesi-

74 2194 137 2214 nus
187 2192 238 2220 ap.
280 2186 364 2214 Veli.
404 2184 440 2221 2,
472 2183 513 2213 27
570 2187 732 2214 Romanos
777 2190 871 2215 vocat

72 2232 232 2270 raptores
258 2228 406 2261 Italicae
430 2229 602 2260 libertatis
629 2229 738 2271 lupos.
783 2228 874 2271 Lupi

73 2277 214 2305 Romani
247 2278 380 2312 saepius
408 2278 572 2307 dicuntur.
608 2282 639 2305 ut
663 2285 713 2312 ap.
740 2278 813 2306 Liv.
841 2275 870 2313 3,

73 2320 127 2351 66.
177 2323 224 2351 Cf.
250 2325 329 2352 Iust.
359 2321 418 2357 33,
445 2322 473 2352 6.
524 2325 611 2353 Haec
636 2329 742 2352 autem
768 2323 870 2351 1101111-

73 2369 127 2397 1115
157 2376 229 2398 011111
253 2370 328 2404 lupo
357 2370 554 2404 comparatio
579 2370 643 2398 iam
669 2372 708 2398 ab
732 2371 869 2397 Homero

72 2418 211 2451 tentata,
249 2416 287 2443 ΙΙ.
328 2411 382 2451 11,
414 2414 467 2444 72.
511 2413 569 2451 16,
597 2413 674 2444 353.
712 2423 731 2444 a
774 2416 868 2451 Vglio

73 2464 205 2489 summo
225 2465 273 2489 est
296 2463 428 2490 exculta
449 2461 591 2490 artificio.
617 2466 651 2490 ut
677 2459 706 2495 9.
733 2459 771 2489 61
800 2470 847 2495 sq.

121 2503 197 2534 357.
226 2503 354 2535 Rabies
373 2515 419 2536 sc.
442 2508 554 2536 edendi
575 2508 614 2537 cf.
639 2505 669 2542 9,
691 2504 743 2535 64.
782 2505 868 2536 Cae-

74 2558 132 2581 005
157 2559 201 2581 50.
225 2552 324 2581 rabie.

121 2595 196 2625 360.
222 2605 290 2626 nox
317 2598 398 2626 aira
431 2599 492 2627 etc.
541 2599 588 2627 De
615 2602 706 2627 nocte
731 2601 868 2628 obscura

73 2651 202 2672 monere
228 2645 287 2672 hoc
308 2644 377 2672 1000
402 2644 485 2671 nihil
511 2645 682 2680 attinebat;
708 2648 737 2672 et
758 2645 867 2673 intulit

72 2692 153 2718 haec
176 2692 277 2718 verba
307 2689 445 2725 aliquis,
469 2693 504 2717 ut
530 2698 662 2718 versum
687 2691 867 2725 compleret,

71 2735 172 2764 simul
193 2735 373 2770 respiciens
398 2735 480 2764 illud
501 2737 582 2764 atra
606 2732 642 2764 in
665 2732 810 2770 nebula,
834 2739 868 2764 ut

73 2783 323 2816 comparandum
355 2789 427 2810 cum
456 2785 639 2815 comparato
664 2781 770 2817 magis
792 2790 868 2811 con-

71 2828 208 2856 veniret.
257 2828 471 2862 Praecipitant
495 2831 602 2855 autem
628 2834 783 2856 caussam
808 2828 868 2856 im-

72 2873 227 2908 probandi
251 2876 352 2902 habes
376 2881 407 2901 v.
432 2871 512 2907 2553
545 2873 607 2908 οι11,
622 2873 761 2909 accedit,
785 2875 868 2908 quod

73 2919 246 2956 Androgeo
264 2919 427 2954 sociisque
445 2919 517 2947 eius
541 2919 658 2948 occisis
684 2926 775 2948 arma
798 2927 868 2948 mu-

74 2968 158 3002 tant,
198 2966 281 3000 quod
309 2969 381 2994 atra
409 2969 500 2993 nocte
532 2964 638 2993 facere
674 2965 756 2994 nihil
789 2973 869 3000 opus

74 3014 158 3048 erat3
203 3019 307 3047 neque
342 3011 483 3040 tenebris
513 3011 705 3047 Androgeus
734 3010 869 3048 fallitur,

75 3057 134 3085 sed
161 3058 245 3092 quod
275 3057 465 3087 instructam
499 3057 603 3086 aciem
633 3059 673 3086 ab
707 3064 746 3086 ea
781 3061 870 3093 parte

922 1042 1010 1070 videt
1033 1041 1175 1075 prodire.
1209 1046 1272 1074 qua
1297 1039 1355 1067 via
1376 1042 1425 1067 est
1448 1038 1487 1065 ad
1513 1042 1634 1071 naves,
1660 1043 1715 1062 ne-

922 1095 983 1121 que
1005 1087 1182 1121 Troianos,
1220 1090 1252 1113 ut
1279 1093 1320 1113 ex
1346 1084 1417 1113 eius
1441 1082 1550 1112 verbis
1572 1086 1715 1116 apparet,

922 1133 987 1161 iam
1012 1139 1148 1166 usquam
1175 1131 1324 1160 resistere
1349 1130 1506 1164 opinatur.
1556 1129 1662 1161 Neque
1687 1126 1716 1154 si

921 1178 1136 1213 plenilunium
1163 1181 1245 1209 erat,
1285 1177 1389 1205 inedia
1414 1179 1504 1204 nocte
1527 1175 1607 1202 luna
1632 1172 1716 1201 occi-

922 1224 975 1253 dit.
1002 1228 1033 1252 ut
1057 1225 1170 1252 volunt
1191 1225 1281 1251 Serv.
1298 1227 1327 1251 et
1345 1217 1520 1250 Friedrich
1538 1214 1715 1255 (Teschen

922 1268 1005 1307 68);
1031 1277 1132 1304 neque
1155 1277 1172 1297 e
1195 1277 1226 1297 v.
1248 1266 1322 1296 397.
1342 1266 1416 1295 420.
1439 1264 1514 1294 569.
1534 1262 1599 1292 725
1625 1264 1716 1292 aliud

922 1316 1097 1345 concludas
1121 1322 1217 1349 quam
1245 1318 1368 1343 noctem
1392 1313 1514 1345 fuisse,
1550 1310 1715 1339 obscurio-

922 1370 988 1390 rem
1013 1362 1105 1390 illam
1131 1368 1228 1395 quam
1255 1361 1323 1388 dies
1347 1368 1420 1388 esse
1445 1360 1542 1389 solet:
1577 1356 1715 1391 plurima

922 1412 1040 1441 aulem,
1066 1414 1148 1441 quae
1177 1410 1236 1436 hoc
1262 1407 1342 1434 libro
1366 1409 1546 1436 narrantur,
1571 1411 1634 1431 non
1659 1410 1714 1436 po-

922 1458 1022 1482 terant
1054 1453 1120 1482 fieri
1151 1458 1220 1481 atra
1248 1457 1347 1481 nocte.
1397 1451 1478 1486 Quid
1503 1450 1585 1485 quod
1617 1448 1714 1477 etiam

921 1508 1010 1528 cava
1046 1497 1167 1527 umbra
1203 1507 1266 1527 non
1302 1499 1463 1527 commode
1498 1497 1616 1525 dictum
1648 1499 1713 1527 esu

920 1545 959 1574 cf.
983 1545 1011 1578 6,
1039 1543 1115 1573 293.
1156 1554 1213 1574 nec
1237 1541 1489 1572 circumvolare
1513 1538 1635 1570 umbra
1658 1542 1715 1568 110-

920 1592 1024 1620 mines
1055 1596 1138 1620 recte
1162 1591 1290 1619 videtur
1314 1591 1387 1620 dici.
1441 1586 1509 1618 Hb.-
1535 1586 1714 1624 „TibiciniS

919 1639 988 1667 loco
1015 1638 1119 1672 posita
1144 1637 1292 1672 suspicor
1320 1645 1353 1665 u.
1376 1644 1408 1664 a.
1436 1644 1461 1664 c.
1489 1643 1516 1663 c.
1541 1643 1595 1668 11.,
1632 1640 1714 1667 quae

920 1684 985 1711 11151
1010 1684 1122 1712 versui
1145 1684 1301 1717 explendo
1327 1684 1416 1711 nullo
1435 1681 1584 1710 videntur
1607 1678 1713 1708 consi-

919 1730 963 1758 lio
985 1730 1092 1758 addita
1115 1727 1219 1757 esse4‘.
1268 1730 1312 1757 At
1339 1729 1412 1764 Vgl.
1439 1735 1501 1756 non
1525 1725 1655 1760 scripsit
1680 1725 1713 1753 in

920 1776 1051 1804 tibicine
1075 1776 1158 1810 quod
1182 1775 1333 1803 Latinum
1357 1783 1420 1802 11011
1445 1777 1522 1802 erat.
1572 1769 1635 1800 Hr.
1656 1779 1713 1799 ex-

920 1822 1019 1856 plicat
1044 1826 1168 1850 noctem
1193 1829 1248 1856 per
1270 1823 1416 1850 umbram
1443 1819 1570 1854 mortis,
1605 1822 1640 1845 ut
1671 1817 1713 1844 sit

920 1865 956 1896 6.
982 1865 1047 1895 867
1082 1867 1185 1901 (unde
1213 1870 1292 1896 haec
1324 1869 1422 1895 verba
1452 1865 1532 1895 milti
1564 1864 1713 1893 videntur

919 1915 1014 1942 ducta
1042 1914 1135 1949 esse)
1170 1917 1198 1941 et
1232 1918 1354 1943 noctem
1388 1912 1451 1941 dici
1483 1912 1520 1939 tle
1549 1914 1649 1938 morte
1682 1906 1712 1943 6,

918 1956 994 1987 827.
1042 1960 1129 1994 Quod
1163 1967 1276 1988 verum
1308 1967 1369 1987 non
1403 1963 1468 1989 est:
1506 1957 1601 1985 innuo
1643 1955 1712 1983 illic

918 2007 1016 2034 nocte
1039 2002 1151 2044 premi
1171 2006 1286 2034 dicitur
1306 2008 1408 2038 1101110.
1433 2003 1488 2039 qui
1512 2007 1608 2031 natus
1631 2009 1711 2029 non-

918 2051 992 2078 dum
1034 2056 1092 2079 est.
1162 2052 1247 2080 Illud
1284 2059 1397 2080 verunt
1435 2055 1463 2079 et
1501 2050 1541 2078 ad
1579 2046 1616 2083 ὅ,
1645 2044 1710 2075 867

918 2097 1076 2130 exemplis
1102 2099 1278 2131 probatum,
1300 2099 1432 2125 noctem
1462 2090 1712 2124 circumvolare

919 2142 981 2170 dici
1011 2150 1102 2175 eum,
1137 2151 1230 2176 quem
1251 2151 1338 2171 mors
1361 2147 1494 2177 captura
1517 2145 1579 2176 est,
1612 2147 1711 2174 eoque

919 2188 1010 2215 modo
1047 2188 1156 2217 liceret
1194 2190 1224 2215 h.
1265 2190 1286 2216 l.
1324 2188 1428 2222 accipi
1463 2186 1711 2221 explicationem

1158 2229 1255 2261 haud
1296 2230 1436 2261 dubiam
1479 2230 1513 2260 in
1554 2233 1710 2260 mortem.

1563 2278 1624 2305 Sed
1654 2279 1710 2305 ob-

917 2235 1105 2261 verborum:

918 2279 971 2307 Sic
1002 2279 1116 2313 accipit
1149 2280 1249 2306 verba
1278 2275 1342 2306 ΙΛΙ-
1370 2284 1399 2306 et
1433 2275 1514 2307 Wd.

916 2329 979 2353 stat
1004 2325 1085 2353 illud
1111 2332 1212 2352 cava.

963 2367 1038 2398 361.
1065 2367 1140 2409 quis
1167 2367 1299 2398 cladem
1325 2375 1382 2398 etc.
1418 2369 1530 2397 Simile
1546 2375 1597 2402 ap.
1616 2369 1706 2397 Hom.

915 2418 970 2444 Od.
995 2415 1025 2449 3,
1051 2412 1122 2444 11⁴.
1149 2416 1205 2444 Sil.
1229 2413 1258 2451 2,
1275 2414 1348 2443 650.
1383 2414 1412 2449 5,
1431 2412 1505 2442 421.
1553 2414 1708 2448 Exscrip-

915 2463 956 2491 sit
981 2464 1086 2490 locum
1111 2462 1244 2490 Orosius
1265 2459 1295 2490 2.
1322 2458 1372 2488 18.

960 2505 1036 2536 362.
1069 2506 1223 2547 Aequam
1259 2503 1397 2546 aliquid
1434 2502 1555 2544 aliqua
1595 2512 1631 2533 re
1665 2505 1706 2534 cf.

912 2554 986 2583 Liv.
1014 2552 1044 2591 6,
1067 2551 1108 2580 20
1137 2561 1240 2592 quum
1268 2561 1308 2580 ea
1329 2559 1481 2591 qnoque,
1509 2559 1600 2590 quae
1620 2548 1707 2580 bello

912 2602 1017 2640 gesta
1050 2601 1176 2636 essent,
1211 2607 1274 2636 pro
1298 2594 1457 2637 fastigio
1484 2604 1597 2626 rernm
1629 2605 1708 2625 ora-

912 2643 1006 2674 tione
1053 2642 1159 2673 etiam
1204 2641 1414 2684 magnifica,
1454 2641 1561 2680 facta
1605 2640 1708 2673 dictis

913 2687 1099 2731 aequando
1128 2691 1360 2718 memorasset.
1412 2689 1496 2717 Ptin.
1527 2690 1584 2724 Ep.
1617 2686 1654 2726 8,
1684 2687 1704 2718 4

913 2734 998 2766 haec
1028 2736 1153 2772 (facta)
1186 2743 1339 2775 aequare
1369 2732 1513 2763 dicendo
1542 2731 1704 2764 arduum.

913 2784 964 2811 Ita
991 2790 1042 2818 ap.
1073 2784 1153 2811 Sall.
1184 2782 1252 2810 Cat.
1286 2779 1316 2809 3.
1346 2778 1447 2817 facta
1474 2778 1574 2810 dictis
1604 2788 1705 2810 exae-

915 2836 1024 2867 quare
1050 2825 1188 2856 dicitur.
1221 2831 1247 2855 et
1275 2827 1332 2855 Sil.
1358 2823 1406 2863 12,
1424 2824 1488 2855 388
1513 2824 1616 2856 dictis
1636 2824 1706 2856 bel-

914 2871 1049 2903 lantum
1073 2880 1223 2911 000110νο
1245 2871 1405 2900 calorem.

963 2918 1038 2948 363.
1063 2921 1241 2954 Exspectas
1269 2918 1380 2947 audire
1400 2918 1496 2948 fortia
1517 2919 1603 2948 sacta
1626 2919 1704 2947 Tro-

914 2966 1073 3001 ianorum,
1100 2966 1155 2994 sed
1176 2965 1306 2993 Aeneas
1327 2964 1458 2993 tristitia
1478 2966 1613 3001 capitur,
1637 2966 1705 2994 cla-

915 3013 971 3040 des
1001 3011 1178 3045 funeraque
1214 3011 1395 3039 recordatus
1426 3013 1509 3046 quod
1544 3018 1704 3041 summum

915 3061 963 3087 est
991 3056 1091 3094 affert,
1115 3057 1194 3085 illud
1223 3053 1306 3085 Urbs
1330 3054 1413 3086 ruit.
