2023 3350
69 250 209 295 Corde
249 248 408 304 premit
444 247 649 301 gemitum
685 248 972 302 lacrimasque
1011 246 1194 289 effundit
1230 245 1392 287 inanes.

67 310 174 351 Tum
216 307 395 350 Genitor
430 309 579 347 natum
620 306 748 348 dictis
786 305 964 347 adfatur
1002 305 1174 347 amicis:

68 368 167 410 Stat
207 379 285 408 sua
321 364 474 418 cuique
507 363 617 416 dies;
657 364 786 406 breve
825 367 868 406 et
904 363 1196 418 inreparabile
1232 366 1402 416 tempus

69 424 275 467 Omnibus
315 425 379 464 est
412 422 549 464 vitae:
592 421 667 464 sed
705 422 865 464 famam
903 422 1132 463 extendere
1165 420 1294 462 factis

68 482 163 524 Hoc
199 480 370 522 virtutis
409 493 529 534 opus.

69 541 151 583 Tot
188 537 306 593 gnati
348 537 540 579 cecidere
576 538 722 591 deum3
773 539 876 592 quin
912 538 1070 580 occidit
1102 551 1188 578 una

69 596 311 650 Sarpedon,
345 610 442 638 mea
477 597 718 650 progenies.

67 656 176 698 Fata
211 657 386 705 vocant,
415 658 639 709 metasqne
673 655 764 697 dati
796 655 991 709 pervenit
1032 654 1088 695 ad
1127 653 1232 695 aevi.

68 713 137 756 Sic
180 712 263 763 ait,
299 715 430 766 atque
465 713 611 755 oculos
646 713 904 755 Rutulorum
941 712 1082 754 reiicit
1118 712 1244 753 arvis.

65 771 124 812 At
157 769 303 812 Pallas
341 771 510 825 magnis
542 771 703 813 emittit
744 771 907 813 viribus
951 771 1143 821 hastam,

67 827 318 882 Vaginaque
348 843 452 870 cava
488 829 723 883 fulgentem
763 829 922 883 deripit
959 842 1114 870 ensem.

66 885 149 927 Illa
187 886 358 938 volans,
401 886 569 929 humeri
607 891 789 942 surgunt
831 901 917 940 qua
950 886 1143 940 tegmina
1177 897 1360 935 summa,

65 943 243 995 Incidit,
283 948 417 998 atque
454 946 566 987 viam
606 946 733 1000 clipei
770 945 922 987 molita
962 959 1038 999 per
1071 957 1169 985 oras

64 1001 253 1044 Tandem
290 1003 421 1045 etiam
459 1018 615 1058 magno
653 1004 830 1046 strinxit
869 1004 922 1045 de
960 1016 1142 1056 corpore
1180 999 1325 1042 Turni.

679 133 915 166 AENEIDOS
946 134 1030 166 LlB.
1057 133 1099 165 X.
1622 129 1703 167 507

1622 243 1704 284 465

589 480 743 522 Troiae
785 479 863 522 sub
904 479 1126 522 moenibus
1165 479 1266 520 altis
1626 534 1709 573 470

778 597 924 638 Etiam
960 610 1038 638 sua
1077 595 1267 637 Turnum

1628 822 1710 861 475

1631 1112 1714 1151 480

66 1059 148 1102 Hic
183 1060 350 1103 Turnus
386 1060 500 1103 ferro
541 1062 780 1116 praefixum
817 1061 952 1104 robur
987 1064 1116 1102 acuto

65 1118 115 1160 In
149 1118 349 1161 Pallanta
387 1118 461 1162 diu
495 1120 660 1162 librans
702 1120 825 1172 iacit,
854 1122 985 1173 atque
1020 1118 1085 1160 ita
1121 1116 1261 1159 fatur:

65 1175 272 1230 Adspice,
312 1192 415 1219 num
447 1192 573 1232 mage
611 1179 668 1220 sit
701 1181 899 1220 nostrum
939 1175 1205 1231 penetrabile
1239 1172 1386 1214 telum.

66 1234 268 1287 Dixerat,
307 1239 354 1277 at
391 1235 595 1290 clipeum,
634 1240 704 1278 tot
740 1236 845 1278 ferri
887 1239 1032 1288 terga,
1066 1237 1134 1275 tot
1174 1231 1288 1274 aeris

67 1292 203 1344 Quem
244 1293 369 1348 pellis
403 1294 563 1336 totiens
596 1294 726 1337 obeat
762 1292 1033 1336 circumdata
1066 1290 1200 1342 tauri,

65 1441 154 1482 888]
181 1446 284 1475 animi
306 1451 427 1477 motum
441 1448 586 1484 produnt,
611 1454 694 1482 quas
719 1450 753 1476 ut
779 1447 871 1475 videt

65 1491 211 1527 Iuppiter
236 1495 423 1522 consolatur
454 1494 555 1522 filium
588 1502 701 1529 suum,
741 1497 870 1521 senten-

66 1537 209 1612 tziggique
220 1539 339 1574 profert
356 1541 435 1568 Iove
451 1541 593 1576 dignam.
622 1555 660 1560 —
690 1537 751 1568 sub
776 1538 816 1568 cf.
840 1537 870 1575 6,

114 1627 192 1659 466.
225 1627 388 1668 Genitor,
412 1632 567 1662 Herculis
590 1631 745 1667 Iuppiter.

115 1683 193 1717 467.
217 1690 289 1717 stat
315 1689 402 1726 „fixa
426 1693 484 1718 est.
540 1686 641 1725 Dies,
668 1694 794 1724 tenipus
819 1688 873 1717 vi—

69 1737 132 1771 tae,
156 1741 233 1763 nam
255 1734 410 1764 feminino
436 1743 518 1764 usus
541 1739 590 1764 est
616 1744 748 1772 genere:
776 1743 875 1770 quum

70 1780 158 1808 enim
181 1781 364 1810 masculino
388 1781 522 1819 utimur,
556 1789 590 1810 re
612 1788 694 1811 vera
719 1781 803 1810 diem
827 1781 875 1809 si-

71 1825 299 1862 gnificamus.“
324 1829 356 1855 S.

120 1880 197 1911 468.
222 1885 342 1912 Eadem
366 1884 529 1914 sententia
554 1891 606 1919 ap.
631 1885 710 1913 Sall.
741 1885 810 1913 Cat.
843 1879 874 1911 1.

74 1927 266 1966 -farnam
288 1929 472 1959 extendere
492 1929 613 1967 facti&
666 1932 720 1960 Sic
742 1928 773 1967 4,
798 1927 877 1958 307.

71 1971 237 2004 virtutem
264 1974 448 2006 extendere
473 1974 581 2011 factis
595 1978 681 2006 Plin.
706 1979 762 2012 Ep.
789 1975 820 2013 5,
845 1974 876 2004 8.

72 2018 209 2052 famam
237 2019 438 2059 estendere,
465 2031 528 2051 non
553 2024 661 2052 addito
683 2020 806 2060 factis.
836 2037 874 2042 —

73 2068 188 2102 Itaque
213 2068 365 2097 omnihus
385 2069 457 2098 vita
479 2069 590 2098 brevis
610 2074 677 2106 est,
708 2070 804 2099 etiam
832 2069 878 2097 dii

73 2111 157 2142 titios
182 2121 262 2143 suos
279 2115 429 2144 viderunt
446 2116 587 2152 interire,
613 2121 642 2145 et
662 2117 732 2152 ipse
746 2117 877 2144 Turnus

76 2167 153 2188 mox
176 2161 276 2189 cadet.

122 2202 198 2235 470.
227 2208 277 2235 tot
305 2204 413 2247 gnati
437 2204 539 2236 deum
566 2208 742 2244 „Achilles
769 2207 879 2236 Theti-

77 2251 146 2311 disi?
185 2254 337 2282 Memnon
358 2253 524 2291 Aurorae,
551 2255 765 2290 Ascalaphus
790 2256 879 2283 Mar-

75 2297 119 2326 tis
164 2299 196 2327 S.

124 2341 202 2373 471.
229 2345 277 2374 De
294 2347 480 2381 Sarpedone
502 2346 541 2376 cf.
569 2343 605 2384 1,
633 2344 709 2375 100.

122 2397 200 2430 472.
226 2400 402 2441 pervenit,
436 2407 538 2441 „bene
567 2405 608 2434 ad
633 2403 880 2440 exprimendum

76 2448 215 2477 celerem
245 2450 359 2478 mortis
388 2451 563 2480 adventum
594 2450 766 2486 praeterito
796 2457 879 2479 usus

75 2497 127 2522 est
150 2494 324 2529 tempore.“
352 2497 384 2524 S.
408 2496 448 2526 cf.
474 2497 510 2535 5,
536 2494 614 2525 243.
665 2513 704 2518 —
755 2499 879 2533 metas,

76 2539 168 2576 fines,
189 2544 223 2569 ut
252 2538 285 2577 1,
311 2538 386 2570 278.

125 2583 201 2615 473.
227 2583 340 2616 reiicit
366 2585 463 2616 arvis
495 2585 628 2627 oculos,
657 2588 792 2625 avertit3

78 2633 143 2661 abl.
170 2632 210 2662 cf.
240 2630 277 2669 1,
305 2631 381 2670 358,
407 2635 448 2662 ad
468 2642 534 2663 rem
560 2632 613 2672 12,
642 2632 717 2664 151.

124 2687 201 2719 475.
233 2687 362 2730 deripit
384 2698 498 2720 ensem
525 2700 587 2728 „ne
611 2693 695 2722 iacto
718 2693 781 2721 telo
797 2692 884 2720 iner-

78 2736 143 2766 mis
170 2735 278 2766 esset“
305 2738 337 2766 S.
387 2738 485 2766 Curat
519 2738 604 2767 enim
625 2738 735 2767 omnia
757 2739 884 2774 Pallas,

78 2790 178 2818 quum
212 2783 309 2813 sciret
342 2791 416 2812 cum
445 2791 561 2820 magno
593 2787 686 2813 hoste
718 2792 793 2813 esse
817 2792 876 2818 pu-

79 2831 252 2865 gnandum.
279 2830 442 2865 „Versum
469 2827 533 2857 475
560 2834 615 2859 aut
646 2838 711 2859 non
744 2830 878 2864 scripsit

843 2589 881 2617 de

17 2903 20 2911 ,
79 2875 243 2912 Virgilius
274 2879 331 2904 aut
355 2884 452 2911 quum
483 2876 615 2911 scripsit
649 2877 747 2911 paulo
783 2876 881 2905 aliter

16 2928 22 2954 ι
81 2928 222 2958 pugnam
246 2923 412 2951 Pallantis
442 2930 515 2951 cum
539 2923 648 2951 Turno
671 2922 881 2951 instituturus

0 2972 22 3004 st
80 2966 181 2997 erat.“
220 2966 284 2998 Rb.
316 2965 448 3004 1.p.84
468 2970 598 2998 damnat
625 2964 693 2997 Hn.
718 2969 803 2997 delet
832 2964 882 2996 Pl.

129 3011 204 3043 476.
231 3012 366 3044 humeri
383 3016 456 3044 MR.
483 3016 526 3044 al.
549 3023 612 3044 rec.
639 3012 722 3055 lVg.
748 3011 811 3042 Rc».
841 3027 880 3034 -—

19 3063 22 3082 ¹
81 3057 232 3091 humeris
246 3063 336 3095 vulg.
362 3077 405 3081 -—
433 3062 559 3098 „Hasta
578 3060 690 3090 incidit
729 3059 884 3090 ubisum-

914 1453 986 1475 mus
1012 1447 1128 1473 thorax
1151 1446 1319 1472 humerum
1342 1440 1393 1475 [et
1416 1439 1543 1475 quidem
1564 1437 1716 1472 laevum)

916 1492 1054 1528 attingit,
1078 1495 1184 1525 atque,
1209 1493 1379 1524 postquam
1399 1490 1447 1515 est
1462 1491 1559 1514 antea
1577 1485 1642 1513 iam
1665 1491 1722 1519 per

915 1538 1013 1573 clipei
1039 1545 1127 1566 oram
1153 1536 1243 1565 viam
1269 1534 1381 1564 molita
1402 1536 1506 1568 esset,
1543 1540 1608 1567 per·
1636 1533 1721 1559 hunc

916 1592 1042 1620 quoque
1069 1587 1242 1618 penetrans
1276 1577 1418 1609 tandem
1451 1575 1556 1607 etiam
1583 1575 1625 1606 de
1648 1585 1723 1605 cor—

917 1638 1002 1670 pore
1037 1626 1149 1658 Turni
1178 1627 1338 1664 (aliquid,
1376 1625 1521 1661 partem)
1561 1620 1720 1663 stringit.

919 1678 1005 1706 Loco
1029 1676 1115 1705 enim
1139 1675 1188 1704 sic
1222 1675 1386 1703 intellecto
1418 1674 1545 1701 demum
1575 1673 1721 1705 apparet,

919 1731 977 1752 cur
1002 1725 1097 1751 hasta
1124 1720 1256 1750 iuvenis
1272 1715 1417 1759 magnis
1442 1715 1576 1746 viribus
1595 1713 1723 1744 emissa

920 1774 1027 1798 tamen
1065 1766 1234 1797 strinxerit
1274 1769 1399 1794 tantum
1439 1763 1541 1792 Turni
1593 1770 1722 1797 corpuS,

920 1822 1004 1850 quae
1027 1814 1056 1843 si
1078 1815 1183 1842 solam
1207 1811 1307 1847 clipei
1330 1817 1419 1839 oram
1438 1809 1635 1845 perforasset
1651 1816 1724 1836 um-

921 1864 1002 1889 bone
1041 1862 1231 1895 plerumque
1272 1857 1461 1891 tenuiorem,
1497 1856 1583 1884 haud
1629 1853 1724 1882 dubie

922 1906 1059 1944 gravius
1083 1906 1191 1934 Turno
1226 1906 1351 1933 vulnus
1382 1902 1564 1931 inflixisset.
1615 1902 1725 1935 Neque

921 1954 1016 1983 aliter
1058 1956 1154 1987 atque
1189 1959 1247 1988 ego
1277 1951 1384 1979 locum
1420 1947 1584 1977 intellexit
1611 1947 1725 1982 Silius,

922 2000 977 2035 qui
1009 1995 1065 2035 15,
1091 1996 1156 2025 757
1181 2006 1250 2033 sqq.
1276 1999 1358 2025 haec
1378 1995 1516 2025 cecinit:
1554 1991 1622 2022 ltta
1644 1993 1725 2028 (ha-

922 2045 994 2082 sta)
1027 2052 1089 2084 per
1118 2052 1199 2073 oras
1231 2039 1356 2073 Aerati
1393 2038 1498 2080 clipei
1527 2042 1558 2069 et
1595 2037 1727 2068 loricae

922 2088 1084 2132 tegmina
1109 2097 1243 2119 summo
1275 2085 1401 2117 Incidit
1427 2083 1524 2116 haud
1544 2083 1637 2124 felix
1663 2082 1726 2114 hu-

922 2145 1028 2174 mero,
1053 2143 1227 2174 parceque
1248 2132 1397 2173 petitum
1423 2129 1631 2162 Perstrinoeit
1654 2139 1729 2160 cor-

922 2181 1021 2223 pus“.
1044 2184 1099 2211 ΕΙ).
1131 2182 1202 2211 Alii
1227 2177 1386 2221 tegmina
1411 2175 1549 2208 humeri
1575 2180 1727 2214 clypeum

925 2238 999 2259 esse
1025 2229 1146 2258 dicunt.

971 2273 1048 2304 477.
1072 2272 1166 2303 viam
1189 2270 1324 2302 molita.
1367 2272 1458 2309 „Hoc
1480 2274 1527 2300 est
1552 2279 1623 2300 cum
1646 2270 1728 2300 diffi-

926 2323 1045 2351 cultate
1068 2319 1253 2357 quaesivit,
1294 2326 1351 2353 per
1391 2318 1475 2352 quod
1510 2321 1539 2346 et
1575 2317 1727 2347 soliditas

926 2368 1023 2403 clipei
1065 2371 1095 2396 et
1138 2366 1247 2395 minus
1295 2364 1405 2393 firmus
1454 2366 1570 2392 hastae
1619 2363 1727 2392 iactus

925 2410 1136 2444 ostenditur.“
1163 2414 1194 2440 S.
1243 2412 1344 2440 Multo
1373 2410 1468 2439 aliter
1498 2410 1627 2438 Turnus
1651 2409 1729 2439 iacit

925 2469 983 2497 per
1008 2460 1149 2490 medium
1174 2458 1323 2493 clipeum.

973 2503 1050 2535 481.
1083 2503 1192 2545 Mage
1231 2504 1368 2538 antiqua
1406 2502 1510 2531 forma
1548 2504 1589 2530 ab
1614 2502 1729 2538 Ennio,

925 2556 1054 2590 Plauto,
1078 2550 1230 2581 Lucretio
1250 2552 1418 2584 usurpata.
1447 2564 1485 2568 -
1512 2545 1732 2577 penetrabile

926 2609 982 2636 pro
1002 2594 1204 2639 penetrale,
1230 2603 1303 2625 nam
1330 2596 1413 2630 quod
1434 2597 1597 2632 penetrat,
1626 2601 1731 2632 pcne-

928 2643 1021 2676 trate
1046 2644 1174 2679 dicitur,
1201 2642 1268 2678 (ita
1286 2643 1380 2670 Lucr.
1409 2638 1439 2678 1,
1467 2638 1532 2668 496
1550 2638 1732 2679 penetrate

923 2689 1062 2732 frigus,
1087 2688 1151 2718 536
1170 2684 1363 2728 penetralis
1384 2683 1503 2726 ignis)
1520 2687 1603 2721 quod
1623 2690 1732 2717 autem

930 2741 1116 2774 penetratur
1136 2730 1376 2772 penetrabile“
1403 2734 1434 2761 S.
1481 2734 1543 2761 Sed
1568 2733 1733 2763 adiectiva

929 2785 965 2813 in
990 2780 1069 2811 bilis
1099 2781 1197 2811 etiam
1226 2780 1370 2809 activam
1399 2783 1572 2808 assumunt
1609 2780 1732 2816 signiti-

924 2830 1099 2863 cationem3
1125 2827 1170 2856 ita
1191 2828 1226 2855 G.
1247 2825 1276 2864 1,
1304 2823 1345 2854 93
1359 2822 1577 2865 penetrabile
1595 2823 1732 2867 friguee,

926 2876 965 2906 cf.
995 2873 1026 2910 6,
1053 2873 1130 2903 715.

973 2918 1049 2949 483.
1075 2927 1175 2960 quem
1196 2920 1261 2957 Μγ,
1287 2917 1435 2953 probavit
1462 2912 1529 2948 Μυ.
1552 2927 1615 2949 rec.
1646 2915 1731 2958 Wg.

933 2964 998 2997 LA.
1029 2964 1092 2996 Rb.
1128 2965 1366 2994 Coniunctivus
1392 2969 1502 2994 autem
1531 2961 1632 2994 obeat
1662 2968 1735 3000 post

930 3013 1106 3044 relativum
1130 3012 1269 3041 continet
1294 3018 1460 3049 caussam,
1483 3019 1581 3047 quam
1607 3011 1733 3040 indica-

932 3063 1048 3090 verunt
1071 3060 1140 3088 nbc
1163 3066 1217 3094 per
1242 3065 1358 3089 quum.
