2023 3350
215 117 297 156 200
787 111 824 143 P.
850 110 1050 144 VIRGILII
1074 110 1283 146 MAROle

214 226 269 267 Et
307 224 439 266 solem
473 222 688 277 geminum
720 223 762 263 et
796 220 990 274 duplices
1027 235 1072 264 se
1112 223 1339 265 ostendere
1376 222 1565 275 Thebas3
1781 225 1865 265 470

214 284 300 323 Aut
339 279 701 334 Agamemnonius
737 278 875 320 scenis
917 278 1109 331 agitatus
1148 280 1336 332 Orestes,

214 340 438 380 Armatam
473 335 641 379 facibus
675 339 858 376 matrem
897 338 939 376 et
973 337 1243 388 serpentibus
1279 338 1387 379 atris

215 396 354 445 Quum
386 394 515 447 fugit,
557 392 819 445 ultricesque
853 391 1003 433 sedent
1043 393 1087 433 in
1119 393 1269 435 limine
1304 395 1446 436 Dirae.

326 451 442 503 Ergo
482 450 555 491 ubi
589 450 787 503 concepit
818 448 955 490 furias
996 449 1136 490 evicta
1167 450 1318 492 dolore

214 508 500 561 Decrevitque
538 507 666 556 mori,
701 510 874 559 tempus
907 519 1051 547 secum
1088 507 1184 560 ipsa
1218 508 1480 561 modumque
1781 509 1866 548 475

215 565 382 617 Exigit,
423 569 486 616 et,
528 568 738 605 maestam
770 563 899 604 dictis
935 563 1144 616 adgressa
1180 578 1384 615 sororem,

217 621 452 663 Consilium
489 621 607 663 voltu
647 621 758 674 tegit
792 634 843 662 ac
879 634 997 673 spem
1034 620 1176 662 fronte
1217 625 1410 663 serenat:

215 679 382 731 Inveni,
420 692 646 732 germana,
689 678 803 719 viam
835 702 892 708 —-
928 681 1103 731 gratare
1139 680 1281 720 sorori
1319 703 1375 709 —-

218 736 336 786 Quae
378 736 483 776 mihi
523 736 677 777 reddat
712 749 807 776 eum
847 734 915 775 vel
955 749 1003 776 eo
1043 749 1110 777 me
1148 736 1288 778 solvat
1326 738 1556 778 amantem.

218 793 378 834 Oceani
417 793 542 834 finem
582 793 704 834 iuxta
739 792 957 845 solemque
996 792 1221 835 cadentem
1784 794 1867 833 480

217 851 404 892 Ultimus
440 850 701 904 Aethiopum
738 850 860 891 locus
900 852 983 900 est,
1026 849 1100 891 ubi
1142 851 1355 892 maximus
1392 848 1517 891 Atlas

218 909 354 949 Axem
391 907 567 950 humero
601 911 775 961 torquet
809 905 947 948 stellis
989 907 1241 950 ardentibus
1280 911 1442 962 aptum.

211 1056 335 1099 fulget
353 1057 438 1097 dies,
462 1057 710 1100 geminumque
730 1056 887 1100 duplices
906 1058 1024 1101 Argos

219 1101 352 1134 attollit
379 1103 499 1134 domos
523 1109 598 1134 Seu.
625 1108 742 1141 Agant.
772 1104 848 1134 727.

264 1148 343 1179 471.
373 1149 675 1190 Agamemnonius
703 1151 936 1186 possessivum
965 1158 1022 1185 pro

219 1196 445 1230 patronymico
474 1196 513 1225 cs.
541 1195 598 1234 10,
629 1195 703 1225 123.
733 1212 771 1216 —
805 1193 915 1225 scenis
939 1199 1020 1224 Mss.

212 1238 322 1279 furiis
350 1242 489 1278 aliquot,
526 1250 569 1270 ex
602 1243 793 1271 coniectura
825 1242 952 1271 scilicet
981 1243 1019 1270 ob

217 1285 300 1322 474,
327 1286 481 1315 inferiore
504 1288 580 1322 illa,
615 1295 710 1321 uuam
735 1288 905 1323 proposuit
933 1289 1022 1315 Mar-

218 1333 360 1360 klandus
397 1329 522 1361 Poenis
554 1340 574 1361 a
608 1326 740 1371 Ποινή,
775 1333 894 1370 ultrix,
925 1332 1019 1360 furia.

220 1377 408 1405 Novissime
430 1374 493 1413 Pl„
518 1378 571 1412 qui
595 1386 659 1406 non
686 1379 792 1407 minus
813 1385 909 1412 quam
931 1378 1020 1406 multi

219 1422 273 1450 alii
302 1423 497 1457 interpretes
529 1423 560 1451 in
588 1431 619 1451 v.
647 1421 757 1451 scenis
781 1424 929 1452 offensus
960 1427 1021 1457 est,

219 1467 305 1495 dedit
329 1465 455 1496 scelere
479 1465 698 1509 exagitatus,
723 1470 808 1502 quod
835 1469 863 1498 si
889 1469 1018 1502 quando

219 1514 305 1548 apud
337 1512 505 1547 Virgilium
539 1516 657 1541 lectum
691 1513 826 1551 fuisset,
861 1521 956 1542 nemo
987 1514 1018 1542 in

219 1556 330 1587 scenis
361 1555 525 1599 agitatus
552 1564 728 1594 mutasset,
761 1559 806 1587 ita
831 1561 963 1594 planum
990 1562 1021 1587 et

221 1603 431 1639 perspicuum
453 1608 500 1632 est
533 1604 629 1641 illud,
663 1605 747 1638 quod
773 1606 821 1633 Pl.
848 1604 1020 1639 excogita-

220 1649 274 1677 vit.
333 1650 398 1677 lam
427 1656 504 1677 vero
537 1650 632 1677 etiam
674 1646 799 1678 Poenis
829 1653 868 1678 ol)
903 1657 1019 1678 vocem

226 1691 333 1722 Dirae
352 1693 419 1722 472
442 1695 609 1730 displicet;
636 1703 742 1729 neque
763 1695 945 1723 verisimile
969 1698 1020 1723 est

220 1745 348 1773 poetam
381 1739 464 1768 intra
493 1748 553 1768 sex
581 1748 701 1768 versus
732 1745 883 1774 quattuor
906 1740 1022 1768 Furia-

219 1793 288 1813 rum
313 1785 445 1813 nomina
467 1785 773 1820 comprehendisse.
821 1787 934 1814 Restat
961 1785 1022 1820 igi-

219 1834 271 1858 tur
306 1835 337 1859 ut
371 1828 481 1859 scenis
512 1839 707 1865 quocunque
745 1832 840 1859 modo
873 1831 1022 1865 explice-

219 1883 302 1904 mus.
354 1878 411 1904 Est
437 1880 545 1904 autem
570 1881 624 1905 aut
649 1884 751 1910 saepe
776 1877 808 1904 in
831 1877 944 1905 scenis
969 1884 1021 1904 re-

220 1926 469 1956 praesentatus,
503 1926 556 1950 aut
590 1927 619 1950 ut
647 1922 678 1950 in
706 1922 817 1950 scenis
844 1922 923 1956 sugit
951 1921 1022 1956 agi-

219 1971 306 1995 tatus
352 1968 489 1995 Orestes
531 1973 676 1995 matrem.
749 1968 817 1995 Hoc
864 1971 1022 2003 praestat,

224 2019 418 2046 quamquam
455 2013 581 2041 Orestis
613 2013 711 2042 fatum
745 2017 814 2041 erat
848 2014 1020 2041 multarum

219 2057 403 2086 fabularum
435 2063 681 2092 argumentum:
722 2065 827 2092 neque
860 2059 943 2086 enim
981 2058 1021 2086 ad

219 2111 357 2131 sensum
381 2103 555 2137 quidquam
588 2103 683 2131 refert
713 2105 852 2132 eandem
878 2103 1022 2132 fabulam

220 2148 357 2183 saepius
384 2149 452 2183 agi3
480 2156 649 2176 movemur
676 2151 770 2177 modo
796 2157 835 2178 eo
862 2153 1021 2186 tempore,

219 2201 283 2227 quo
311 2198 515 2228 spectamus,
566 2197 613 2223 Ea
639 2195 735 2229 igitur
762 2200 812 2223 est
839 2195 1020 2224 sententia:

219 2239 302 2267 Dido
329 2240 426 2267 vanis
450 2240 590 2269 somniis
613 2244 762 2276 terretur,
789 2243 819 2268 ut
841 2242 1021 2276 Pentheus,

221 2284 248 2312 si
290 2284 376 2313 videt
415 2285 566 2319 duplices
611 2288 758 2321 Thebas,
801 2289 832 2313 et
873 2287 1020 2323 OresteS,

219 2331 350 2364 quando
383 2331 504 2359 anxius
538 2338 558 2359 a
590 2336 691 2359 matre
718 2331 830 2359 invadi
857 2339 894 2360 se
921 2335 1021 2367 putat,

220 2374 282 2410 (ef.
321 2378 410 2403 Suet.
454 2377 543 2404 laud.
583 2378 622 2404 ad
667 2384 697 2404 v.
735 2375 820 2411 386]
861 2384 968 2410 neque
1002 2383 1022 2405 a

218 2421 339 2455 templo
367 2421 465 2449 audet
490 2422 619 2456 egredi,
656 2422 741 2455 quod
773 2421 805 2450 in
830 2422 940 2450 limine
965 2429 1022 2450 se-

219 2467 317 2494 deant
339 2467 467 2494 Furiae.
518 2468 631 2500 llaque
655 2467 795 2503 insanit,
820 2470 852 2494 ut
876 2467 940 2504 illi,
967 2466 1022 2500 qui

220 2511 250 2539 in
282 2512 395 2540 scenis
426 2512 576 2540 insaniae
608 2514 762 2546 exempla
789 2512 1020 2547 producuntur.

220 2557 358 2585 Servius
388 2558 439 2593 „A
465 2557 631 2590 Pacuvio,
657 2557 776 2593 inquit,
809 2558 946 2586 Orestes
971 2557 1023 2585 in-

219 2602 347 2629 ducitur
366 2603 503 2636 Pyladis
525 2602 689 2630 adtnonitu
712 2607 843 2637 propter
866 2602 1022 2631 vitandas

218 2648 335 2675 Furias
360 2648 534 2680 ingressus
554 2648 720 2682 Apollinis
744 2649 910 2683 templum,
937 2649 1021 2675 unde

221 2698 319 2724 quum
344 2694 443 2720 vellet
470 2694 573 2727 exire,
599 2693 816 2721 invadebatur
838 2699 857 2721 a
879 2691 1020 2722 Furiisf‘

222 2738 332 2769 Neque
366 2739 504 2766 Romani
535 2740 619 2766 lianc
664 2738 944 2773 comparationem
981 2740 1020 2766 ab

222 2781 317 2815 epica
343 2782 496 2815 dignitate
519 2784 660 2811 alienam
680 2788 888 2819 putaverunt,
916 2792 1021 2818 neque

223 2826 370 2855 offensus
403 2832 451 2856 est
486 2829 640 2863 servius;
675 2833 705 2857 et
738 2833 886 2857 oratores
924 2830 1021 2857 etiam

221 2872 260 2899 de
289 2872 403 2899 scenis
437 2874 638 2907 saepissime
664 2875 895 2903 similitudines
922 2881 1023 2908 quae-

222 2921 311 2952 runt,
354 2921 383 2945 et
416 2918 579 2947 Pentheus
615 2920 654 2947 de
693 2926 796 2948 scena
827 2921 1020 2955 desumptus

223 2966 285 2989 est.
336 2963 441 2996 Quare
469 2971 532 2991 non
559 2965 717 2993 dubitavit
743 2968 840 2999 poeta
865 2972 933 2993 rem
962 2973 1022 3000 po-

223 3014 300 3035 nere
338 3012 446 3036 notam
489 3009 641 3037 omnibus
684 3015 714 3038 et
755 3017 839 3045 tntae
872 3010 903 3038 id
937 3011 1020 3044 quod

1071 1063 1201 1090 volebat
1238 1061 1431 1096 explicaret.
1488 1062 1527 1089 Et
1560 1066 1657 1094 quum
1692 1066 1759 1087 rem
1785 1065 1870 1092 quae

1070 1114 1174 1142 saepe
1200 1107 1233 1135 in
1259 1114 1362 1136 scena
1386 1107 1415 1135 fit
1442 1105 1622 1142 describat,
1650 1105 1748 1133 utitur
1774 1111 1871 1139 prae-

1072 1153 1158 1181 senti
1187 1150 1305 1193 fugit,
1335 1150 1465 1181 sedent.
1516 1153 1580 1180 Pro
1616 1147 1726 1180 scenis
1757 1150 1870 1179 Hilde-

1069 1199 1213 1227 brandus
1240 1195 1366 1227 saevis.

1115 1242 1191 1272 473.
1224 1240 1333 1272 Dirae
1371 1243 1412 1272 cf.
1452 1241 1512 1280 12,
1546 1240 1623 1271 845.

1068 1286 1227 1329 sequenti
1251 1287 1419 1318 nemine
1448 1284 1575 1317 Diras!

1141 1364 1348 1396 474--503.
1396 1362 1488 1394 Dido
1518 1365 1665 1394 mortem
1692 1366 1799 1404 parat.
1847 1402 1853 1406 -

1113 1421 1192 1452 476.
1219 1420 1348 1463 exigit,
1379 1422 1545 1451 constituit
1577 1429 1612 1450 re
1638 1422 1690 1450 diu
1717 1424 1871 1451 multum-

1067 1477 1130 1503 que
1163 1469 1352 1496 deliberata.
1384 1483 1428 1487 —-
1459 1469 1629 1496 maestam
1665 1470 1704 1496 ob
1733 1468 1870 1497 Didonis

1067 1514 1205 1543 furores.

1113 1558 1188 1587 477.
1221 1555 1412 1588 Consilium
1441 1555 1539 1587 vultu
1567 1555 1675 1597 tegit,
1701 1558 1747 1588 ita
1769 1556 1870 1588 vultu

1068 1607 1186 1645 tegere
1204 1609 1233 1633 et
1253 1601 1366 1633 celare
1381 1601 1568 1644 gandium,
1590 1601 1740 1633 dolorem
1757 1605 1871 1633 dixere

1068 1651 1175 1679 Latini
1208 1654 1238 1678 et
1265 1650 1380 1679 Cicero
1412 1650 1521 1685 (expl.
1549 1650 1611 1678 Btl.
1637 1651 1714 1678 Hor.
1739 1653 1807 1680 Sat.
1837 1650 1870 1687 2,

1694 1238 1750 1273 Gt.
1784 1240 1869 1270 coni.

1136 1695 1177 1722 10
1225 1717 1231 1723 .

1068 1695 1342 1769 t5’4781U111veni
1359 1737 1452 1768 viam
1473 1745 1504 1768 ut
1523 1740 1555 1777 3,
1580 1738 1648 1768 395
1667 1738 1754 1778 fata
1775 1738 1871 1770 viam

1070 1784 1257 1815 invenient.
1289 1801 1334 1804 —
1365 1787 1505 1813 Paratur
1535 1793 1666 1814 sacrum
1694 1787 1870 1823 magicum,

1070 1834 1167 1866 quale
1191 1835 1242 1859 est
1266 1833 1302 1860 E.
1326 1830 1358 1867 S,
1386 1835 1416 1858 et
1439 1831 1492 1858 etti
1516 1837 1654 1865 magnas
1675 1831 1765 1860 vires
1791 1840 1870 1861 esse

1070 1883 1137 1906 erat
1173 1877 1300 1912 opini0;
1343 1884 1406 1910 quo
1445 1884 1593 1905 sororem
1631 1875 1729 1905 facile
1763 1882 1870 1912 potest

1070 1925 1180 1951 celare
1220 1922 1393 1950 consilium
1429 1929 1546 1957 suum3
1589 1927 1723 1950 mortem
1762 1928 1871 1954 tamen

1069 1969 1176 2003 ipsam
1215 1968 1334 1996 tamdiu
1377 1971 1542 2003 removet,
1592 1969 1746 2001 quamdiu
1788 1977 1870 2004 spes

1070 2016 1136 2043 ulla
1164 2018 1214 2042 est
1243 2014 1390 2042 Aeneam
1416 2020 1656 2041 remansurum.

1114 2058 1191 2088 479.
1219 2066 1314 2095 eum,
1352 2066 1400 2087 eo.
1455 2059 1639 2086 Pronomen
1674 2060 1737 2087 hoc
1762 2059 1870 2093 magis

1068 2105 1229 2141 logicum,
1265 2111 1373 2132 rarum
1402 2108 1451 2132 est
1479 2111 1530 2138 ap.
1561 2109 1677 2138 poetas
1704 2105 1869 2138 gravioris

1069 2150 1267 2185 argumenti,
1297 2157 1403 2183 neque
1427 2154 1534 2177 tamen
1563 2153 1592 2177 ut
1619 2156 1657 2177 eo
1686 2150 1784 2183 plane
1810 2152 1871 2178 ab·

1069 2197 1223 2226 stineant.
1272 2195 1489 2224 Rarissimum
1521 2195 1648 2222 videtur
1676 2201 1756 2223 esse
1782 2192 1870 2233 eins,

1069 2242 1155 2277 quod
1198 2249 1255 2276 pro
1292 2240 1540 2275 significationis
1577 2240 1733 2268 tenuitate
1771 2240 1868 2270 nimis

1069 2292 1118 2316 est
1153 2288 1385 2321 ponderosum.
1435 2287 1505 2313 Hoc
1538 2287 1612 2313 loco
1650 2285 1698 2314 bis
1726 2286 1869 2320 positum

1069 2335 1187 2368 placet.
1213 2347 1258 2351 —-
1287 2328 1430 2359 Solvere
1455 2338 1482 2359 c.
1508 2332 1571 2358 abl.
1598 2329 1639 2359 cf.
1672 2330 1707 2367 l,
1731 2330 1809 2360 562.

1114 2376 1191 2406 481.
1220 2372 1405 2414 Aethiopes
1429 2376 1546 2409 ubique
1569 2377 1600 2404 in
1622 2377 1779 2406 extremis
1804 2381 1870 2405 ter-

1069 2430 1125 2451 rae
1142 2422 1258 2451 finibus
1274 2421 1476 2456 fingebantur
1492 2421 1657 2456 hahitare;
1684 2423 1869 2452 secundum

1069 2468 1320 2502 antiquissimos
1355 2471 1471 2502 poetas
1505 2471 1596 2495 erant
1626 2467 1794 2505 duplices,
1838 2471 1870 2496 et

1069 2515 1123 2542 ubi
1148 2515 1199 2542 sol
1226 2513 1390 2541 oriebatur
1414 2516 1445 2540 et
1470 2512 1522 2540 ubi
1551 2512 1738 2550 occidebat,
1772 2519 1869 2547 quam

1070 2561 1109 2587 oh
1135 2559 1219 2587 solis
1242 2558 1443 2586 vicinitatem
1461 2557 1545 2592 nigri
1564 2565 1642 2587 esse
1661 2559 1867 2592 putabantur.

1069 2606 1117 2633 lta
1141 2606 1202 2632 hoc
1228 2605 1301 2632 loco
1326 2603 1554 2632 Mauretaniae
1585 2603 1733 2638 intelligit
1759 2603 1869 2638 regio-

1068 2657 1161 2683 nem;
1194 2650 1268 2678 inde
1293 2650 1471 2685 sacerdos,
1501 2656 1585 2683 quae
1611 2653 1687 2677 ante
1710 2648 1868 2682 Hesperi-

1069 2697 1143 2723 dum
1169 2697 1323 2730 templum
1351 2698 1381 2722 et
1414 2696 1526 2723 hortos
1555 2696 1727 2730 servabat,
1761 2694 1866 2730 adest,

1070 2741 1172 2776 perita
1195 2740 1465 2770 incantationum.
1487 2755 1531 2760 —
1551 2737 1654 2768 Atlas
1678 2738 1719 2767 cf.
1740 2745 1772 2766 v.
1788 2737 1866 2767 247.

1114 2784 1190 2814 482.
1222 2782 1344 2814 Stellis
1365 2786 1485 2823 aptum
1509 2785 1626 2819 legitur
1649 2782 1680 2820 6,
1706 2781 1783 2811 798.
1814 2781 1867 2820 lt,

1068 2829 1155 2866 2023
1194 2836 1222 2859 et
1251 2832 1430 2859 secundum
1459 2833 1557 2858 Macr.
1584 2828 1620 2866 6,
1648 2827 1658 2856 1
1697 2835 1740 2856 ex
1764 2829 1866 2857 Ennio

1067 2879 1169 2905 llaec:
1204 2873 1265 2915 qui
1292 2873 1427 2904 caelum
1451 2876 1566 2903 versat
1589 2869 1698 2902 stellis
1714 2870 1868 2912 fulgen-

1069 2918 1160 2951 tibus
1193 2922 1325 2960 aptum.
1377 2923 1425 2949 Ita
1451 2922 1532 2948 Enn.
1566 2925 1618 2953 ap.
1648 2918 1715 2948 Cic.
1748 2919 1808 2947 Off.
1834 2918 1868 2955 3,

1067 2965 1111 2994 29
1139 2974 1156 2995 o
1183 2963 1270 3001 fides
1296 2963 1391 2994 alma
1418 2966 1503 3004 apta
1528 2960 1674 3002 pennis;
1705 2963 1778 2992 inde
1803 2972 1868 3003 ap-

1067 3013 1143 3042 tare
1179 3011 1220 3040 cf.
1256 3010 1295 3049 3,
1330 3009 1396 3039 472
1434 3013 1485 3038 est
1516 3009 1696 3046 instruere,
1737 3016 1867 3039 ornare.
