2023 3350
715 71 950 106 AENEIDOS
982 73 1072 106 LIB.
1103 73 1164 106 IX.

112 188 307 229 Pectora.
347 211 405 217 —
444 186 514 229 Sic
551 198 821 238 memorans,
857 185 1058 228 humeros
1096 185 1358 239 dextrasque
1390 185 1568 230 tenebat

1679 76 1765 115 447

1684 189 1768 230 250

115 245 354 286 Amborum
385 247 429 286 et
465 243 629 285 voltum
668 244 860 285 lacrimis
897 248 1030 298 atque
1073 257 1151 285 ora
1186 243 1374 297 rigabat.
1409 269 1467 274 -—

113 303 232 354 Quae
265 302 408 353 vobis,
458 314 569 354 quae
607 300 758 354 digna,
798 301 896 353 viri,
935 315 1014 355 pro
1050 300 1253 343 laudibus
1285 301 1380 343 istis

114 360 313 401 Praemia
343 372 470 412 posse
508 371 607 400 rear
640 359 777 400 solvi‘?

838 359 1135 401 Pulcherrima
1170 359 1359 413 primum

116 418 171 459 Di
208 429 436 470 moresque
470 415 636 457 dabunt
676 417 829 468 vestri;
866 420 960 458 tum
998 420 1171 459 caetera
1205 416 1360 458 reddet

118 476 324 516 Actutum
364 473 461 527 pius
497 474 686 526 Aeneas,
728 478 861 528 atque
895 474 1064 527 integer
1099 473 1194 515 aevi

115 532 344 582 Ascanius,
384 531 529 572 meriti
565 532 679 573 tanti
717 545 802 573 non
841 531 1068 573 immemor
1105 544 1308 585 unquam.

114 590 249 630 Immo
291 602 369 642 ego
410 602 507 640 VOS,
546 589 615 630 cui
652 588 747 631 sola
785 589 902 631 salus
935 590 1130 643 genitore
1164 588 1358 641 reducto,

113 646 288 700 Excipit
326 646 557 697 Ascanius,
595 660 674 700 per
717 660 918 701 magnos,
957 647 1061 689 Nise
1097 647 1291 697 Penates,

113 703 404 757 Assaracique
436 703 612 755 Larem,
653 707 696 746 et
734 718 867 746 canae
906 704 1152 758 penetralia
1192 704 1349 745 Vestae

113 761 340 803 Obtestor:
376 774 657 815 quaecunque
693 762 800 803 mihi
838 761 1017 804 fortuna
1045 761 1237 814 fidesque
1273 765 1350 813 est,

1687 765 1769 804 260

112 819 162 860 In
198 818 353 860 vestris
389 832 504 872 pono
546 819 742 872 gremiis;
778 823 979 861 revocate
1019 823 1257 873 parentem,

113 875 298 918 Reddite
343 880 639 930 conspectum3
673 877 782 918 nihil
821 877 895 918 illo
932 877 1057 918 triste
1091 880 1278 930 recepto.

113 934 225 975 Bina
263 933 378 975 dabo
410 937 591 987 argento
626 934 822 988 perfecta
856 938 990 987 atque
1026 947 1182 988 aspera
1217 934 1350 987 signis

113 991 295 1043 Pocula,
331 991 501 1034 devicta
541 993 711 1045 genitor
751 1005 862 1045 quae
904 992 1018 1045 cepit
1054 990 1232 1041 Arisba;

115 1049 173 1090 Et
206 1049 405 1102 tripodas
442 1050 658 1103 geminos,
694 1050 790 1091 auri
825 1049 908 1091 duo
944 1062 1103 1102 magna
1142 1048 1328 1098 talenta3

1688 1050 1769 1089 265

118 1106 300 1148 Cratera
339 1107 587 1160 antiquum,
628 1121 756 1161 quem
795 1107 872 1148 dat
913 1106 1090 1148 Sidonia
1128 1104 1256 1146 Dido.

119 1163 164 1205 Si
200 1177 301 1205 vero
342 1177 498 1218 capere
532 1164 708 1206 Italiam
748 1164 1018 1218 sceptrisque
1051 1162 1185 1217 potiri

116 1221 360 1274 Contigerit
400 1222 574 1274 victori,
619 1225 663 1263 et
694 1222 886 1276 praedae
923 1221 1069 1262 dicere
1109 1222 1292 1261 sortem:

114 1278 292 1321 Vidisti:
333 1292 417 1332 quo
452 1279 620 1320 Turnus
654 1292 786 1332 equo,
829 1278 985 1333 quibus
1019 1277 1114 1319 ibat
1145 1277 1189 1318 in
1228 1274 1361 1316 armis

114 1336 301 1388 Aureus,
339 1337 482 1391 ipsum
518 1337 641 1378 illum
680 1336 866 1390 clipeum
903 1336 1148 1388 cristasque
1189 1333 1394 1375 rubentes

1687 1340 1771 1379 270

115 1393 343 1448 Excipiam
383 1394 512 1446 sorti,
548 1395 636 1436 iam
669 1408 782 1436 nunc
822 1397 899 1436 tua
936 1393 1153 1448 praemia,
1188 1391 1302 1433 Nise.

159 1508 236 1540 250.
262 1507 423 1541 humeros
445 1509 659 1552 dextrasque
689 1514 855 1542 amborum
878 1511 919 1541 cf.

115 1552 175 1594 10,
207 1553 285 1585 845.
324 1554 431 1598 Wg..-
475 1559 619 1595 „Nempe
644 1559 739 1587 alteri
769 1558 920 1587 inhaere-

113 1604 169 1631 bat
193 1602 308 1632 Aletes
331 1607 405 1637 post
428 1605 578 1642 alterum,
603 1608 633 1632 et
658 1604 828 1633 sinistram
859 1605 920 1633 im-

115 1650 254 1683 ponebat
280 1650 430 1687 humero,
463 1651 580 1679 dextra
604 1651 751 1679 dextram
776 1652 920 1686 amplec-

115 1692 275 1722 tebatur.“

161 1737 237 1768 252.
265 1736 434 1768 laudibus
467 1737 554 1769 istis.
603 1741 692 1770 Idem
738 1738 796 1776 10,
841 1738 919 1770 825.

115 1781 283 1813 laudibus
308 1785 348 1814 cf.
378 1783 410 1818 l,
437 1782 499 1813 461
525 1783 602 1815 i-›tis
627 1786 666 1815 cf.
690 1788 743 1814 Gr.
771 1788 792 1821 ἕ
820 1784 896 1814 381.

161 1828 237 1858 253.
262 1827 502 1870 pulcherrima
533 1829 685 1870 primum
726 1833 786 1860 etc.
843 1833 923 1860 Nam

117 1876 184 1905 Cic.
212 1876 258 1904 ait
280 1876 365 1904 Phil.
391 1874 427 1911 2,
455 1874 513 1913 44,
553 1874 613 1904 114
649 1874 746 1905 Satis
781 1874 816 1905 in
843 1874 922 1916 ipsa

114 1919 328 1950 conscientia
352 1918 581 1960 pulcherrimi
598 1919 696 1959 facti
719 1921 870 1958 fructus.

163 1965 240 1995 255.
266 1963 408 2007 integer
426 1964 507 1996 aeui
529 1968 567 1996 cf.
590 1969 631 1996 ad
654 1966 686 2004 2,
714 1966 789 1996 638.
839 1968 924 2005 „Cui

116 2016 209 2042 aetas
233 2012 361 2048 integra
381 2013 563 2047 superest.“
589 2015 638 2049 S.;
665 2013 720 2048 qui
746 2013 845 2049 igitur
867 2014 924 2042 diu

95 2066 99 2070 ’
117 2059 242 2095 gratias
263 2058 383 2087 referre
406 2059 530 2093 poterit.

164 2101 242 2133 257.
269 2101 374 2133 immo
415 2112 482 2144 ego
522 2112 583 2134 vos
621 2105 784 2141 „Pulchre
830 2108 925 2138 poeta

117 2150 208 2179 fidem
251 2149 440 2184 sponsionis
475 2150 566 2179 Aleti
601 2149 736 2187 addidit,
782 2153 814 2178 ut
849 2157 923 2179 eum

116 2196 228 2225 statim
258 2196 422 2230 promissa
442 2196 583 2225 Ascanii
613 2192 857 2231 sequerentur.“
890 2197 922 2223 S.

120 2257 158 2261 —
186 2248 247 2270 vos
271 2254 316 2261 —-
345 2238 428 2270 Nise
453 2243 625 2280 revocate,
651 2241 689 2271 cf.
716 2240 750 2277 l,
778 2238 853 2269 1⁴0.

163 2283 240 2314 259.
268 2283 505 2327 Assaracique
533 2285 675 2323 Larem,
701 2287 745 2323 „i.
772 2296 799 2315 e.
827 2286 925 2315 fami-

117 2332 184 2361 liae
208 2335 340 2361 nostrae
376 2336 407 2361 et
443 2333 553 2369 generi
582 2332 783 2369 propriumf*
815 2334 847 2361 S.
881 2348 920 2352 —

118 2379 208 2406 Idem
234 2376 300 2406 fere
322 2385 440 2407 versus
467 2379 504 2415 5,
530 2377 607 2407 744.

167 2420 244 2450 260.
271 2424 407 2453 Omnem
439 2431 544 2453 meam
573 2425 753 2461 fortunam,
788 2423 924 2459 eiusque

117 2468 209 2497 fidem
233 2468 254 2496 i.
279 2476 306 2497 e.
331 2476 438 2505 spem,
464 2470 573 2505 itaque
591 2479 644 2500 res
669 2475 699 2499 et
723 2478 799 2505 spes
818 2470 924 2498 omnis

118 2521 193 2543 mea
213 2514 355 2543 invobis
379 2516 488 2549 posita
513 2519 578 2544 est:
605 2524 681 2545 nam
699 2516 767 2545 nisi
791 2517 925 2545 Aeneas

119 2560 182 2590 cito
218 2559 316 2597 redit,
353 2568 467 2590 omnes
502 2565 623 2591 certum
664 2566 714 2590 est
753 2562 924 2596 perituros.

118 2605 298 2639 Interponit
334 2613 409 2635 eum
438 2614 636 2645 sermonem,
667 2611 702 2636 ut
728 2607 834 2643 magis
869 2615 926 2636 eos

120 2652 279 2686 impellat.

165 2694 243 2725 261.
269 2693 306 2724 in
328 2693 454 2725 vestris
468 2704 561 2736 pono
584 2694 733 2738 gremiis
754 2698 776 2727 i.
800 2706 827 2727 e.
847 2704 927 2728 cura

120 2746 151 2772 et
185 2742 245 2771 fide
270 2745 401 2777 vestra3
433 2751 475 2771 ex
499 2750 552 2779 eo,
587 2744 670 2777 quod
703 2752 798 2778 quem
823 2747 926 2773 mater

121 2788 157 2817 in
185 2787 307 2824 gremio
335 2790 432 2817 habet
460 2788 563 2817 filium
587 2788 759 2827 infantem,
800 2797 926 2819 summe

120 2837 213 2864 curat
236 2837 267 2862 et
289 2833 440 2863 custodit.

166 2876 245 2908 263.
271 2880 424 2919 argento
447 2877 608 2919 perfecta
641 2879 684 2917 „i.
719 2887 746 2907 e.
779 2882 845 2908 tota
873 2886 928 2908 ar—

121 2921 271 2961 gentea.“
296 2926 329 2953 S.
358 2939 396 2945 —
425 2931 554 2965 aspera
578 2921 696 2964 signis
717 2924 757 2954 cf.
784 2924 822 2963 5,
849 2922 926 2954 267.

167 2967 245 2999 264.
271 2977 361 3009 quae
413 2967 558 3012 genitor
612 2966 791 3009 (Aeneas)
839 2967 930 3011 cepit

967 1507 1107 1539 Arisba.
1157 1505 1288 1539 Arisba
1316 1508 1469 1543 oppidum
1490 1510 1639 1539 Troadis.
1688 1512 1771 1549 „At-

966 1556 1023 1591 qui
1058 1556 1236 1585 secundum
1263 1555 1438 1583 Homerum
1469 1556 1593 1585 Arisba
1622 1557 1773 1587 Troianis

966 1602 1057 1631 misit
1091 1601 1255 1630 auxilium
1297 1604 1326 1629 et
1368 1603 1408 1629 ab
1435 1601 1568 1630 Achille
1610 1605 1775 1633 subversa

968 1652 1028 1676 est.
1077 1649 1138 1676 Sed
1165 1646 1348 1682 accipimus
1368 1646 1401 1675 id
1418 1646 1534 1683 autss]
1562 1653 1638 1677 ante
1650 1651 1774 1679 bellum

968 1695 1166 1722 Graecorum
1192 1693 1350 1722 Arisbam
1365 1700 1386 1721 a
1409 1693 1564 1722 Troianis
1587 1698 1717 1729 captain
1743 1700 1774 1724 et

967 1739 1002 1767 in
1039 1739 1204 1768 amicitiae
1243 1738 1356 1766 foedus
1399 1739 1599 1776 admissam,
1644 1741 1773 1777 autssl]

969 1788 1056 1814 certe
1080 1786 1198 1819 pocula
1223 1786 1303 1812 haec
1327 1784 1404 1811 data
1427 1786 1467 1812 ab
1494 1786 1633 1822 Heleno,
1660 1787 1714 1820 qui
1740 1787 1774 1815 in

970 1830 1115 1859 Achillis
1130 1832 1215 1858 bona
1238 1837 1294 1864 per
1310 1829 1430 1864 Pyrrhi
1454 1837 1661 1861 successerat
1680 1835 1774 1861 here-

970 1876 1118 1911 uitatem,
1143 1879 1179 1904 ut
1204 1875 1233 1903 si
1258 1882 1342 1910 quae
1367 1872 1458 1914 cepit
1481 1883 1538 1910 pro
1568 1884 1652 1910 quae
1676 1885 1775 1907 acce-

968 1918 1083 1961 pito)
1119 1921 1250 1950 devicta
1283 1920 1408 1949 Arisba
1447 1928 1492 1949 sc.
1531 1923 1571 1950 ab
1605 1921 1775 1952 Achille.“

970 1967 1073 1996 Vides
1099 1967 1251 1996 Servium
1271 1974 1334 1995 non
1360 1967 1507 2001 potuisse
1535 1970 1620 1998 hauc
1650 1970 1775 1999 discre-

970 2013 1117 2047 pantiam
1148 2013 1317 2048 explicare
1346 2015 1376 2040 et
1398 2012 1623 2043 frustraresse
1653 2016 1774 2045 nisum.

970 2059 1059 2092 Quae
1084 2058 1119 2086 iu
1145 2059 1270 2093 aliquot
1301 2058 1373 2087 eius
1398 2058 1494 2087 libris
1525 2064 1694 2094 praeterea
1723 2062 1775 2090 in-

970 2108 1062 2140 sunt,
1090 2104 1147 2132 toti
1164 2107 1344 2141 repugnant
1370 2104 1520 2133 Aeneidi.

1018 2147 1093 2177 265.
1120 2147 1283 2189 tripodas
1306 2149 1348 2178 cf.
1376 2148 1413 2186 5,
1448 2146 1524 2179 110.

1017 2192 1094 2223 266.
1121 2192 1202 2223 dat-
1244 2196 1291 2223 De
1329 2195 1493 2229 praesenti
1531 2195 1572 2225 cf.
1612 2193 1650 2234 4,

970 2240 1112 2269 Versum
1140 2240 1230 2269 elicit
1257 2237 1309 2268 Pl.

1017 2284 1094 2314 268.
1121 2283 1247 2314 victori
1280 2293 1326 2314 sc.
1368 2285 1459 2314 mihi.
1498 2300 1537 2305 —
1577 2287 1614 2314 Et
1662 2283 1778 2316 dicere

970 2328 1075 2371 ΜΡγΙ
1113 2335 1143 2360 et
1175 2328 1301 2360 ducere
1331 2331 1400 2360 Rbc
1440 2334 1471 2359 et
1500 2328 1634 2360 deicere
1672 2332 1777 2366 (quod

969 2382 1017 2406 est
1045 2381 1101 2406 aut
1125 2374 1274 2405 deiicere
1308 2376 1347 2405 cf.
1377 2376 1416 2413 5,
1448 2373 1515 2404 490
1543 2381 1600 2406 aut
1628 2373 1777 2413 dicere.)

976 2420 1099 2452 Dicere
1119 2424 1245 2452 sortem
1270 2426 1355 2451 recte
1376 2422 1521 2457 explicat
1545 2423 1683 2451 Servius
1705 2425 1777 2452 sta-

971 2470 1079 2506 tuere,
1108 2472 1138 2497 et.
1155 2468 1231 2497 (licit
1247 2472 1366 2497 sortem
1379 2469 1420 2505 is,
1436 2468 1492 2502 qui
1513 2468 1678 2497 constituit
1693 2476 1779 2503 quae

972 2522 1045 2544 sors
1077 2515 1218 2549 praedae
1243 2514 1347 2543 alicui
1382 2514 1546 2543 obveniat·
1595 2515 1643 2542 Ea
1668 2518 1778 2543 tamen

972 2568 1046 2589 sors
1079 2568 1143 2589 non
1174 2563 1223 2588 est
1255 2567 1337 2588 sors.
1390 2560 1508 2588 Melior
1536 2562 1586 2588 est
1616 2561 1779 2589 sententia

972 2608 1070 2635 haec:
1114 2606 1149 2633 Si
1170 2606 1349 2634 vicerimus
1374 2610 1403 2634 et
1434 2605 1588 2639 praedam
1608 2606 1779 2635 sortitione

972 2652 1062 2681 facta
1083 2651 1229 2681 dividere
1251 2651 1391 2687 licuerit,
1420 2651 1501 2679 sorti
1518 2650 1577 2679 tibi
1602 2651 1777 2686 excipiam.

975 2712 1013 2717 -—
1048 2693 1182 2725 Ducere
1208 2699 1334 2726 sortem
1359 2700 1410 2725 est
1433 2696 1562 2733 militis⁷
1587 2704 1653 2725 non
1678 2698 1779 2733 regis.

1019 2739 1097 2771 269.
1123 2739 1198 2771 ibat
1219 2738 1256 2770 in
1281 2739 1390 2770 armis
1415 2742 1455 2771 cf.
1481 2741 1518 2779 5,
1553 2739 1606 2770 37.
1633 2757 1672 2762 —
1701 2740 1780 2772 Ibat

971 2795 1036 2816 non
1064 2788 1178 2822 pendet
1200 2794 1220 2816 a
1239 2784 1364 2817 vidisti
1387 2787 1426 2816 cf.
1453 2785 1492 2824 6,
1519 2784 1597 2815 780.

1020 2830 1097 2861 271.
1125 2829 1313 2872 Eoecipz’am
1350 2830 1452 2869 sorti,
1499 2836 1627 2868 praeter
1660 2836 1780 2863 sortem

975 2880 1072 2915 dabo,
1106 2871 1215 2917 γέρας
1247 2871 1452 2917 ἐξαίρετον,
1489 2879 1604 2913 qualia
1632 2879 1781 2908 solebant

975 2924 1110 2953 attribui
1139 2923 1276 2952 ducibus
1305 2927 1334 2952 et
1362 2923 1422 2960 iis,
1464 2924 1520 2958 qui
1555 2924 1588 2952 in
1626 2925 1714 2953 hello
1745 2925 1781 2953 in

974 2969 1091 3006 primis
1135 2969 1289 2998 virtutem
1338 2975 1435 2998 suam
1478 2971 1780 3005 comprobaverant.

1689 2138 1706 2148 ‚a

1696 2194 1775 2226 228.
