<?xml version="1.0" encoding="UTF-8"?>
<!DOCTYPE html PUBLIC "-//W3C//DTD XHTML 1.0 Transitional//EN"
    "http://www.w3.org/TR/xhtml1/DTD/xhtml1-transitional.dtd">
<html xmlns="http://www.w3.org/1999/xhtml" xml:lang="en" lang="en">
 <head>
  <title>
</title>
<meta http-equiv="Content-Type" content="text/html;charset=utf-8" />
  <meta name='ocr-system' content='tesseract 3.04.00' />
  <meta name='ocr-capabilities' content='ocr_page ocr_carea ocr_par ocr_line ocrx_word'/>
</head>
<body>
  <div class='ocr_page' id='page_1' title='image "aeneisvi00virguoft_0266.png"; bbox 0 0 2023 3350; ppageno 0'>
   <div class='ocr_carea' id='block_1_1' title="bbox 204 113 1280 155">
    <p class='ocr_par' dir='ltr' id='par_1_1' title="bbox 204 113 1280 155">
     <span class='ocr_line' id='line_1_1' title="bbox 204 113 1280 155; baseline 0.01 -19"><span class='ocrx_word' id='word_1_1' title='bbox 204 116 286 155; x_wconf 69' lang='lat'>240</span> <span class='ocrx_word' id='word_1_2' title='bbox 769 113 803 144; x_wconf 89' lang='lat' dir='ltr'>P.</span> <span class='ocrx_word' id='word_1_3' title='bbox 838 113 1034 145; x_wconf 78' lang='lat' dir='ltr'>V1RG1L11</span> <span class='ocrx_word' id='word_1_4' title='bbox 1068 114 1280 148; x_wconf 72' lang='lat' dir='ltr'>MARONIS</span> 
     </span>
    </p>
   </div>
   <div class='ocr_carea' id='block_1_2' title="bbox 199 224 1846 967">
    <p class='ocr_par' dir='ltr' id='par_1_2' title="bbox 203 224 1482 276">
     <span class='ocr_line' id='line_1_2' title="bbox 203 224 1482 276; baseline 0.002 -9"><span class='ocrx_word' id='word_1_5' title='bbox 203 226 283 267; x_wconf 91' lang='lat' dir='ltr'>Hic</span> <span class='ocrx_word' id='word_1_6' title='bbox 324 224 525 266; x_wconf 85' lang='lat' dir='ltr'>membris</span> <span class='ocrx_word' id='word_1_7' title='bbox 559 228 601 266; x_wconf 89' lang='lat' dir='ltr'>et</span> <span class='ocrx_word' id='word_1_8' title='bbox 640 224 752 266; x_wconf 88' lang='lat' dir='ltr'>mole</span> <span class='ocrx_word' id='word_1_9' title='bbox 782 224 951 276; x_wconf 81' lang='lat' dir='ltr'>valens,</span> <span class='ocrx_word' id='word_1_10' title='bbox 1001 226 1075 267; x_wconf 92' lang='lat' dir='ltr'>sed</span> <span class='ocrx_word' id='word_1_11' title='bbox 1112 226 1243 268; x_wconf 89' lang='lat' dir='ltr'>tarda</span> <span class='ocrx_word' id='word_1_12' title='bbox 1277 228 1482 269; x_wconf 90' lang='lat' dir='ltr'>trementi</span> 
     </span>
    </p>

    <p class='ocr_par' dir='ltr' id='par_1_3' title="bbox 205 281 1515 336">
     <span class='ocr_line' id='line_1_3' title="bbox 205 281 1515 336; baseline 0.002 -11"><span class='ocrx_word' id='word_1_13' title='bbox 205 286 353 325; x_wconf 77' lang='lat' dir='ltr'>Genua.</span> <span class='ocrx_word' id='word_1_14' title='bbox 388 281 557 333; x_wconf 79' lang='lat' dir='ltr'>labant,</span> <span class='ocrx_word' id='word_1_15' title='bbox 601 285 744 323; x_wconf 86' lang='lat' dir='ltr'>vastos</span> <span class='ocrx_word' id='word_1_16' title='bbox 782 282 925 335; x_wconf 87' lang='lat' dir='ltr'>quatit</span> <span class='ocrx_word' id='word_1_17' title='bbox 962 296 1090 336; x_wconf 82' lang='lat' dir='ltr'>aeger</span> <span class='ocrx_word' id='word_1_18' title='bbox 1128 284 1344 326; x_wconf 77' lang='lat' dir='ltr'>anhelitus</span> <span class='ocrx_word' id='word_1_19' title='bbox 1381 289 1515 327; x_wconf 88' lang='lat' dir='ltr'>artus.</span> 
     </span>
    </p>

    <p class='ocr_par' dir='ltr' id='par_1_4' title="bbox 204 338 1439 394">
     <span class='ocr_line' id='line_1_4' title="bbox 204 338 1439 394; baseline 0.003 -14"><span class='ocrx_word' id='word_1_20' title='bbox 204 341 344 381; x_wconf 83' lang='lat' dir='ltr'>Multa</span> <span class='ocrx_word' id='word_1_21' title='bbox 381 339 460 379; x_wconf 66' lang='lat' dir='ltr'>viri</span> <span class='ocrx_word' id='word_1_22' title='bbox 500 338 791 392; x_wconf 80' lang='lat' dir='ltr'>nequidquam</span> <span class='ocrx_word' id='word_1_23' title='bbox 829 339 941 380; x_wconf 89' lang='lat' dir='ltr'>inter</span> <span class='ocrx_word' id='word_1_24' title='bbox 973 354 1017 381; x_wconf 89' lang='lat' dir='ltr'>se</span> <span class='ocrx_word' id='word_1_25' title='bbox 1049 341 1226 382; x_wconf 84' lang='lat' dir='ltr'>volnera</span> <span class='ocrx_word' id='word_1_26' title='bbox 1261 342 1439 394; x_wconf 86' lang='lat' dir='ltr'>iactant,</span> 
     </span>
    </p>

    <p class='ocr_par' dir='ltr' id='par_1_5' title="bbox 203 396 1458 451">
     <span class='ocr_line' id='line_1_5' title="bbox 203 396 1458 451; baseline 0.005 -15"><span class='ocrx_word' id='word_1_27' title='bbox 203 396 341 437; x_wconf 73' lang='lat' dir='ltr'>Multa</span> <span class='ocrx_word' id='word_1_28' title='bbox 376 409 481 436; x_wconf 77' lang='lat' dir='ltr'>cavo</span> <span class='ocrx_word' id='word_1_29' title='bbox 520 396 646 436; x_wconf 84' lang='lat' dir='ltr'>lateri</span> <span class='ocrx_word' id='word_1_30' title='bbox 686 396 972 449; x_wconf 79' lang='lat' dir='ltr'>ingeminant,</span> <span class='ocrx_word' id='word_1_31' title='bbox 1020 400 1062 438; x_wconf 89' lang='lat' dir='ltr'>et</span> <span class='ocrx_word' id='word_1_32' title='bbox 1099 401 1274 451; x_wconf 76' lang='lat' dir='ltr'>pectore</span> <span class='ocrx_word' id='word_1_33' title='bbox 1313 404 1458 442; x_wconf 82' lang='lat' dir='ltr'>vastos</span> 
     </span>
    </p>

    <p class='ocr_par' dir='ltr' id='par_1_6' title="bbox 203 453 1846 564">
     <span class='ocr_line' id='line_1_6' title="bbox 203 453 1846 508; baseline 0.003 -15"><span class='ocrx_word' id='word_1_34' title='bbox 203 455 318 494; x_wconf 81' lang='lat' dir='ltr'>Dant</span> <span class='ocrx_word' id='word_1_35' title='bbox 355 453 536 503; x_wconf 83' lang='lat' dir='ltr'>sonitus,</span> <span class='ocrx_word' id='word_1_36' title='bbox 584 457 786 506; x_wconf 86' lang='lat' dir='ltr'>erratque</span> <span class='ocrx_word' id='word_1_37' title='bbox 819 467 944 495; x_wconf 88' lang='lat' dir='ltr'>aures</span> <span class='ocrx_word' id='word_1_38' title='bbox 980 457 1023 495; x_wconf 91' lang='lat' dir='ltr'>et</span> <span class='ocrx_word' id='word_1_39' title='bbox 1056 458 1255 508; x_wconf 86' lang='lat' dir='ltr'>tempora</span> <span class='ocrx_word' id='word_1_40' title='bbox 1289 457 1449 498; x_wconf 86' lang='lat' dir='ltr'>circum</span> <span class='ocrx_word' id='word_1_41' title='bbox 1763 458 1846 498; x_wconf 83' lang='lat'>435</span> 
     </span>
     <span class='ocr_line' id='line_1_7' title="bbox 205 510 1487 564; baseline 0.003 -12"><span class='ocrx_word' id='word_1_42' title='bbox 205 510 365 552; x_wconf 80' lang='lat' dir='ltr'>Crebra</span> <span class='ocrx_word' id='word_1_43' title='bbox 400 524 569 561; x_wconf 82' lang='lat' dir='ltr'>manus,</span> <span class='ocrx_word' id='word_1_44' title='bbox 612 510 718 551; x_wconf 88' lang='lat' dir='ltr'>duro</span> <span class='ocrx_word' id='word_1_45' title='bbox 757 511 975 564; x_wconf 73' lang='lat' dir='ltr'>crepitant</span> <span class='ocrx_word' id='word_1_46' title='bbox 1013 511 1091 552; x_wconf 89' lang='lat' dir='ltr'>sub</span> <span class='ocrx_word' id='word_1_47' title='bbox 1128 513 1299 554; x_wconf 87' lang='lat' dir='ltr'>volnere</span> <span class='ocrx_word' id='word_1_48' title='bbox 1336 515 1487 557; x_wconf 86' lang='lat' dir='ltr'>malae.</span> 
     </span>
    </p>

    <p class='ocr_par' dir='ltr' id='par_1_7' title="bbox 204 568 1391 622">
     <span class='ocr_line' id='line_1_8' title="bbox 204 568 1391 622; baseline 0.003 -13"><span class='ocrx_word' id='word_1_49' title='bbox 204 568 301 609; x_wconf 75' lang='lat' dir='ltr'>Stat</span> <span class='ocrx_word' id='word_1_50' title='bbox 341 568 482 620; x_wconf 78' lang='lat' dir='ltr'>gravis</span> <span class='ocrx_word' id='word_1_51' title='bbox 519 568 731 619; x_wconf 74' lang='lat' dir='ltr'>Entellus,</span> <span class='ocrx_word' id='word_1_52' title='bbox 776 569 960 622; x_wconf 84' lang='lat' dir='ltr'>nisuque</span> <span class='ocrx_word' id='word_1_53' title='bbox 997 569 1200 610; x_wconf 87' lang='lat' dir='ltr'>immotus</span> <span class='ocrx_word' id='word_1_54' title='bbox 1243 570 1391 612; x_wconf 90' lang='lat' dir='ltr'>eodem</span> 
     </span>
    </p>

    <p class='ocr_par' dir='ltr' id='par_1_8' title="bbox 204 625 1485 680">
     <span class='ocr_line' id='line_1_9' title="bbox 204 625 1485 680; baseline 0.004 -15"><span class='ocrx_word' id='word_1_55' title='bbox 204 628 393 678; x_wconf 87' lang='lat' dir='ltr'>Corpore</span> <span class='ocrx_word' id='word_1_56' title='bbox 429 625 517 665; x_wconf 82' lang='lat' dir='ltr'>tela</span> <span class='ocrx_word' id='word_1_57' title='bbox 556 625 684 667; x_wconf 88' lang='lat' dir='ltr'>modo</span> <span class='ocrx_word' id='word_1_58' title='bbox 722 629 853 679; x_wconf 88' lang='lat' dir='ltr'>atque</span> <span class='ocrx_word' id='word_1_59' title='bbox 898 626 1032 668; x_wconf 91' lang='lat' dir='ltr'>oculis</span> <span class='ocrx_word' id='word_1_60' title='bbox 1070 627 1352 680; x_wconf 85' lang='lat' dir='ltr'>vigilantibus</span> <span class='ocrx_word' id='word_1_61' title='bbox 1387 630 1485 670; x_wconf 80' lang='lat' dir='ltr'>exit.</span> 
     </span>
    </p>

    <p class='ocr_par' dir='ltr' id='par_1_9' title="bbox 201 682 1437 738">
     <span class='ocr_line' id='line_1_10' title="bbox 201 682 1437 738; baseline 0.003 -15"><span class='ocrx_word' id='word_1_62' title='bbox 201 683 296 733; x_wconf 89' lang='lat' dir='ltr'>Ille,</span> <span class='ocrx_word' id='word_1_63' title='bbox 336 682 452 723; x_wconf 88' lang='lat' dir='ltr'>velut</span> <span class='ocrx_word' id='word_1_64' title='bbox 487 682 645 723; x_wconf 85' lang='lat' dir='ltr'>celsam</span> <span class='ocrx_word' id='word_1_65' title='bbox 684 687 907 737; x_wconf 81' lang='lat' dir='ltr'>oppugnat</span> <span class='ocrx_word' id='word_1_66' title='bbox 944 684 1018 737; x_wconf 88' lang='lat' dir='ltr'>qui</span> <span class='ocrx_word' id='word_1_67' title='bbox 1053 684 1236 726; x_wconf 83' lang='lat' dir='ltr'>molibus</span> <span class='ocrx_word' id='word_1_68' title='bbox 1275 685 1437 738; x_wconf 87' lang='lat' dir='ltr'>urbem,</span> 
     </span>
    </p>

    <p class='ocr_par' dir='ltr' id='par_1_10' title="bbox 199 740 1846 853">
     <span class='ocr_line' id='line_1_11' title="bbox 202 740 1846 795; baseline 0.001 -15"><span class='ocrx_word' id='word_1_69' title='bbox 202 741 289 781; x_wconf 90' lang='lat' dir='ltr'>Aut</span> <span class='ocrx_word' id='word_1_70' title='bbox 326 743 532 780; x_wconf 82' lang='lat' dir='ltr'>montana</span> <span class='ocrx_word' id='word_1_71' title='bbox 570 740 690 781; x_wconf 86' lang='lat' dir='ltr'>sedet</span> <span class='ocrx_word' id='word_1_72' title='bbox 734 741 893 782; x_wconf 86' lang='lat' dir='ltr'>circum</span> <span class='ocrx_word' id='word_1_73' title='bbox 934 741 1113 783; x_wconf 84' lang='lat' dir='ltr'>castella</span> <span class='ocrx_word' id='word_1_74' title='bbox 1146 742 1223 783; x_wconf 88' lang='lat' dir='ltr'>sub</span> <span class='ocrx_word' id='word_1_75' title='bbox 1263 744 1405 795; x_wconf 82' lang='lat' dir='ltr'>armis,</span> <span class='ocrx_word' id='word_1_76' title='bbox 1761 743 1846 782; x_wconf 89' lang='lat'>440</span> 
     </span>
     <span class='ocr_line' id='line_1_12' title="bbox 199 797 1486 853; baseline 0.002 -14"><span class='ocrx_word' id='word_1_77' title='bbox 199 798 322 839; x_wconf 81' lang='lat' dir='ltr'>Nunc</span> <span class='ocrx_word' id='word_1_78' title='bbox 361 797 456 848; x_wconf 87' lang='lat' dir='ltr'>hos,</span> <span class='ocrx_word' id='word_1_79' title='bbox 500 811 611 839; x_wconf 88' lang='grc'><strong>1111110</strong></span> <span class='ocrx_word' id='word_1_80' title='bbox 646 797 743 839; x_wconf 86' lang='grc'><strong>11103</strong></span> <span class='ocrx_word' id='word_1_81' title='bbox 786 798 947 850; x_wconf 87' lang='lat' dir='ltr'>aditus,</span> <span class='ocrx_word' id='word_1_82' title='bbox 993 813 1249 853; x_wconf 86' lang='lat' dir='ltr'>omnemque</span> <span class='ocrx_word' id='word_1_83' title='bbox 1287 803 1486 853; x_wconf 86' lang='lat' dir='ltr'>pererrat</span> 
     </span>
    </p>

    <p class='ocr_par' dir='ltr' id='par_1_11' title="bbox 200 854 1417 911">
     <span class='ocr_line' id='line_1_13' title="bbox 200 854 1417 911; baseline 0.004 -16"><span class='ocrx_word' id='word_1_84' title='bbox 200 856 305 896; x_wconf 90' lang='lat' dir='ltr'>Arte</span> <span class='ocrx_word' id='word_1_85' title='bbox 344 854 485 895; x_wconf 87' lang='lat' dir='ltr'>locum</span> <span class='ocrx_word' id='word_1_86' title='bbox 524 859 566 896; x_wconf 91' lang='lat' dir='ltr'>et</span> <span class='ocrx_word' id='word_1_87' title='bbox 606 856 734 897; x_wconf 83' lang='lat' dir='ltr'>variis</span> <span class='ocrx_word' id='word_1_88' title='bbox 773 856 1016 898; x_wconf 84' lang='lat' dir='ltr'>adsultibus</span> <span class='ocrx_word' id='word_1_89' title='bbox 1052 857 1207 898; x_wconf 86' lang='lat' dir='ltr'>inritus</span> <span class='ocrx_word' id='word_1_90' title='bbox 1249 862 1417 911; x_wconf 81' lang='lat' dir='ltr'>urguet.</span> 
     </span>
    </p>

    <p class='ocr_par' dir='ltr' id='par_1_12' title="bbox 201 911 1367 967">
     <span class='ocr_line' id='line_1_14' title="bbox 201 911 1367 967; baseline 0.003 -15"><span class='ocrx_word' id='word_1_91' title='bbox 201 911 400 953; x_wconf 83' lang='lat' dir='ltr'>Ostendit</span> <span class='ocrx_word' id='word_1_92' title='bbox 438 912 634 954; x_wconf 77' lang='lat' dir='ltr'>dextram</span> <span class='ocrx_word' id='word_1_93' title='bbox 668 914 893 967; x_wconf 83' lang='lat' dir='ltr'>insurgens</span> <span class='ocrx_word' id='word_1_94' title='bbox 934 914 1152 965; x_wconf 80' lang='lat' dir='ltr'>Entellus,</span> <span class='ocrx_word' id='word_1_95' title='bbox 1200 918 1242 956; x_wconf 85' lang='lat' dir='ltr'>et</span> <span class='ocrx_word' id='word_1_96' title='bbox 1279 916 1367 957; x_wconf 89' lang='lat' dir='ltr'>alte</span> 
     </span>
    </p>
   </div>
   <div class='ocr_carea' id='block_1_3' title="bbox 200 970 385 1011">
    <p class='ocr_par' dir='ltr' id='par_1_13' title="bbox 200 970 385 1011">
     <span class='ocr_line' id='line_1_15' title="bbox 200 970 385 1011; baseline -0.005 0"><span class='ocrx_word' id='word_1_97' title='bbox 200 970 367 1011; x_wconf 81' lang='lat' dir='ltr'>Extulit</span> <span class='ocrx_word' id='word_1_98' title='bbox 377 983 385 1010; x_wconf 88' lang='lat'>:</span> 
     </span>
    </p>
   </div>
   <div class='ocr_carea' id='block_1_4' title="bbox 432 970 1356 1015">
    <p class='ocr_par' dir='ltr' id='par_1_14' title="bbox 432 970 1356 1015">
     <span class='ocr_line' id='line_1_16' title="bbox 432 970 1356 1015; baseline 0.003 -4"><span class='ocrx_word' id='word_1_99' title='bbox 432 970 504 1011; x_wconf 88' lang='lat' dir='ltr'>ille</span> <span class='ocrx_word' id='word_1_100' title='bbox 539 970 671 1012; x_wconf 85' lang='lat' dir='ltr'>ictum</span> <span class='ocrx_word' id='word_1_101' title='bbox 703 972 943 1013; x_wconf 86' lang='lat' dir='ltr'>venientem</span> <span class='ocrx_word' id='word_1_102' title='bbox 977 985 1003 1013; x_wconf 89' lang='lat' dir='ltr'>a</span> <span class='ocrx_word' id='word_1_103' title='bbox 1037 972 1196 1013; x_wconf 80' lang='lat' dir='ltr'>vertice</span> <span class='ocrx_word' id='word_1_104' title='bbox 1232 972 1356 1015; x_wconf 80' lang='lat' dir='ltr'>velox</span> 
     </span>
    </p>
   </div>
   <div class='ocr_carea' id='block_1_5' title="bbox 199 1027 1846 1369">
    <p class='ocr_par' dir='ltr' id='par_1_15' title="bbox 200 1027 1845 1138">
     <span class='ocr_line' id='line_1_17' title="bbox 200 1027 1845 1083; baseline 0.001 -16"><span class='ocrx_word' id='word_1_105' title='bbox 200 1027 435 1079; x_wconf 82' lang='lat' dir='ltr'>Praevidit,</span> <span class='ocrx_word' id='word_1_106' title='bbox 476 1028 686 1082; x_wconf 86' lang='lat' dir='ltr'>celerique</span> <span class='ocrx_word' id='word_1_107' title='bbox 721 1029 891 1083; x_wconf 85' lang='lat' dir='ltr'>elapsus</span> <span class='ocrx_word' id='word_1_108' title='bbox 928 1043 1110 1083; x_wconf 88' lang='lat' dir='ltr'>corpore</span> <span class='ocrx_word' id='word_1_109' title='bbox 1144 1030 1283 1071; x_wconf 89' lang='lat' dir='ltr'>cessit.</span> <span class='ocrx_word' id='word_1_110' title='bbox 1760 1030 1845 1069; x_wconf 83' lang='lat'>445</span> 
     </span>
     <span class='ocr_line' id='line_1_18' title="bbox 201 1084 1277 1138; baseline 0.003 -13"><span class='ocrx_word' id='word_1_111' title='bbox 201 1084 394 1126; x_wconf 86' lang='lat' dir='ltr'>Entellus</span> <span class='ocrx_word' id='word_1_112' title='bbox 427 1085 538 1126; x_wconf 75' lang='lat' dir='ltr'>vires</span> <span class='ocrx_word' id='word_1_113' title='bbox 576 1086 621 1126; x_wconf 88' lang='lat' dir='ltr'>in</span> <span class='ocrx_word' id='word_1_114' title='bbox 657 1090 829 1127; x_wconf 79' lang='lat' dir='ltr'>ventum</span> <span class='ocrx_word' id='word_1_115' title='bbox 867 1086 1034 1138; x_wconf 85' lang='lat' dir='ltr'>effudit,</span> <span class='ocrx_word' id='word_1_116' title='bbox 1079 1090 1121 1129; x_wconf 90' lang='lat' dir='ltr'>et</span> <span class='ocrx_word' id='word_1_117' title='bbox 1160 1087 1277 1128; x_wconf 87' lang='lat' dir='ltr'>ultro</span> 
     </span>
    </p>

    <p class='ocr_par' dir='ltr' id='par_1_16' title="bbox 200 1143 1462 1198">
     <span class='ocr_line' id='line_1_19' title="bbox 200 1143 1462 1198; baseline 0.002 -16"><span class='ocrx_word' id='word_1_118' title='bbox 200 1143 299 1195; x_wconf 89' lang='lat' dir='ltr'>Ipse</span> <span class='ocrx_word' id='word_1_119' title='bbox 333 1143 474 1195; x_wconf 86' lang='lat' dir='ltr'>gravis</span> <span class='ocrx_word' id='word_1_120' title='bbox 513 1143 788 1196; x_wconf 75' lang='lat' dir='ltr'>graviterque</span> <span class='ocrx_word' id='word_1_121' title='bbox 825 1144 882 1184; x_wconf 89' lang='lat' dir='ltr'>ad</span> <span class='ocrx_word' id='word_1_122' title='bbox 915 1147 1078 1185; x_wconf 88' lang='lat' dir='ltr'>terram</span> <span class='ocrx_word' id='word_1_123' title='bbox 1113 1144 1304 1198; x_wconf 91' lang='lat' dir='ltr'>pondere</span> <span class='ocrx_word' id='word_1_124' title='bbox 1341 1147 1462 1184; x_wconf 88' lang='lat' dir='ltr'>vasto</span> 
     </span>
    </p>

    <p class='ocr_par' dir='ltr' id='par_1_17' title="bbox 203 1199 1551 1255">
     <span class='ocr_line' id='line_1_20' title="bbox 203 1199 1551 1255; baseline 0 -14"><span class='ocrx_word' id='word_1_125' title='bbox 203 1199 415 1251; x_wconf 80' lang='lat' dir='ltr'>Concidit,</span> <span class='ocrx_word' id='word_1_126' title='bbox 459 1202 507 1240; x_wconf 91' lang='lat' dir='ltr'>ut</span> <span class='ocrx_word' id='word_1_127' title='bbox 541 1200 757 1252; x_wconf 88' lang='lat' dir='ltr'>quondam</span> <span class='ocrx_word' id='word_1_128' title='bbox 797 1215 903 1242; x_wconf 90' lang='lat' dir='ltr'>cava</span> <span class='ocrx_word' id='word_1_129' title='bbox 941 1202 1129 1243; x_wconf 88' lang='lat' dir='ltr'>concidit</span> <span class='ocrx_word' id='word_1_130' title='bbox 1167 1205 1244 1243; x_wconf 88' lang='lat' dir='ltr'>aut</span> <span class='ocrx_word' id='word_1_131' title='bbox 1285 1199 1551 1255; x_wconf 73' lang='lat' dir='ltr'>Erymantho</span> 
     </span>
    </p>

    <p class='ocr_par' dir='ltr' id='par_1_18' title="bbox 199 1256 1258 1313">
     <span class='ocr_line' id='line_1_21' title="bbox 199 1256 1258 1313; baseline 0.003 -16"><span class='ocrx_word' id='word_1_132' title='bbox 199 1258 286 1298; x_wconf 88' lang='lat' dir='ltr'>Aut</span> <span class='ocrx_word' id='word_1_133' title='bbox 314 1256 391 1297; x_wconf 90' lang='lat' dir='ltr'>Ida</span> <span class='ocrx_word' id='word_1_134' title='bbox 424 1257 468 1297; x_wconf 90' lang='lat' dir='ltr'>in</span> <span class='ocrx_word' id='word_1_135' title='bbox 504 1271 663 1310; x_wconf 85' lang='lat' dir='ltr'>magna</span> <span class='ocrx_word' id='word_1_136' title='bbox 701 1257 919 1299; x_wconf 89' lang='lat' dir='ltr'>radicibus</span> <span class='ocrx_word' id='word_1_137' title='bbox 955 1263 1079 1300; x_wconf 86' lang='lat' dir='ltr'>eruta</span> <span class='ocrx_word' id='word_1_138' title='bbox 1120 1259 1258 1313; x_wconf 86' lang='lat' dir='ltr'>pinus.</span> 
     </span>
    </p>

    <p class='ocr_par' dir='ltr' id='par_1_19' title="bbox 201 1314 1846 1369">
     <span class='ocr_line' id='line_1_22' title="bbox 201 1314 1846 1369; baseline -0.001 -13"><span class='ocrx_word' id='word_1_139' title='bbox 201 1315 472 1367; x_wconf 81' lang='lat' dir='ltr'>Consurgunt</span> <span class='ocrx_word' id='word_1_140' title='bbox 513 1315 665 1356; x_wconf 90' lang='lat' dir='ltr'>studiis</span> <span class='ocrx_word' id='word_1_141' title='bbox 698 1315 849 1356; x_wconf 85' lang='lat' dir='ltr'>Teucri</span> <span class='ocrx_word' id='word_1_142' title='bbox 886 1319 928 1357; x_wconf 90' lang='lat' dir='ltr'>et</span> <span class='ocrx_word' id='word_1_143' title='bbox 964 1316 1187 1357; x_wconf 88' lang='lat' dir='ltr'>Trinacria</span> <span class='ocrx_word' id='word_1_144' title='bbox 1226 1314 1380 1369; x_wconf 80' lang='lat' dir='ltr'>pubes3</span> <span class='ocrx_word' id='word_1_145' title='bbox 1761 1315 1846 1354; x_wconf 84' lang='lat'>450</span> 
     </span>
    </p>
   </div>
   <div class='ocr_carea' id='block_1_6' title="bbox 199 1371 1842 1655">
    <p class='ocr_par' dir='ltr' id='par_1_20' title="bbox 200 1371 1343 1426">
     <span class='ocr_line' id='line_1_23' title="bbox 200 1371 1343 1426; baseline 0.001 -13"><span class='ocrx_word' id='word_1_146' title='bbox 200 1372 240 1413; x_wconf 90' lang='lat' dir='ltr'>It</span> <span class='ocrx_word' id='word_1_147' title='bbox 278 1371 441 1412; x_wconf 87' lang='lat' dir='ltr'>clamor</span> <span class='ocrx_word' id='word_1_148' title='bbox 473 1372 611 1423; x_wconf 86' lang='grc'><strong>03010,</strong></span> <span class='ocrx_word' id='word_1_149' title='bbox 649 1372 900 1426; x_wconf 90' lang='lat' dir='ltr'>primusque</span> <span class='ocrx_word' id='word_1_150' title='bbox 935 1374 1125 1414; x_wconf 88' lang='lat' dir='ltr'>accurrit</span> <span class='ocrx_word' id='word_1_151' title='bbox 1156 1375 1343 1423; x_wconf 78' lang='lat' dir='ltr'>AcesteS,</span> 
     </span>
    </p>

    <p class='ocr_par' dir='ltr' id='par_1_21' title="bbox 199 1429 1568 1482">
     <span class='ocr_line' id='line_1_24' title="bbox 199 1429 1568 1482; baseline -0.001 -12"><span class='ocrx_word' id='word_1_152' title='bbox 199 1430 558 1482; x_wconf 82' lang='lat' dir='ltr'>Aequaevumque</span> <span class='ocrx_word' id='word_1_153' title='bbox 599 1429 653 1470; x_wconf 81' lang='lat' dir='ltr'>ab</span> <span class='ocrx_word' id='word_1_154' title='bbox 692 1429 821 1471; x_wconf 88' lang='lat' dir='ltr'>humo</span> <span class='ocrx_word' id='word_1_155' title='bbox 859 1430 1066 1472; x_wconf 86' lang='lat' dir='ltr'>miserans</span> <span class='ocrx_word' id='word_1_156' title='bbox 1108 1430 1271 1472; x_wconf 81' lang='lat' dir='ltr'>attollit</span> <span class='ocrx_word' id='word_1_157' title='bbox 1309 1429 1505 1470; x_wconf 88' lang='lat' dir='ltr'>amicum.</span> <span class='ocrx_word' id='word_1_158' title='bbox 1565 1438 1568 1439; x_wconf 72' lang='grc'>’</span> 
     </span>
    </p>

    <p class='ocr_par' dir='ltr' id='par_1_22' title="bbox 199 1487 1312 1541">
     <span class='ocr_line' id='line_1_25' title="bbox 199 1487 1312 1541; baseline 0.002 -14"><span class='ocrx_word' id='word_1_159' title='bbox 199 1487 257 1527; x_wconf 92' lang='lat' dir='ltr'>At</span> <span class='ocrx_word' id='word_1_160' title='bbox 294 1501 379 1527; x_wconf 88' lang='lat' dir='ltr'>non</span> <span class='ocrx_word' id='word_1_161' title='bbox 416 1487 615 1528; x_wconf 83' lang='lat' dir='ltr'>tardatus</span> <span class='ocrx_word' id='word_1_162' title='bbox 656 1501 758 1528; x_wconf 82' lang='lat' dir='ltr'>casu</span> <span class='ocrx_word' id='word_1_163' title='bbox 799 1501 937 1541; x_wconf 88' lang='lat' dir='ltr'>neque</span> <span class='ocrx_word' id='word_1_164' title='bbox 971 1489 1148 1529; x_wconf 87' lang='lat' dir='ltr'>territus</span> <span class='ocrx_word' id='word_1_165' title='bbox 1186 1488 1312 1529; x_wconf 90' lang='lat' dir='ltr'>heros</span> 
     </span>
    </p>

    <p class='ocr_par' dir='ltr' id='par_1_23' title="bbox 199 1543 1383 1597">
     <span class='ocr_line' id='line_1_26' title="bbox 199 1543 1383 1597; baseline 0.002 -13"><span class='ocrx_word' id='word_1_166' title='bbox 199 1544 351 1584; x_wconf 89' lang='lat' dir='ltr'>Acrior</span> <span class='ocrx_word' id='word_1_167' title='bbox 388 1543 444 1584; x_wconf 88' lang='lat' dir='ltr'>ad</span> <span class='ocrx_word' id='word_1_168' title='bbox 484 1558 672 1597; x_wconf 85' lang='lat' dir='ltr'>pugnam</span> <span class='ocrx_word' id='word_1_169' title='bbox 711 1544 826 1586; x_wconf 87' lang='lat' dir='ltr'>redit</span> <span class='ocrx_word' id='word_1_170' title='bbox 866 1559 917 1586; x_wconf 90' lang='lat' dir='ltr'>ac</span> <span class='ocrx_word' id='word_1_171' title='bbox 954 1546 1038 1586; x_wconf 89' lang='lat' dir='ltr'>vim</span> <span class='ocrx_word' id='word_1_172' title='bbox 1076 1546 1257 1586; x_wconf 86' lang='lat' dir='ltr'>suscitat</span> <span class='ocrx_word' id='word_1_173' title='bbox 1297 1545 1383 1594; x_wconf 79' lang='lat' dir='ltr'>ira3</span> 
     </span>
    </p>

    <p class='ocr_par' dir='ltr' id='par_1_24' title="bbox 201 1600 1842 1655">
     <span class='ocr_line' id='line_1_27' title="bbox 201 1600 1842 1655; baseline -0.001 -13"><span class='ocrx_word' id='word_1_174' title='bbox 201 1601 307 1642; x_wconf 89' lang='lat' dir='ltr'>Tum</span> <span class='ocrx_word' id='word_1_175' title='bbox 343 1600 485 1655; x_wconf 88' lang='lat' dir='ltr'>pudor</span> <span class='ocrx_word' id='word_1_176' title='bbox 519 1601 710 1643; x_wconf 85' lang='lat' dir='ltr'>incendit</span> <span class='ocrx_word' id='word_1_177' title='bbox 745 1602 855 1643; x_wconf 84' lang='lat' dir='ltr'>vires</span> <span class='ocrx_word' id='word_1_178' title='bbox 893 1606 935 1644; x_wconf 92' lang='lat' dir='ltr'>et</span> <span class='ocrx_word' id='word_1_179' title='bbox 973 1603 1144 1644; x_wconf 89' lang='lat' dir='ltr'>conscia</span> <span class='ocrx_word' id='word_1_180' title='bbox 1181 1603 1338 1653; x_wconf 73' lang='lat' dir='ltr'>virtus3</span> <span class='ocrx_word' id='word_1_181' title='bbox 1759 1603 1842 1640; x_wconf 79' lang='lat'>455</span> 
     </span>
    </p>
   </div>
   <div class='ocr_carea' id='block_1_7' title="bbox 195 1751 1000 3063">
    <p class='ocr_par' dir='ltr' id='par_1_25' title="bbox 201 1751 1000 1835">
     <span class='ocr_line' id='line_1_28' title="bbox 246 1751 1000 1784; baseline 0.004 -3"><span class='ocrx_word' id='word_1_182' title='bbox 246 1751 322 1782; x_wconf 84' lang='lat'>431.</span> <span class='ocrx_word' id='word_1_183' title='bbox 353 1751 516 1783; x_wconf 77' lang='lat' dir='ltr'>Membris</span> <span class='ocrx_word' id='word_1_184' title='bbox 542 1756 572 1783; x_wconf 85' lang='lat' dir='ltr'>ct</span> <span class='ocrx_word' id='word_1_185' title='bbox 598 1751 686 1783; x_wconf 76' lang='lat' dir='ltr'>mole</span> <span class='ocrx_word' id='word_1_186' title='bbox 709 1759 757 1784; x_wconf 86' lang='lat' dir='ltr'>est</span> <span class='ocrx_word' id='word_1_187' title='bbox 788 1758 1000 1784; x_wconf 84' lang='lat' dir='ltr'>membrorum</span> 
     </span>
     <span class='ocr_line' id='line_1_29' title="bbox 201 1800 671 1835; baseline 0 -8"><span class='ocrx_word' id='word_1_188' title='bbox 201 1800 327 1828; x_wconf 83' lang='lat' dir='ltr'>viribus</span> <span class='ocrx_word' id='word_1_189' title='bbox 354 1804 383 1828; x_wconf 83' lang='lat' dir='ltr'>et</span> <span class='ocrx_word' id='word_1_190' title='bbox 412 1802 494 1828; x_wconf 83' lang='lat' dir='ltr'>mole</span> <span class='ocrx_word' id='word_1_191' title='bbox 519 1800 671 1835; x_wconf 80' lang='lat' dir='ltr'>corporis.</span> 
     </span>
    </p>

    <p class='ocr_par' dir='ltr' id='par_1_26' title="bbox 200 1843 997 1927">
     <span class='ocr_line' id='line_1_30' title="bbox 244 1843 997 1883; baseline 0.001 -10"><span class='ocrx_word' id='word_1_192' title='bbox 244 1844 320 1873; x_wconf 87' lang='lat'>432.</span> <span class='ocrx_word' id='word_1_193' title='bbox 352 1843 474 1883; x_wconf 76' lang='lat' dir='ltr'>Quatt‘t</span> <span class='ocrx_word' id='word_1_194' title='bbox 501 1843 679 1875; x_wconf 73' lang='lat' dir='ltr'>anhelitus</span> <span class='ocrx_word' id='word_1_195' title='bbox 711 1847 827 1882; x_wconf 87' lang='lat' dir='ltr'>artus,</span> <span class='ocrx_word' id='word_1_196' title='bbox 867 1850 900 1874; x_wconf 88' lang='lat' dir='ltr'>ut</span> <span class='ocrx_word' id='word_1_197' title='bbox 937 1844 997 1874; x_wconf 88' lang='lat'>199</span> 
     </span>
     <span class='ocr_line' id='line_1_31' title="bbox 200 1888 389 1927; baseline 0 -8"><span class='ocrx_word' id='word_1_198' title='bbox 200 1896 229 1919; x_wconf 83' lang='lat' dir='ltr'>et</span> <span class='ocrx_word' id='word_1_199' title='bbox 256 1890 286 1927; x_wconf 87' lang='lat'>9,</span> <span class='ocrx_word' id='word_1_200' title='bbox 313 1888 389 1919; x_wconf 67' lang='lat'>814.</span> 
     </span>
    </p>

    <p class='ocr_par' dir='ltr' id='par_1_27' title="bbox 199 1933 998 2056">
     <span class='ocr_line' id='line_1_32' title="bbox 246 1933 996 1974; baseline 0.003 -11"><span class='ocrx_word' id='word_1_201' title='bbox 246 1934 322 1965; x_wconf 82' lang='lat'>433.</span> <span class='ocrx_word' id='word_1_202' title='bbox 349 1933 515 1971; x_wconf 84' lang='lat' dir='ltr'>vulnera,</span> <span class='ocrx_word' id='word_1_203' title='bbox 553 1934 681 1973; x_wconf 75' lang='lat' dir='ltr'>„ictus“</span> <span class='ocrx_word' id='word_1_204' title='bbox 712 1938 743 1964; x_wconf 89' lang='lat' dir='ltr'>S.</span> <span class='ocrx_word' id='word_1_205' title='bbox 786 1936 824 1965; x_wconf 83' lang='lat' dir='ltr'>cf.</span> <span class='ocrx_word' id='word_1_206' title='bbox 857 1934 894 1974; x_wconf 91' lang='lat'>2,</span> <span class='ocrx_word' id='word_1_207' title='bbox 921 1934 996 1965; x_wconf 74' lang='grc'><strong>529.</strong></span> 
     </span>
     <span class='ocr_line' id='line_1_33' title="bbox 202 1979 998 2021; baseline 0 -11"><span class='ocrx_word' id='word_1_208' title='bbox 202 1997 240 2001; x_wconf 94' lang='grc'>-</span> <span class='ocrx_word' id='word_1_209' title='bbox 282 1979 520 2021; x_wconf 75' lang='lat' dir='ltr'>nequidquam</span> <span class='ocrx_word' id='word_1_210' title='bbox 563 1990 647 2017; x_wconf 81' lang='lat' dir='ltr'>„non</span> <span class='ocrx_word' id='word_1_211' title='bbox 686 1981 856 2016; x_wconf 74' lang='lat' dir='ltr'>profutura</span> <span class='ocrx_word' id='word_1_212' title='bbox 894 1983 998 2011; x_wconf 75' lang='lat' dir='ltr'>victo-</span> 
     </span>
     <span class='ocr_line' id='line_1_34' title="bbox 199 2026 358 2056; baseline 0 -1"><span class='ocrx_word' id='word_1_213' title='bbox 199 2026 301 2056; x_wconf 78' lang='lat' dir='ltr'>riae.“</span> <span class='ocrx_word' id='word_1_214' title='bbox 327 2029 358 2055; x_wconf 89' lang='lat' dir='ltr'>S.</span> 
     </span>
    </p>

    <p class='ocr_par' dir='ltr' id='par_1_28' title="bbox 245 2069 817 2108">
     <span class='ocr_line' id='line_1_35' title="bbox 245 2069 817 2108; baseline 0 -8"><span class='ocrx_word' id='word_1_215' title='bbox 245 2071 321 2100; x_wconf 72' lang='lat'>4:35.</span> <span class='ocrx_word' id='word_1_216' title='bbox 349 2069 434 2100; x_wconf 85' lang='lat' dir='ltr'>dant</span> <span class='ocrx_word' id='word_1_217' title='bbox 457 2069 592 2101; x_wconf 79' lang='lat' dir='ltr'>sonitus</span> <span class='ocrx_word' id='word_1_218' title='bbox 618 2073 655 2101; x_wconf 83' lang='lat' dir='ltr'>cf.</span> <span class='ocrx_word' id='word_1_219' title='bbox 685 2070 715 2108; x_wconf 90' lang='lat'>2,</span> <span class='ocrx_word' id='word_1_220' title='bbox 742 2070 817 2100; x_wconf 79' lang='grc'><strong>698.</strong></span> 
     </span>
    </p>

    <p class='ocr_par' dir='ltr' id='par_1_29' title="bbox 245 2115 830 2154">
     <span class='ocr_line' id='line_1_36' title="bbox 245 2115 830 2154; baseline -0.002 -8"><span class='ocrx_word' id='word_1_221' title='bbox 245 2116 320 2146; x_wconf 82' lang='grc'><strong>436.</strong></span> <span class='ocrx_word' id='word_1_222' title='bbox 348 2115 466 2146; x_wconf 84' lang='lat' dir='ltr'>crebra</span> <span class='ocrx_word' id='word_1_223' title='bbox 492 2126 617 2146; x_wconf 82' lang='lat' dir='ltr'>manns</span> <span class='ocrx_word' id='word_1_224' title='bbox 644 2118 681 2147; x_wconf 84' lang='lat' dir='ltr'>cf.</span> <span class='ocrx_word' id='word_1_225' title='bbox 705 2116 734 2154; x_wconf 82' lang='lat'>2,</span> <span class='ocrx_word' id='word_1_226' title='bbox 755 2116 830 2146; x_wconf 82' lang='lat'>492.</span> 
     </span>
    </p>

    <p class='ocr_par' dir='ltr' id='par_1_30' title="bbox 199 2160 999 2243">
     <span class='ocr_line' id='line_1_37' title="bbox 245 2160 999 2201; baseline 0 -10"><span class='ocrx_word' id='word_1_227' title='bbox 245 2161 321 2191; x_wconf 81' lang='lat'>437.</span> <span class='ocrx_word' id='word_1_228' title='bbox 353 2160 440 2192; x_wconf 69' lang='lat' dir='ltr'>Msu</span> <span class='ocrx_word' id='word_1_229' title='bbox 465 2160 627 2191; x_wconf 82' lang='lat' dir='ltr'>immotus</span> <span class='ocrx_word' id='word_1_230' title='bbox 657 2164 789 2201; x_wconf 82' lang='lat' dir='ltr'>dicitur,</span> <span class='ocrx_word' id='word_1_231' title='bbox 830 2165 912 2198; x_wconf 84' lang='lat' dir='ltr'>quod</span> <span class='ocrx_word' id='word_1_232' title='bbox 936 2172 999 2192; x_wconf 88' lang='lat' dir='ltr'>non</span> 
     </span>
     <span class='ocr_line' id='line_1_38' title="bbox 199 2209 617 2243; baseline -0.007 -4"><span class='ocrx_word' id='word_1_233' title='bbox 199 2210 317 2239; x_wconf 82' lang='lat' dir='ltr'>recedit</span> <span class='ocrx_word' id='word_1_234' title='bbox 341 2216 444 2243; x_wconf 85' lang='lat' dir='ltr'>neque</span> <span class='ocrx_word' id='word_1_235' title='bbox 467 2209 617 2243; x_wconf 81' lang='lat' dir='ltr'>procedit.</span> 
     </span>
    </p>

    <p class='ocr_par' dir='ltr' id='par_1_31' title="bbox 195 2251 996 2612">
     <span class='ocr_line' id='line_1_39' title="bbox 245 2251 996 2289; baseline -0.001 -5"><span class='ocrx_word' id='word_1_236' title='bbox 245 2253 320 2284; x_wconf 76' lang='lat'>4:38.</span> <span class='ocrx_word' id='word_1_237' title='bbox 353 2251 436 2282; x_wconf 82' lang='lat' dir='ltr'>&#39;t&#39;eta</span> <span class='ocrx_word' id='word_1_238' title='bbox 467 2258 540 2282; x_wconf 90' lang='lat' dir='ltr'>sunt</span> <span class='ocrx_word' id='word_1_239' title='bbox 562 2255 644 2284; x_wconf 87' lang='lat' dir='ltr'>ictus</span> <span class='ocrx_word' id='word_1_240' title='bbox 661 2255 801 2283; x_wconf 81' lang='lat' dir='ltr'>Daretis.</span> <span class='ocrx_word' id='word_1_241' title='bbox 830 2270 868 2274; x_wconf 90' lang='lat'>—</span> <span class='ocrx_word' id='word_1_242' title='bbox 901 2252 996 2289; x_wconf 70' lang='lat' dir='ltr'>Exit,</span> 
     </span>
     <span class='ocr_line' id='line_1_40' title="bbox 198 2300 995 2337; baseline 0 -8"><span class='ocrx_word' id='word_1_243' title='bbox 198 2302 317 2337; x_wconf 78' lang='lat' dir='ltr'>evitat,</span> <span class='ocrx_word' id='word_1_244' title='bbox 359 2307 457 2334; x_wconf 83' lang='lat' dir='ltr'>quum</span> <span class='ocrx_word' id='word_1_245' title='bbox 484 2300 588 2329; x_wconf 86' lang='lat' dir='ltr'>oculis</span> <span class='ocrx_word' id='word_1_246' title='bbox 617 2300 746 2337; x_wconf 85' lang='lat' dir='ltr'>vigilet,</span> <span class='ocrx_word' id='word_1_247' title='bbox 787 2302 870 2329; x_wconf 87' lang='lat' dir='ltr'>unde</span> <span class='ocrx_word' id='word_1_248' title='bbox 897 2302 995 2336; x_wconf 78' lang='lat' dir='ltr'>plaga</span> 
     </span>
     <span class='ocr_line' id='line_1_41' title="bbox 197 2343 993 2382; baseline -0.001 -7"><span class='ocrx_word' id='word_1_249' title='bbox 197 2350 238 2375; x_wconf 81' lang='lat' dir='ltr'>sit</span> <span class='ocrx_word' id='word_1_250' title='bbox 272 2350 418 2374; x_wconf 77' lang='lat' dir='ltr'>ventura.</span> <span class='ocrx_word' id='word_1_251' title='bbox 475 2347 525 2374; x_wconf 86' lang='lat' dir='ltr'>Ita</span> <span class='ocrx_word' id='word_1_252' title='bbox 560 2343 619 2382; x_wconf 91' lang='grc'>11,</span> <span class='ocrx_word' id='word_1_253' title='bbox 647 2343 713 2373; x_wconf 91' lang='grc'>750</span> <span class='ocrx_word' id='word_1_254' title='bbox 752 2343 819 2374; x_wconf 86' lang='lat' dir='ltr'>vim</span> <span class='ocrx_word' id='word_1_255' title='bbox 860 2343 993 2374; x_wconf 85' lang='lat' dir='ltr'>viribus</span> 
     </span>
     <span class='ocr_line' id='line_1_42' title="bbox 196 2389 993 2428; baseline -0.003 -7"><span class='ocrx_word' id='word_1_256' title='bbox 196 2390 277 2420; x_wconf 74' lang='lat' dir='ltr'>erit.</span> <span class='ocrx_word' id='word_1_257' title='bbox 338 2393 416 2419; x_wconf 82' lang='lat' dir='ltr'>Stat.</span> <span class='ocrx_word' id='word_1_258' title='bbox 453 2392 551 2419; x_wconf 84' lang='lat' dir='ltr'>Theb.</span> <span class='ocrx_word' id='word_1_259' title='bbox 586 2390 621 2428; x_wconf 87' lang='grc'>6,</span> <span class='ocrx_word' id='word_1_260' title='bbox 652 2389 718 2419; x_wconf 63' lang='grc'>802</span> <span class='ocrx_word' id='word_1_261' title='bbox 759 2399 833 2420; x_wconf 83' lang='lat' dir='ltr'>ecce</span> <span class='ocrx_word' id='word_1_262' title='bbox 868 2389 993 2420; x_wconf 82' lang='lat' dir='ltr'>iterum</span> 
     </span>
     <span class='ocr_line' id='line_1_43' title="bbox 195 2433 991 2466; baseline -0.003 0"><span class='ocrx_word' id='word_1_263' title='bbox 195 2434 377 2466; x_wconf 79' lang='lat' dir='ltr'>immodice</span> <span class='ocrx_word' id='word_1_264' title='bbox 402 2434 594 2465; x_wconf 83' lang='lat' dir='ltr'>venientem</span> <span class='ocrx_word' id='word_1_265' title='bbox 624 2433 743 2464; x_wconf 81' lang='lat' dir='ltr'>illudit</span> <span class='ocrx_word' id='word_1_266' title='bbox 776 2439 807 2466; x_wconf 86' lang='lat' dir='ltr'>et</span> <span class='ocrx_word' id='word_1_267' title='bbox 835 2434 915 2465; x_wconf 71' lang='lat' dir='ltr'>exit.</span> <span class='ocrx_word' id='word_1_268' title='bbox 953 2451 991 2455; x_wconf 91' lang='lat'>—</span> 
     </span>
     <span class='ocr_line' id='line_1_44' title="bbox 196 2478 994 2521; baseline -0.001 -10"><span class='ocrx_word' id='word_1_269' title='bbox 196 2490 338 2521; x_wconf 79' lang='lat' dir='ltr'>corpore</span> <span class='ocrx_word' id='word_1_270' title='bbox 364 2481 403 2510; x_wconf 77' lang='lat' dir='ltr'>cf.</span> <span class='ocrx_word' id='word_1_271' title='bbox 438 2482 503 2510; x_wconf 86' lang='lat' dir='ltr'>Cic.</span> <span class='ocrx_word' id='word_1_272' title='bbox 529 2482 597 2510; x_wconf 82' lang='lat' dir='ltr'>Cat.</span> <span class='ocrx_word' id='word_1_273' title='bbox 627 2480 654 2517; x_wconf 89' lang='lat'>1,</span> <span class='ocrx_word' id='word_1_274' title='bbox 682 2480 699 2509; x_wconf 86' lang='grc'><strong>6</strong></span> <span class='ocrx_word' id='word_1_275' title='bbox 736 2478 830 2510; x_wconf 81' lang='lat' dir='ltr'>Tuas</span> <span class='ocrx_word' id='word_1_276' title='bbox 854 2479 994 2520; x_wconf 84' lang='lat' dir='ltr'>petitio-</span> 
     </span>
     <span class='ocr_line' id='line_1_45' title="bbox 195 2524 995 2567; baseline -0.001 -11"><span class='ocrx_word' id='word_1_277' title='bbox 195 2536 254 2556; x_wconf 83' lang='lat' dir='ltr'>nes</span> <span class='ocrx_word' id='word_1_278' title='bbox 279 2536 394 2567; x_wconf 80' lang='lat' dir='ltr'>parva</span> <span class='ocrx_word' id='word_1_279' title='bbox 426 2524 579 2566; x_wconf 73' lang='lat' dir='ltr'>quzadam</span> <span class='ocrx_word' id='word_1_280' title='bbox 613 2524 848 2556; x_wconf 73' lang='lat' dir='ltr'>declinatione</span> <span class='ocrx_word' id='word_1_281' title='bbox 873 2528 921 2563; x_wconf 83' lang='lat' dir='ltr'>et,</span> <span class='ocrx_word' id='word_1_282' title='bbox 958 2528 995 2555; x_wconf 84' lang='lat' dir='ltr'>ut</span> 
     </span>
     <span class='ocr_line' id='line_1_46' title="bbox 196 2569 636 2612; baseline -0.002 -11"><span class='ocrx_word' id='word_1_283' title='bbox 196 2571 316 2608; x_wconf 79' lang='lat' dir='ltr'>aiunt,</span> <span class='ocrx_word' id='word_1_284' title='bbox 342 2581 483 2612; x_wconf 79' lang='lat' dir='ltr'>corpore</span> <span class='ocrx_word' id='word_1_285' title='bbox 513 2569 636 2612; x_wconf 83' lang='lat' dir='ltr'>effugi.</span> 
     </span>
    </p>

    <p class='ocr_par' dir='ltr' id='par_1_32' title="bbox 196 2616 995 2828">
     <span class='ocr_line' id='line_1_47' title="bbox 244 2616 993 2653; baseline -0.001 -7"><span class='ocrx_word' id='word_1_286' title='bbox 244 2617 319 2646; x_wconf 73' lang='lat'>439.</span> <span class='ocrx_word' id='word_1_287' title='bbox 351 2616 432 2652; x_wconf 83' lang='lat' dir='ltr'>me,</span> <span class='ocrx_word' id='word_1_288' title='bbox 462 2619 580 2653; x_wconf 78' lang='lat' dir='ltr'>Dares,</span> <span class='ocrx_word' id='word_1_289' title='bbox 610 2618 703 2646; x_wconf 76' lang='lat' dir='ltr'>vario</span> <span class='ocrx_word' id='word_1_290' title='bbox 726 2619 816 2646; x_wconf 88' lang='lat' dir='ltr'>modo</span> <span class='ocrx_word' id='word_1_291' title='bbox 846 2618 993 2653; x_wconf 81' lang='lat' dir='ltr'>aggredi-</span> 
     </span>
     <span class='ocr_line' id='line_1_48' title="bbox 198 2663 995 2699; baseline 0 -7"><span class='ocrx_word' id='word_1_292' title='bbox 198 2669 263 2699; x_wconf 85' lang='lat' dir='ltr'>tur,</span> <span class='ocrx_word' id='word_1_293' title='bbox 296 2669 329 2692; x_wconf 85' lang='lat' dir='ltr'>nt</span> <span class='ocrx_word' id='word_1_294' title='bbox 361 2664 390 2692; x_wconf 85' lang='lat' dir='ltr'>si</span> <span class='ocrx_word' id='word_1_295' title='bbox 417 2664 489 2698; x_wconf 78' lang='lat' dir='ltr'>quis</span> <span class='ocrx_word' id='word_1_296' title='bbox 516 2665 685 2692; x_wconf 83' lang='lat' dir='ltr'>castellum</span> <span class='ocrx_word' id='word_1_297' title='bbox 715 2663 853 2699; x_wconf 78' lang='lat' dir='ltr'>obsidet,</span> <span class='ocrx_word' id='word_1_298' title='bbox 889 2663 995 2692; x_wconf 83' lang='lat' dir='ltr'>facere</span> 
     </span>
     <span class='ocr_line' id='line_1_49' title="bbox 196 2707 992 2738; baseline -0.001 -1"><span class='ocrx_word' id='word_1_299' title='bbox 196 2711 287 2737; x_wconf 72' lang='lat' dir='ltr'>solet.</span> <span class='ocrx_word' id='word_1_300' title='bbox 322 2725 359 2728; x_wconf 98' lang='lat'><strong>—</strong></span> <span class='ocrx_word' id='word_1_301' title='bbox 398 2707 548 2737; x_wconf 79' lang='lat' dir='ltr'>Molibus</span> <span class='ocrx_word' id='word_1_302' title='bbox 581 2713 629 2736; x_wconf 85' lang='lat' dir='ltr'>est</span> <span class='ocrx_word' id='word_1_303' title='bbox 654 2709 817 2737; x_wconf 81' lang='lat' dir='ltr'>machinis</span> <span class='ocrx_word' id='word_1_304' title='bbox 844 2709 919 2736; x_wconf 86' lang='lat' dir='ltr'>belli</span> <span class='ocrx_word' id='word_1_305' title='bbox 952 2709 992 2738; x_wconf 81' lang='lat' dir='ltr'>cf.</span> 
     </span>
     <span class='ocr_line' id='line_1_50' title="bbox 196 2751 993 2792; baseline 0.003 -11"><span class='ocrx_word' id='word_1_306' title='bbox 196 2755 268 2782; x_wconf 84' lang='lat' dir='ltr'>Liv.</span> <span class='ocrx_word' id='word_1_307' title='bbox 295 2753 325 2790; x_wconf 85' lang='lat'>2,</span> <span class='ocrx_word' id='word_1_308' title='bbox 356 2752 392 2782; x_wconf 88' lang='lat'>17</span> <span class='ocrx_word' id='word_1_309' title='bbox 420 2752 560 2791; x_wconf 80' lang='lat' dir='ltr'>refectis</span> <span class='ocrx_word' id='word_1_310' title='bbox 591 2751 701 2782; x_wconf 82' lang='lat' dir='ltr'>vincis</span> <span class='ocrx_word' id='word_1_311' title='bbox 733 2751 875 2792; x_wconf 77' lang='lat' dir='ltr'>aliaque</span> <span class='ocrx_word' id='word_1_312' title='bbox 905 2751 993 2783; x_wconf 84' lang='lat' dir='ltr'>mole</span> 
     </span>
     <span class='ocr_line' id='line_1_51' title="bbox 197 2796 288 2828; baseline 0 -1"><span class='ocrx_word' id='word_1_313' title='bbox 197 2796 288 2828; x_wconf 83' lang='lat' dir='ltr'>betti.</span> 
     </span>
    </p>

    <p class='ocr_par' dir='ltr' id='par_1_33' title="bbox 198 2842 989 2919">
     <span class='ocr_line' id='line_1_52' title="bbox 244 2842 989 2874; baseline 0.001 -3"><span class='ocrx_word' id='word_1_314' title='bbox 244 2842 318 2872; x_wconf 71' lang='lat'>440.</span> <span class='ocrx_word' id='word_1_315' title='bbox 350 2842 419 2873; x_wconf 76' lang='lat' dir='ltr'>Sub</span> <span class='ocrx_word' id='word_1_316' title='bbox 449 2842 556 2873; x_wconf 85' lang='lat' dir='ltr'>armis</span> <span class='ocrx_word' id='word_1_317' title='bbox 588 2849 636 2874; x_wconf 80' lang='lat' dir='ltr'>est</span> <span class='ocrx_word' id='word_1_318' title='bbox 669 2850 814 2873; x_wconf 83' lang='lat' dir='ltr'>armatus</span> <span class='ocrx_word' id='word_1_319' title='bbox 846 2849 879 2873; x_wconf 85' lang='lat' dir='ltr'>ut</span> <span class='ocrx_word' id='word_1_320' title='bbox 913 2843 989 2873; x_wconf 76' lang='grc'><strong>585.</strong></span> 
     </span>
     <span class='ocr_line' id='line_1_53' title="bbox 198 2887 673 2919; baseline 0.002 -2"><span class='ocrx_word' id='word_1_321' title='bbox 198 2891 337 2918; x_wconf 79' lang='lat' dir='ltr'>Versum</span> <span class='ocrx_word' id='word_1_322' title='bbox 362 2891 443 2918; x_wconf 82' lang='lat' dir='ltr'>delet</span> <span class='ocrx_word' id='word_1_323' title='bbox 474 2887 524 2918; x_wconf 88' lang='grc' dir='ltr'><strong>ΡΙ.</strong></span> <span class='ocrx_word' id='word_1_324' title='bbox 550 2894 579 2918; x_wconf 85' lang='lat' dir='ltr'>et</span> <span class='ocrx_word' id='word_1_325' title='bbox 610 2888 673 2919; x_wconf 80' lang='lat' dir='ltr'>Rb.</span> 
     </span>
    </p>

    <p class='ocr_par' dir='ltr' id='par_1_34' title="bbox 242 2933 969 2973">
     <span class='ocr_line' id='line_1_54' title="bbox 242 2933 969 2973; baseline 0.001 -11"><span class='ocrx_word' id='word_1_326' title='bbox 242 2934 317 2963; x_wconf 82' lang='lat'>444.</span> <span class='ocrx_word' id='word_1_327' title='bbox 348 2934 375 2963; x_wconf 81' lang='lat' dir='ltr'><em>A</em></span> <span class='ocrx_word' id='word_1_328' title='bbox 401 2933 527 2963; x_wconf 79' lang='lat' dir='ltr'>vertice</span> <span class='ocrx_word' id='word_1_329' title='bbox 550 2940 596 2963; x_wconf 83' lang='lat' dir='ltr'>est</span> <span class='ocrx_word' id='word_1_330' title='bbox 621 2937 757 2971; x_wconf 79' lang='lat' dir='ltr'>desuper</span> <span class='ocrx_word' id='word_1_331' title='bbox 781 2936 818 2965; x_wconf 86' lang='lat' dir='ltr'>cf.</span> <span class='ocrx_word' id='word_1_332' title='bbox 849 2933 874 2973; x_wconf 88' lang='lat'>1,</span> <span class='ocrx_word' id='word_1_333' title='bbox 898 2933 969 2964; x_wconf 89' lang='lat'>114.</span> 
     </span>
    </p>

    <p class='ocr_par' dir='ltr' id='par_1_35' title="bbox 242 2977 629 3016">
     <span class='ocr_line' id='line_1_55' title="bbox 242 2977 629 3016; baseline 0 -8"><span class='ocrx_word' id='word_1_334' title='bbox 242 2979 316 3008; x_wconf 70' lang='lat'>4⁴6.</span> <span class='ocrx_word' id='word_1_335' title='bbox 346 2977 435 3008; x_wconf 78' lang='lat' dir='ltr'>ultro</span> <span class='ocrx_word' id='word_1_336' title='bbox 456 2980 494 3008; x_wconf 88' lang='lat' dir='ltr'>cf.</span> <span class='ocrx_word' id='word_1_337' title='bbox 525 2978 573 3016; x_wconf 83' lang='lat'>12,</span> <span class='ocrx_word' id='word_1_338' title='bbox 601 2978 629 3008; x_wconf 87' lang='lat'>3.</span> 
     </span>
    </p>

    <p class='ocr_par' dir='ltr' id='par_1_36' title="bbox 243 3023 989 3063">
     <span class='ocr_line' id='line_1_56' title="bbox 243 3023 989 3063; baseline 0.003 -10"><span class='ocrx_word' id='word_1_339' title='bbox 243 3023 318 3054; x_wconf 74' lang='lat'>447.</span> <span class='ocrx_word' id='word_1_340' title='bbox 346 3027 466 3063; x_wconf 55' lang='lat' dir='ltr'>„Nulla</span> <span class='ocrx_word' id='word_1_341' title='bbox 498 3033 557 3053; x_wconf 81' lang='lat' dir='ltr'>sua</span> <span class='ocrx_word' id='word_1_342' title='bbox 587 3028 699 3063; x_wconf 78' lang='lat' dir='ltr'>culpa,</span> <span class='ocrx_word' id='word_1_343' title='bbox 737 3027 790 3054; x_wconf 83' lang='lat' dir='ltr'>sed</span> <span class='ocrx_word' id='word_1_344' title='bbox 824 3033 884 3054; x_wconf 82' lang='lat' dir='ltr'>sua</span> <span class='ocrx_word' id='word_1_345' title='bbox 919 3026 989 3061; x_wconf 80' lang='lat' dir='ltr'>ipse</span> 
     </span>
    </p>
   </div>
   <div class='ocr_carea' id='block_1_8' title="bbox 1041 1749 1845 2793">
    <p class='ocr_par' dir='ltr' id='par_1_37' title="bbox 1045 1749 1845 1931">
     <span class='ocr_line' id='line_1_57' title="bbox 1046 1749 1844 1793; baseline -0.006 -8"><span class='ocrx_word' id='word_1_346' title='bbox 1046 1758 1129 1785; x_wconf 87' lang='lat' dir='ltr'>mole</span> <span class='ocrx_word' id='word_1_347' title='bbox 1168 1759 1325 1792; x_wconf 80' lang='lat' dir='ltr'>gravatus</span> <span class='ocrx_word' id='word_1_348' title='bbox 1366 1751 1504 1783; x_wconf 42' lang='lat' dir='ltr'>decidi&amp;</span> <span class='ocrx_word' id='word_1_349' title='bbox 1562 1749 1647 1792; x_wconf 63' lang='lat' dir='ltr'>FVg.</span> <span class='ocrx_word' id='word_1_350' title='bbox 1718 1749 1844 1793; x_wconf 77' lang='lat' dir='ltr'>gravis</span> 
     </span>
     <span class='ocr_line' id='line_1_58' title="bbox 1045 1798 1845 1842; baseline -0.006 -12"><span class='ocrx_word' id='word_1_351' title='bbox 1045 1799 1293 1842; x_wconf 75' lang='lat' dir='ltr'>graviterque:</span> <span class='ocrx_word' id='word_1_352' title='bbox 1316 1800 1517 1829; x_wconf 81' lang='lat' dir='ltr'>Adverbium</span> <span class='ocrx_word' id='word_1_353' title='bbox 1541 1800 1689 1827; x_wconf 86' lang='lat' dir='ltr'>consulto</span> <span class='ocrx_word' id='word_1_354' title='bbox 1712 1798 1845 1833; x_wconf 80' lang='lat' dir='ltr'>apposi-</span> 
     </span>
     <span class='ocr_line' id='line_1_59' title="bbox 1047 1841 1843 1883; baseline -0.006 -8"><span class='ocrx_word' id='word_1_355' title='bbox 1047 1852 1113 1876; x_wconf 85' lang='lat' dir='ltr'>tum</span> <span class='ocrx_word' id='word_1_356' title='bbox 1138 1849 1178 1876; x_wconf 84' lang='lat' dir='ltr'>ad</span> <span class='ocrx_word' id='word_1_357' title='bbox 1208 1848 1400 1883; x_wconf 79' lang='lat' dir='ltr'>augendum.</span> <span class='ocrx_word' id='word_1_358' title='bbox 1451 1845 1497 1874; x_wconf 82' lang='lat' dir='ltr'>Cf.</span> <span class='ocrx_word' id='word_1_359' title='bbox 1528 1845 1619 1872; x_wconf 90' lang='lat' dir='ltr'>Hom.</span> <span class='ocrx_word' id='word_1_360' title='bbox 1643 1845 1681 1872; x_wconf 84' lang='lat'>11.</span> <span class='ocrx_word' id='word_1_361' title='bbox 1706 1841 1758 1881; x_wconf 88' lang='lat'>16,</span> <span class='ocrx_word' id='word_1_362' title='bbox 1777 1841 1843 1871; x_wconf 87' lang='lat'>776</span> 
     </span>
     <span class='ocr_line' id='line_1_60' title="bbox 1048 1885 1523 1931; baseline -0.006 -10"><span class='ocrx_word' id='word_1_363' title='bbox 1048 1891 1145 1921; x_wconf 70' lang='grc' dir='ltr'><em>κεῖτο</em></span> <span class='ocrx_word' id='word_1_364' title='bbox 1170 1887 1282 1931; x_wconf 77' lang='grc' dir='ltr'><em>μέγας</em></span> <span class='ocrx_word' id='word_1_365' title='bbox 1309 1885 1523 1930; x_wconf 74' lang='grc' dir='ltr'><strong>μεγαλωστί.</strong></span> 
     </span>
    </p>

    <p class='ocr_par' dir='ltr' id='par_1_38' title="bbox 1044 1931 1844 2199">
     <span class='ocr_line' id='line_1_61' title="bbox 1092 1931 1844 1976; baseline -0.004 -10"><span class='ocrx_word' id='word_1_366' title='bbox 1092 1936 1168 1966; x_wconf 66' lang='lat'>448.</span> <span class='ocrx_word' id='word_1_367' title='bbox 1196 1936 1369 1976; x_wconf 78' lang='lat' dir='ltr'>qnondam</span> <span class='ocrx_word' id='word_1_368' title='bbox 1398 1936 1436 1964; x_wconf 81' lang='lat' dir='ltr'>cf.</span> <span class='ocrx_word' id='word_1_369' title='bbox 1463 1934 1499 1972; x_wconf 86' lang='lat'>2,</span> <span class='ocrx_word' id='word_1_370' title='bbox 1527 1931 1603 1963; x_wconf 82' lang='lat'>367.</span> <span class='ocrx_word' id='word_1_371' title='bbox 1637 1949 1675 1954; x_wconf 88' lang='lat'>—-</span> <span class='ocrx_word' id='word_1_372' title='bbox 1706 1935 1844 1969; x_wconf 73' lang='lat' dir='ltr'>Compa-</span> 
     </span>
     <span class='ocr_line' id='line_1_62' title="bbox 1045 1981 1842 2017; baseline -0.004 -6"><span class='ocrx_word' id='word_1_373' title='bbox 1045 1988 1135 2011; x_wconf 79' lang='lat' dir='ltr'>ratur</span> <span class='ocrx_word' id='word_1_374' title='bbox 1160 1984 1293 2017; x_wconf 80' lang='lat' dir='ltr'>saepius</span> <span class='ocrx_word' id='word_1_375' title='bbox 1319 1983 1404 2017; x_wconf 82' lang='lat' dir='ltr'>apud</span> <span class='ocrx_word' id='word_1_376' title='bbox 1430 1982 1602 2010; x_wconf 81' lang='lat' dir='ltr'>Homerum</span> <span class='ocrx_word' id='word_1_377' title='bbox 1629 1981 1749 2010; x_wconf 83' lang='lat' dir='ltr'>cadens</span> <span class='ocrx_word' id='word_1_378' title='bbox 1774 1981 1842 2008; x_wconf 81' lang='lat' dir='ltr'>bel-</span> 
     </span>
     <span class='ocr_line' id='line_1_63' title="bbox 1047 2023 1841 2063; baseline -0.004 -7"><span class='ocrx_word' id='word_1_379' title='bbox 1047 2030 1129 2057; x_wconf 79' lang='lat' dir='ltr'>lator</span> <span class='ocrx_word' id='word_1_380' title='bbox 1163 2037 1234 2058; x_wconf 84' lang='lat' dir='ltr'>cum</span> <span class='ocrx_word' id='word_1_381' title='bbox 1264 2031 1378 2057; x_wconf 76' lang='lat' dir='ltr'>arbore</span> <span class='ocrx_word' id='word_1_382' title='bbox 1406 2027 1538 2063; x_wconf 79' lang='lat' dir='ltr'>excisa,</span> <span class='ocrx_word' id='word_1_383' title='bbox 1579 2030 1611 2054; x_wconf 91' lang='lat' dir='ltr'>ut</span> <span class='ocrx_word' id='word_1_384' title='bbox 1643 2028 1681 2054; x_wconf 83' lang='grc' dir='ltr'>ΙΙ.</span> <span class='ocrx_word' id='word_1_385' title='bbox 1709 2023 1739 2063; x_wconf 76' lang='lat'>4,</span> <span class='ocrx_word' id='word_1_386' title='bbox 1763 2023 1841 2054; x_wconf 78' lang='lat'>482.</span> 
     </span>
     <span class='ocr_line' id='line_1_64' title="bbox 1048 2068 1843 2111; baseline -0.003 -9"><span class='ocrx_word' id='word_1_387' title='bbox 1048 2072 1100 2110; x_wconf 86' lang='lat'>13,</span> <span class='ocrx_word' id='word_1_388' title='bbox 1130 2072 1202 2102; x_wconf 73' lang='lat'>178.</span> <span class='ocrx_word' id='word_1_389' title='bbox 1237 2071 1288 2111; x_wconf 73' lang='lat'>1⁴,</span> <span class='ocrx_word' id='word_1_390' title='bbox 1315 2070 1390 2101; x_wconf 72' lang='lat'>414.</span> <span class='ocrx_word' id='word_1_391' title='bbox 1427 2070 1477 2109; x_wconf 92' lang='lat'>16,</span> <span class='ocrx_word' id='word_1_392' title='bbox 1500 2069 1575 2100; x_wconf 79' lang='grc'><strong>482.</strong></span> <span class='ocrx_word' id='word_1_393' title='bbox 1601 2086 1639 2091; x_wconf 89' lang='lat'>——</span> <span class='ocrx_word' id='word_1_394' title='bbox 1670 2068 1843 2111; x_wconf 76' lang='lat' dir='ltr'>Eryman-</span> 
     </span>
     <span class='ocr_line' id='line_1_65' title="bbox 1046 2116 1841 2156; baseline -0.005 -8"><span class='ocrx_word' id='word_1_395' title='bbox 1046 2116 1143 2156; x_wconf 77' lang='lat' dir='ltr'>thus,</span> <span class='ocrx_word' id='word_1_396' title='bbox 1184 2128 1276 2149; x_wconf 91' lang='lat' dir='ltr'>mons</span> <span class='ocrx_word' id='word_1_397' title='bbox 1307 2119 1486 2155; x_wconf 82' lang='lat' dir='ltr'>Arcadiae,</span> <span class='ocrx_word' id='word_1_398' title='bbox 1527 2122 1622 2146; x_wconf 88' lang='lat' dir='ltr'>notus</span> <span class='ocrx_word' id='word_1_399' title='bbox 1658 2117 1716 2145; x_wconf 76' lang='lat' dir='ltr'>illo</span> <span class='ocrx_word' id='word_1_400' title='bbox 1752 2123 1841 2154; x_wconf 83' lang='lat' dir='ltr'>apro,</span> 
     </span>
     <span class='ocr_line' id='line_1_66' title="bbox 1044 2164 1466 2199; baseline -0.005 -6"><span class='ocrx_word' id='word_1_401' title='bbox 1044 2173 1137 2199; x_wconf 84' lang='lat' dir='ltr'>quem</span> <span class='ocrx_word' id='word_1_402' title='bbox 1166 2167 1321 2195; x_wconf 84' lang='lat' dir='ltr'>Hercules</span> <span class='ocrx_word' id='word_1_403' title='bbox 1343 2164 1466 2194; x_wconf 84' lang='lat' dir='ltr'>occidit.</span> 
     </span>
    </p>

    <p class='ocr_par' dir='ltr' id='par_1_39' title="bbox 1043 2208 1842 2339">
     <span class='ocr_line' id='line_1_67' title="bbox 1091 2208 1842 2250; baseline -0.004 -11"><span class='ocrx_word' id='word_1_404' title='bbox 1091 2210 1167 2239; x_wconf 75' lang='lat'>450.</span> <span class='ocrx_word' id='word_1_405' title='bbox 1200 2209 1426 2250; x_wconf 78' lang='lat' dir='ltr'>Consurgunt</span> <span class='ocrx_word' id='word_1_406' title='bbox 1450 2209 1596 2245; x_wconf 86' lang='lat' dir='ltr'>sedibus,</span> <span class='ocrx_word' id='word_1_407' title='bbox 1634 2208 1739 2237; x_wconf 86' lang='lat' dir='ltr'>studio</span> <span class='ocrx_word' id='word_1_408' title='bbox 1765 2215 1842 2236; x_wconf 89' lang='lat' dir='ltr'>suo-</span> 
     </span>
     <span class='ocr_line' id='line_1_68' title="bbox 1045 2254 1842 2293; baseline -0.005 -8"><span class='ocrx_word' id='word_1_409' title='bbox 1045 2264 1115 2285; x_wconf 89' lang='lat' dir='ltr'>rum</span> <span class='ocrx_word' id='word_1_410' title='bbox 1152 2257 1293 2293; x_wconf 84' lang='lat' dir='ltr'>abrepti,</span> <span class='ocrx_word' id='word_1_411' title='bbox 1340 2259 1369 2284; x_wconf 85' lang='lat' dir='ltr'>et</span> <span class='ocrx_word' id='word_1_412' title='bbox 1407 2256 1630 2284; x_wconf 84' lang='lat' dir='ltr'>exclamantes</span> <span class='ocrx_word' id='word_1_413' title='bbox 1664 2254 1723 2282; x_wconf 88' lang='lat' dir='ltr'>alii</span> <span class='ocrx_word' id='word_1_414' title='bbox 1762 2260 1842 2289; x_wconf 83' lang='lat' dir='ltr'>prae</span> 
     </span>
     <span class='ocr_line' id='line_1_69' title="bbox 1043 2302 1399 2339; baseline -0.003 -9"><span class='ocrx_word' id='word_1_415' title='bbox 1043 2302 1177 2339; x_wconf 82' lang='lat' dir='ltr'>gaudio,</span> <span class='ocrx_word' id='word_1_416' title='bbox 1202 2302 1261 2330; x_wconf 85' lang='lat' dir='ltr'>alii</span> <span class='ocrx_word' id='word_1_417' title='bbox 1282 2302 1399 2329; x_wconf 86' lang='lat' dir='ltr'>dolore.</span> 
     </span>
    </p>

    <p class='ocr_par' dir='ltr' id='par_1_40' title="bbox 1041 2342 1840 2793">
     <span class='ocr_line' id='line_1_70' title="bbox 1087 2342 1840 2382; baseline -0.003 -7"><span class='ocrx_word' id='word_1_418' title='bbox 1087 2345 1162 2375; x_wconf 81' lang='grc'><strong>451.</strong></span> <span class='ocrx_word' id='word_1_419' title='bbox 1192 2344 1222 2375; x_wconf 90' lang='lat' dir='ltr'>lt</span> <span class='ocrx_word' id='word_1_420' title='bbox 1247 2344 1378 2374; x_wconf 86' lang='lat' dir='ltr'>clamor</span> <span class='ocrx_word' id='word_1_421' title='bbox 1404 2342 1521 2380; x_wconf 83' lang='lat' dir='ltr'>caelo;</span> <span class='ocrx_word' id='word_1_422' title='bbox 1558 2345 1642 2374; x_wconf 88' lang='lat' dir='ltr'>idem</span> <span class='ocrx_word' id='word_1_423' title='bbox 1680 2342 1737 2382; x_wconf 87' lang='lat'>11,</span> <span class='ocrx_word' id='word_1_424' title='bbox 1765 2342 1840 2374; x_wconf 82' lang='lat'>192.</span> 
     </span>
     <span class='ocr_line' id='line_1_71' title="bbox 1041 2390 1838 2421; baseline -0.003 -1"><span class='ocrx_word' id='word_1_425' title='bbox 1041 2393 1183 2420; x_wconf 86' lang='lat' dir='ltr'>Dativus</span> <span class='ocrx_word' id='word_1_426' title='bbox 1220 2392 1337 2421; x_wconf 76' lang='lat' dir='ltr'>locatis</span> <span class='ocrx_word' id='word_1_427' title='bbox 1374 2399 1415 2420; x_wconf 84' lang='lat' dir='ltr'>ex</span> <span class='ocrx_word' id='word_1_428' title='bbox 1450 2391 1553 2420; x_wconf 84' lang='lat' dir='ltr'>ethico</span> <span class='ocrx_word' id='word_1_429' title='bbox 1587 2395 1684 2419; x_wconf 84' lang='lat' dir='ltr'>natus</span> <span class='ocrx_word' id='word_1_430' title='bbox 1713 2395 1762 2419; x_wconf 87' lang='lat' dir='ltr'>est</span> <span class='ocrx_word' id='word_1_431' title='bbox 1796 2390 1838 2419; x_wconf 79' lang='lat' dir='ltr'>cf.</span> 
     </span>
     <span class='ocr_line' id='line_1_72' title="bbox 1042 2433 1840 2475; baseline -0.001 -10"><span class='ocrx_word' id='word_1_432' title='bbox 1042 2439 1093 2466; x_wconf 86' lang='lat' dir='ltr'>Gr.</span> <span class='ocrx_word' id='word_1_433' title='bbox 1120 2437 1141 2472; x_wconf 70' lang='lat' dir='ltr'>S</span> <span class='ocrx_word' id='word_1_434' title='bbox 1169 2435 1244 2465; x_wconf 76' lang='lat'>282.</span> <span class='ocrx_word' id='word_1_435' title='bbox 1294 2437 1347 2466; x_wconf 88' lang='lat' dir='ltr'>Sic</span> <span class='ocrx_word' id='word_1_436' title='bbox 1380 2435 1415 2475; x_wconf 83' lang='lat'>2,</span> <span class='ocrx_word' id='word_1_437' title='bbox 1443 2434 1507 2464; x_wconf 72' lang='grc'><strong>687</strong></span> <span class='ocrx_word' id='word_1_438' title='bbox 1548 2433 1663 2465; x_wconf 81' lang='lat' dir='ltr'>oculos</span> <span class='ocrx_word' id='word_1_439' title='bbox 1696 2434 1750 2465; x_wconf 87' lang='lat' dir='ltr'>ad</span> <span class='ocrx_word' id='word_1_440' title='bbox 1786 2433 1840 2464; x_wconf 85' lang='lat' dir='ltr'>si-</span> 
     </span>
     <span class='ocr_line' id='line_1_73' title="bbox 1043 2479 1840 2520; baseline -0.001 -10"><span class='ocrx_word' id='word_1_441' title='bbox 1043 2479 1145 2511; x_wconf 82' lang='lat' dir='ltr'>dera</span> <span class='ocrx_word' id='word_1_442' title='bbox 1180 2479 1294 2511; x_wconf 82' lang='lat' dir='ltr'>laetus</span> <span class='ocrx_word' id='word_1_443' title='bbox 1326 2479 1447 2511; x_wconf 71' lang='lat' dir='ltr'>extulit</span> <span class='ocrx_word' id='word_1_444' title='bbox 1481 2484 1512 2511; x_wconf 83' lang='lat' dir='ltr'>et</span> <span class='ocrx_word' id='word_1_445' title='bbox 1543 2479 1667 2510; x_wconf 82' lang='lat' dir='ltr'>caelo</span> <span class='ocrx_word' id='word_1_446' title='bbox 1698 2479 1840 2520; x_wconf 81' lang='lat' dir='ltr'>palmas</span> 
     </span>
     <span class='ocr_line' id='line_1_74' title="bbox 1042 2524 1838 2563; baseline -0.001 -8"><span class='ocrx_word' id='word_1_447' title='bbox 1042 2536 1117 2556; x_wconf 84' lang='lat' dir='ltr'>cum</span> <span class='ocrx_word' id='word_1_448' title='bbox 1144 2536 1224 2556; x_wconf 83' lang='lat' dir='ltr'>voce</span> <span class='ocrx_word' id='word_1_449' title='bbox 1249 2526 1406 2557; x_wconf 81' lang='lat' dir='ltr'>tetendit.</span> <span class='ocrx_word' id='word_1_450' title='bbox 1444 2525 1474 2563; x_wconf 90' lang='grc'>2,</span> <span class='ocrx_word' id='word_1_451' title='bbox 1500 2525 1551 2555; x_wconf 89' lang='grc'>36.</span> <span class='ocrx_word' id='word_1_452' title='bbox 1575 2524 1649 2555; x_wconf 79' lang='grc'><strong>186.</strong></span> <span class='ocrx_word' id='word_1_453' title='bbox 1671 2525 1747 2555; x_wconf 89' lang='grc'><strong>276.</strong></span> <span class='ocrx_word' id='word_1_454' title='bbox 1773 2524 1838 2554; x_wconf 80' lang='lat'>674</span> 
     </span>
     <span class='ocr_line' id='line_1_75' title="bbox 1043 2569 1838 2609; baseline -0.001 -8"><span class='ocrx_word' id='word_1_455' title='bbox 1043 2575 1106 2608; x_wconf 85' lang='lat' dir='ltr'>al.;</span> <span class='ocrx_word' id='word_1_456' title='bbox 1132 2574 1211 2602; x_wconf 83' lang='lat' dir='ltr'>adde</span> <span class='ocrx_word' id='word_1_457' title='bbox 1235 2582 1318 2608; x_wconf 81' lang='lat' dir='ltr'>quae</span> <span class='ocrx_word' id='word_1_458' title='bbox 1339 2574 1379 2602; x_wconf 85' lang='lat' dir='ltr'>ad</span> <span class='ocrx_word' id='word_1_459' title='bbox 1404 2572 1433 2609; x_wconf 83' lang='lat'>2,</span> <span class='ocrx_word' id='word_1_460' title='bbox 1458 2570 1535 2609; x_wconf 73' lang='lat'>398,</span> <span class='ocrx_word' id='word_1_461' title='bbox 1560 2576 1588 2600; x_wconf 81' lang='lat' dir='ltr'>et</span> <span class='ocrx_word' id='word_1_462' title='bbox 1619 2570 1667 2608; x_wconf 88' lang='grc'>10,</span> <span class='ocrx_word' id='word_1_463' title='bbox 1695 2571 1760 2600; x_wconf 89' lang='grc'>555</span> <span class='ocrx_word' id='word_1_464' title='bbox 1780 2569 1838 2600; x_wconf 80' lang='lat' dir='ltr'>de-</span> 
     </span>
     <span class='ocr_line' id='line_1_76' title="bbox 1042 2615 1835 2656; baseline -0.004 -9"><span class='ocrx_word' id='word_1_465' title='bbox 1042 2617 1159 2647; x_wconf 83' lang='lat' dir='ltr'>turbat</span> <span class='ocrx_word' id='word_1_466' title='bbox 1183 2621 1308 2648; x_wconf 76' lang='lat' dir='ltr'>terrae.</span> <span class='ocrx_word' id='word_1_467' title='bbox 1362 2617 1413 2656; x_wconf 92' lang='lat'>11,</span> <span class='ocrx_word' id='word_1_468' title='bbox 1437 2615 1479 2646; x_wconf 85' lang='grc'>87</span> <span class='ocrx_word' id='word_1_469' title='bbox 1510 2615 1678 2646; x_wconf 81' lang='lat' dir='ltr'>sternitur</span> <span class='ocrx_word' id='word_1_470' title='bbox 1712 2620 1835 2647; x_wconf 83' lang='lat' dir='ltr'>terrae.</span> 
     </span>
     <span class='ocr_line' id='line_1_77' title="bbox 1043 2660 1835 2700; baseline -0.004 -7"><span class='ocrx_word' id='word_1_471' title='bbox 1043 2662 1095 2700; x_wconf 83' lang='lat'>10,</span> <span class='ocrx_word' id='word_1_472' title='bbox 1118 2662 1179 2692; x_wconf 77' lang='lat'>401</span> <span class='ocrx_word' id='word_1_473' title='bbox 1199 2662 1251 2693; x_wconf 92' lang='grc' dir='ltr'>ΙΙο</span> <span class='ocrx_word' id='word_1_474' title='bbox 1274 2662 1449 2693; x_wconf 75' lang='lat' dir='ltr'>direxerat</span> <span class='ocrx_word' id='word_1_475' title='bbox 1475 2660 1612 2692; x_wconf 83' lang='lat' dir='ltr'>hastam</span> <span class='ocrx_word' id='word_1_476' title='bbox 1644 2664 1687 2692; x_wconf 84' lang='lat' dir='ltr'>al.</span> <span class='ocrx_word' id='word_1_477' title='bbox 1714 2677 1752 2682; x_wconf 93' lang='lat'>—</span> <span class='ocrx_word' id='word_1_478' title='bbox 1775 2662 1835 2690; x_wconf 79' lang='lat' dir='ltr'>vet</span> 
     </span>
     <span class='ocr_line' id='line_1_78' title="bbox 1041 2705 1834 2745; baseline -0.005 -7"><span class='ocrx_word' id='word_1_479' title='bbox 1041 2718 1113 2738; x_wconf 86' lang='grc'><strong>011111</strong></span> <span class='ocrx_word' id='word_1_480' title='bbox 1147 2710 1364 2738; x_wconf 76' lang='lat' dir='ltr'>substantivis</span> <span class='ocrx_word' id='word_1_481' title='bbox 1394 2709 1538 2745; x_wconf 85' lang='lat' dir='ltr'>iungitur</span> <span class='ocrx_word' id='word_1_482' title='bbox 1568 2709 1597 2737; x_wconf 90' lang='lat' dir='ltr'>is</span> <span class='ocrx_word' id='word_1_483' title='bbox 1631 2709 1762 2737; x_wconf 76' lang='lat' dir='ltr'>dativus</span> <span class='ocrx_word' id='word_1_484' title='bbox 1804 2705 1834 2742; x_wconf 89' lang='lat'>6,</span> 
     </span>
     <span class='ocr_line' id='line_1_79' title="bbox 1041 2749 1834 2793; baseline -0.004 -11"><span class='ocrx_word' id='word_1_485' title='bbox 1041 2753 1105 2782; x_wconf 85' lang='lat'>126</span> <span class='ocrx_word' id='word_1_486' title='bbox 1133 2752 1260 2793; x_wconf 87' lang='lat' dir='ltr'>facilis</span> <span class='ocrx_word' id='word_1_487' title='bbox 1296 2752 1478 2784; x_wconf 82' lang='lat' dir='ltr'>descensus</span> <span class='ocrx_word' id='word_1_488' title='bbox 1514 2752 1663 2783; x_wconf 82' lang='lat' dir='ltr'>Averno.</span> <span class='ocrx_word' id='word_1_489' title='bbox 1712 2749 1746 2789; x_wconf 84' lang='lat'>1,</span> <span class='ocrx_word' id='word_1_490' title='bbox 1774 2749 1834 2780; x_wconf 82' lang='lat'>181</span> 
     </span>
    </p>
   </div>
   <div class='ocr_carea' id='block_1_9' title="bbox 1038 2797 1835 2930">
    <p class='ocr_par' dir='ltr' id='par_1_41' title="bbox 1038 2797 1835 2930">
     <span class='ocr_line' id='line_1_80' title="bbox 1043 2797 1835 2841; baseline -0.005 -12"><span class='ocrx_word' id='word_1_491' title='bbox 1043 2797 1263 2839; x_wconf 81' lang='lat' dir='ltr'>Prospectum</span> <span class='ocrx_word' id='word_1_492' title='bbox 1295 2797 1427 2841; x_wconf 76' lang='lat' dir='ltr'>pelago</span> <span class='ocrx_word' id='word_1_493' title='bbox 1456 2799 1542 2834; x_wconf 81' lang='lat' dir='ltr'>petit.</span> <span class='ocrx_word' id='word_1_494' title='bbox 1579 2813 1617 2818; x_wconf 89' lang='lat'>-·</span> <span class='ocrx_word' id='word_1_495' title='bbox 1655 2799 1726 2827; x_wconf 85' lang='lat' dir='ltr'>Huc</span> <span class='ocrx_word' id='word_1_496' title='bbox 1750 2797 1835 2825; x_wconf 82' lang='lat' dir='ltr'>trahi</span> 
     </span>
     <span class='ocr_line' id='line_1_81' title="bbox 1038 2840 1834 2883; baseline -0.004 -10"><span class='ocrx_word' id='word_1_497' title='bbox 1038 2850 1173 2879; x_wconf 79' lang='lat' dir='ltr'>possunt</span> <span class='ocrx_word' id='word_1_498' title='bbox 1200 2844 1231 2883; x_wconf 87' lang='grc'>3,</span> <span class='ocrx_word' id='word_1_499' title='bbox 1255 2843 1321 2873; x_wconf 81' lang='grc'>540</span> <span class='ocrx_word' id='word_1_500' title='bbox 1347 2843 1435 2874; x_wconf 83' lang='lat' dir='ltr'>bello</span> <span class='ocrx_word' id='word_1_501' title='bbox 1458 2846 1642 2873; x_wconf 83' lang='lat' dir='ltr'>armantur</span> <span class='ocrx_word' id='word_1_502' title='bbox 1664 2840 1753 2882; x_wconf 84' lang='lat' dir='ltr'>equi.</span> <span class='ocrx_word' id='word_1_503' title='bbox 1802 2840 1834 2879; x_wconf 89' lang='lat'>7,</span> 
     </span>
     <span class='ocr_line' id='line_1_82' title="bbox 1038 2886 1835 2930; baseline 0 -13"><span class='ocrx_word' id='word_1_504' title='bbox 1038 2888 1102 2918; x_wconf 85' lang='grc'>725</span> <span class='ocrx_word' id='word_1_505' title='bbox 1143 2888 1259 2919; x_wconf 82' lang='lat' dir='ltr'>Turno</span> <span class='ocrx_word' id='word_1_506' title='bbox 1292 2888 1386 2930; x_wconf 84' lang='lat' dir='ltr'>rapit</span> <span class='ocrx_word' id='word_1_507' title='bbox 1415 2886 1572 2930; x_wconf 80' lang='lat' dir='ltr'>populos.</span> <span class='ocrx_word' id='word_1_508' title='bbox 1616 2903 1654 2908; x_wconf 94' lang='lat'>—</span> <span class='ocrx_word' id='word_1_509' title='bbox 1695 2889 1835 2917; x_wconf 85' lang='lat' dir='ltr'>Acestes</span> 
     </span>
    </p>
   </div>
   <div class='ocr_carea' id='block_1_10' title="bbox 1036 2933 1835 3063">
    <p class='ocr_par' dir='ltr' id='par_1_42' title="bbox 1036 2933 1835 3063">
     <span class='ocr_line' id='line_1_83' title="bbox 1037 2933 1832 2972; baseline -0.004 -7"><span class='ocrx_word' id='word_1_510' title='bbox 1037 2940 1128 2965; x_wconf 82' lang='lat' dir='ltr'>curat</span> <span class='ocrx_word' id='word_1_511' title='bbox 1150 2937 1278 2965; x_wconf 84' lang='lat' dir='ltr'>laudem</span> <span class='ocrx_word' id='word_1_512' title='bbox 1303 2937 1410 2972; x_wconf 86' lang='lat' dir='ltr'>amici,</span> <span class='ocrx_word' id='word_1_513' title='bbox 1427 2942 1527 2970; x_wconf 82' lang='lat' dir='ltr'>quare</span> <span class='ocrx_word' id='word_1_514' title='bbox 1547 2933 1657 2962; x_wconf 83' lang='lat' dir='ltr'>statim</span> <span class='ocrx_word' id='word_1_515' title='bbox 1683 2934 1832 2963; x_wconf 84' lang='lat' dir='ltr'>accurrit.</span> 
     </span>
     <span class='ocr_line' id='line_1_84' title="bbox 1083 2979 1835 3016; baseline -0.003 -7"><span class='ocrx_word' id='word_1_516' title='bbox 1083 2979 1158 3009; x_wconf 81' lang='grc'><strong>455.</strong></span> <span class='ocrx_word' id='word_1_517' title='bbox 1192 2979 1337 3011; x_wconf 85' lang='lat' dir='ltr'>Conscia</span> <span class='ocrx_word' id='word_1_518' title='bbox 1362 2979 1473 3010; x_wconf 76' lang='lat' dir='ltr'>virtus</span> <span class='ocrx_word' id='word_1_519' title='bbox 1496 2982 1545 3008; x_wconf 81' lang='lat' dir='ltr'>est</span> <span class='ocrx_word' id='word_1_520' title='bbox 1569 2986 1626 3016; x_wconf 81' lang='lat' dir='ltr'>ea,</span> <span class='ocrx_word' id='word_1_521' title='bbox 1666 2986 1750 3014; x_wconf 81' lang='lat' dir='ltr'>quae</span> <span class='ocrx_word' id='word_1_522' title='bbox 1773 2979 1835 3009; x_wconf 83' lang='lat' dir='ltr'>scit</span> 
     </span>
     <span class='ocr_line' id='line_1_85' title="bbox 1036 3022 1831 3063; baseline -0.003 -8"><span class='ocrx_word' id='word_1_523' title='bbox 1036 3035 1071 3055; x_wconf 84' lang='lat' dir='ltr'>se</span> <span class='ocrx_word' id='word_1_524' title='bbox 1092 3035 1166 3055; x_wconf 84' lang='lat' dir='ltr'>esse</span> <span class='ocrx_word' id='word_1_525' title='bbox 1191 3027 1359 3063; x_wconf 80' lang='lat' dir='ltr'>virtutem3</span> <span class='ocrx_word' id='word_1_526' title='bbox 1388 3026 1434 3054; x_wconf 86' lang='lat' dir='ltr'>ita</span> <span class='ocrx_word' id='word_1_527' title='bbox 1463 3022 1513 3062; x_wconf 83' lang='lat'>12,</span> <span class='ocrx_word' id='word_1_528' title='bbox 1541 3022 1616 3053; x_wconf 80' lang='lat'>608.</span> <span class='ocrx_word' id='word_1_529' title='bbox 1667 3025 1720 3055; x_wconf 88' lang='lat' dir='ltr'>Sic</span> <span class='ocrx_word' id='word_1_530' title='bbox 1747 3025 1831 3060; x_wconf 77' lang='lat' dir='ltr'>apud</span> 
     </span>
    </p>
   </div>
  </div>
 </body>
</html>
