2023 3350
640 58 878 93 AENEIDOS
911 60 998 92 LIB.
1025 60 1101 93 vlt.

55 173 266 216 Sublimes
301 173 345 214 in
381 172 501 226 equis
536 171 715 214 redeunt
751 185 986 227 pacemque
1024 177 1259 227 reportant.

1612 64 1694 103 349

1612 177 1695 217 285

170 232 281 272 Ecce
308 234 451 271 autem
480 229 667 272 Inachiis
699 242 790 271 sese
823 229 1039 272 referebat
1067 231 1122 273 ab
1154 232 1281 285 Argis

56 288 194 330 Saeva
232 288 344 330 Iovis
380 287 583 337 coniunx,
621 300 837 340 aurasque
880 288 1047 330 invecta
1081 289 1278 339 tenebatg

56 346 113 387 Et
147 345 308 386 laetum
340 345 513 386 Aenean
551 344 815 397 classemque
854 359 904 386 ex
942 345 1115 387 aethere
1147 346 1274 400 longe

55 402 321 444 Dardaniam
361 401 502 443 Siculo
536 402 759 455 prospexit
796 402 851 443 ab
894 417 1029 456 usque
1063 403 1275 458 Pachyno.

56 459 201 501 Moliri
238 460 324 500 iam
354 462 472 500 tecta
514 458 648 510 videt,
689 459 775 500 iam
807 459 938 501 fidere
973 464 1134 512 terrae;

531 516 659 558 Stetit
697 516 788 558 acri
829 516 915 557 fixa
951 517 1122 569 dolore3

56 517 305 558 Deseruisse
342 520 469 557 rates.

1614 465 1696 503 290

56 575 183 625 Tum,
220 587 430 626 quassans
466 577 615 638 caput,
654 573 762 616 haec
794 573 972 616 effundit
1003 579 1178 628 pectore
1213 573 1347 615 dicta:

56 631 152 673 Heu
186 632 363 684 stirpem
403 631 602 683 invisam,

643 635 685 672 et
719 631 820 673 fatis
855 633 1073 674 contraria
1112 632 1271 673 nostris

54 689 164 730 Fata
202 688 439 742 Phrygum!
471 703 572 729 num
611 688 746 741 Sigeis
781 689 1034 731 occumbere
1068 689 1243 742 campis,

54 746 167 787 Num
204 746 319 810 capti
358 749 541 800 potuere
579 746 702 799 eapi²
742 760 843 787 num
877 746 1051 788 incensa
1091 746 1295 788 clemaxit

1613 748 1695 786 205

53 803 183 845 Troia
212 803 356 845 viros?
392 803 554 845 medias
590 803 703 845 acies
740 803 990 857 mediosque
1026 817 1103 857 pei
1141 804 1262 857 ignes

480 862 552 912 At,

54 861 234 902 Invenei
237 874 258 902 e
295 875 320 900 v
322 861 420 902 iam.
599 875 644 902 01
648 860 746 911 edo,

54 919 186 960 Fessa
226 918 385 970 iacent,

786 874 881 902 mea
920 862 1095 903 numina
1124 837 1299 903 taondem

427 917 536 959 odiis
576 922 651 959 aut
689 921 940 960 exsaturata
973 918 1117 972 quievi
1141 942 1199 949 —

55 976 168 1026 Quin
208 976 339 1017 etiam
376 976 520 1031 patria
555 989 754 1017 excussos
788 975 946 1017 infesta
980 989 1058 1028 per
1096 975 1233 1016 undas

56 1034 173 1074 Ausa
207 1033 347 1086 sequi,

390 1036 431 1074 et
465 1032 661 1086 profugis
694 1036 787 1074 toto
820 1046 886 1074 me
921 1046 1136 1085 opponere
1175 1033 1320 1085 ponto.

1615 1036 1697 1073 300

55 1090 321 1144 Absumptae
361 1089 406 1131 in
441 1090 625 1131 Teucros
657 1090 767 1131 vires
805 1090 998 1142 caelique
1034 1089 1264 1142 marisque.

57 1147 169 1199 Quid
206 1148 352 1202 Syrtes
391 1150 467 1189 aut
506 1146 646 1201 Scylla
683 1146 806 1198 mihi,
842 1146 947 1200 quid
980 1150 1104 1188 vasta
1145 1144 1382 1200 Charybdis

58 1273 130 1294 mes
147 1263 180 1294 in
201 1262 296 1305 equis
310 1263 467 1294 redeunt.
516 1265 577 1293 Ubi
591 1268 641 1293 est
661 1264 693 1293 in
706 1264 853 1293 Aeneide

57 1319 178 1340 versus
204 1311 428 1348 imperfectus,
455 1310 508 1346 qui
532 1311 572 1339 sit
597 1311 641 1340 ita
667 1310 851 1338 formatus?

59 1388 274 1420 256—322.
325 1389 412 1418 Iuno
447 1387 550 1427 irata,
585 1387 677 1428 quod
717 1387 853 1419 Aeneas

58 1432 173 1465 saltus
216 1434 252 1465 in
294 1433 427 1465 ltaliam
466 1433 676 1474 pervenerit,
722 1431 853 1465 bellum

398 1482 506 1520 parat.

101 1536 179 1566 286.
210 1535 299 1566 Ecce
324 1537 363 1566 cf.
389 1537 429 1574 2,
462 1536 516 1566 57.
541 1552 586 1557 -—
625 1534 777 1566 Inachiis
810 1534 852 1566 ab

60 1581 182 1624 Argis.
240 1584 346 1618 Prope
388 1584 501 1619 Argoa
536 1583 759 1618 Peloponnesi
794 1583 854 1611 fiu-

58 1636 131 1657 men
158 1632 227 1657 erat
252 1630 414 1663 Inachus;
441 1634 470 1657 et
496 1631 652 1662 Inachus,
680 1629 803 1657 Oceani
822 1633 852 1657 et

59 1674 206 1703 Thetidis
231 1674 333 1711 filius,
364 1675 470 1709 Argos
503 1675 618 1703 dicitur
652 1675 853 1703 condidisse.

59 1721 96 1748 In
118 1727 158 1748 ea
185 1721 263 1748 urbe
296 1721 377 1748 Iuno
408 1720 566 1755 imprimis
596 1721 780 1756 colebatur.
809 1720 854 1748 ita

61 1769 94 1793 ut
119 1773 161 1793 ex
191 1766 364 1793 sacerdote
390 1765 510 1794 femina
534 1766 673 1800 eiusque
709 1766 853 1794 muneris

61 1810 152 1838 initio
175 1817 280 1838 auritos
315 1811 442 1844 publice
479 1815 697 1840 numerarent.
753 1813 851 1840 Erant

61 1856 147 1884 aliae
171 1857 268 1883 urbes
292 1856 370 1889 Argi
392 1858 515 1890 plures.
530 1872 575 1876 —
590 1855 772 1895 referebat.
804 1858 853 1885 Ab

63 1901 162 1934 Argis
196 1901 324 1929 videtur
357 1902 583 1935 Carthaginem
623 1903 854 1937 contendisse3

63 1947 106 1975 dii
147 1946 232 1974 enim
269 1947 344 1974 loca
378 1947 555 1981 praecipue
595 1952 704 1975 amata
745 1948 855 1975 ordine

63 1992 182 2026 quovis
214 1999 299 2020 anno
331 1991 492 2019 visebant.
554 1991 603 2020 Cf.
634 1993 673 2020 de
705 1993 857 2026 Apolline

64 2036 96 2074 4,
130 2035 206 2065 143.
263 2038 354 2065 Bene
382 2042 489 2065 autem
515 2037 624 2073 Argis,
655 2039 856 2065 Graecorum

65 2085 143 2112 urbe
194 2084 382 2111 redeuntem
425 2084 584 2111 Iunonem
629 2082 714 2117 tingit
762 2087 858 2117 poeta

63 2128 185 2157 exacui
210 2128 274 2160 ira,
309 2135 464 2156 caussam
505 2128 590 2156 enim
625 2129 720 2156 tacite
760 2128 858 2163 addit,

64 2181 123 2203 cur
141 2174 223 2202 irata
249 2174 291 2202 sit
318 2175 389 2202 dea.
440 2175 502 2202 Pro
534 2173 620 2202 caris
650 2173 734 2201 enim
760 2173 858 2205 Argis

66 2220 165 2253 timet,
188 2228 272 2254 quos
297 2227 317 2248 a
345 2219 497 2248 Troianis
523 2219 595 2247 51νο
622 2219 780 2248 Romanis
810 2219 859 2246 vi-

64 2271 151 2295 ctum
172 2266 210 2293 iri
237 2265 406 2301 praevidet
432 2265 492 2300 (cf.
517 2263 559 2301 6,
584 2262 651 2293 839
677 2266 772 2294 eruet
799 2260 860 2292 ille

65 2309 218 2351 Argos).
267 2313 357 2339 Hanc
383 2312 422 2338 ob
444 2317 600 2339 caussam
623 2310 741 2344 ubique
766 2312 859 2346 Iuno,

66 2356 95 2385 si
121 2356 272 2385 Troianis
295 2355 423 2390 fingitur
450 2357 602 2392 adversa.
629 2356 754 2390 Argiva
781 2356 860 2383 dici-

67 2406 135 2430 tur:
166 2402 362 2436 omninoque
387 2405 443 2430 aut
477 2406 609 2436 propter
632 2403 778 2430 Graecos
806 2404 860 2429 aut

67 2450 200 2482 propter
214 2448 346 2475 Poenos
359 2448 555 2475 adversatur
570 2447 737 2475 Romanis.
772 2448 860 2476 Con-

67 2496 117 2520 tra
141 2491 168 2528 1,
200 2491 238 2520 16
255 2494 373 2520 Samos
399 2496 429 2520 et
447 2488 613 2527 Carthago
631 2497 861 2528 comparamur

67 2539 159 2567 nulla
183 2538 308 2566 ratione
333 2537 443 2565 habita
466 2538 694 2566 Troianorum.

113 2581 190 2612 288.
219 2581 325 2623 longe
342 2584 467 2621 FRybc.
493 2598 546 2619 —‚
569 2580 676 2623 longo
702 2585 743 2612 Μ.
770 2585 859 2618 proh.

71 2626 131 2658 Hs.
160 2625 243 2668 Hpt.
280 2643 325 2647 —-
358 2624 482 2669 Longe
515 2626 714 2667 prospicere
745 2629 862 2663 legitur

69 2675 165 2703 etiam
190 2672 240 2711 11,
263 2672 330 2702 909
357 2677 387 2702 01
417 2672 451 2710 1,
482 2672 538 2701 181
569 2677 619 2702 est
642 2675 861 2714 prospectum

70 2717 142 2750 late
162 2716 263 2760 petit.
291 2734 335 2738 -—
364 2715 490 2760 Longo
523 2718 651 2747 videtur
681 2727 723 2748 ex
752 2727 861 2748 errore

71 2766 280 2795 scribentium
302 2768 423 2794 ortum.
456 2764 617 2798 ingratum
645 2767 683 2793 ol)
716 2773 861 2799 sequens

75 2808 193 2840 siculo
208 2813 239 2840 et
260 2807 421 2850 Pachyno
481 2810 521 2838 cf.
546 2808 622 2838 486.
659 2811 861 2846 Quamquam

71 2853 190 2886 aether
241 2853 370 2895 longus
417 2855 608 2889 intelligitur
654 2860 686 2884 ut
734 2853 862 2896 longus

78 2898 245 2942 Olympus
272 2904 308 2931 G.
336 2900 368 2937 3,
398 2900 464 2930 223
492 2901 510 2930 i.
537 2909 565 2929 e.
593 2902 719 2931 caelum
745 2905 862 2931 exten-

73 2954 157 2976 sum.

946 1262 1024 1292 289.
1053 1265 1160 1299 Prope
1179 1265 1370 1298 Pachynum
1399 1265 1529 1293 Siculae
1546 1273 1697 1299 promon-

902 1309 1017 1338 torium
1056 1314 1283 1345 praetervecta
1315 1310 1346 1338 in
1378 1313 1529 1344 aethere,
1562 1312 1698 1339 Aeneae

899 1355 931 1383 in
957 1355 1050 1383 Latio
1077 1356 1253 1391 conspexit
1279 1357 1434 1385 classem.
1460 1372 1503 1375 —
1528 1354 1570 1385 ub
1592 1364 1699 1395 usque

901 1401 943 1429 cf.
973 1400 1023 1437 11,
1050 1400 1128 1430 262.

945 1456 1022 1487 290.
1038 1455 1155 1497 fidere
1182 1472 1224 1478 —
1251 1454 1464 1487 deseruisse.-
1492 1458 1596 1487 Abest
1620 1459 1699 1486 suh-

901 1503 1020 1532 iectutn
1044 1503 1084 1532 cf.
1109 1503 1140 1540 2,
1168 1501 1198 1532 3.

946 1559 1023 1589 291.
1049 1558 1165 1589 stetit.-
1201 1561 1311 1597 „quod
1335 1561 1420 1589 solet
1446 1568 1523 1589 esse
1550 1561 1699 1595 cogitan-

900 1604 1014 1634 1111111.“
1041 1608 1072 1634 S.
1100 1605 1141 1634 cf.
1173 1604 1200 1641 1,
1226 1604 1303 1634 226.

946 1660 1024 1691 292.
1056 1660 1171 1702 Caput
1196 1670 1365 1702 quassare
1390 1663 1558 1691 renuentis
1575 1667 1603 1690 et
1624 1669 1699 1696 gra—

900 1709 985 1737 viter
1015 1708 1151 1736 ferentis
1186 1712 1253 1740 051;
1297 1708 1342 1736 ita
1375 1707 1433 1739 12,
1476 1707 1553 1736 894.
1591 1710 1697 1736 Plaut.

900 1757 999 1783 Mero.
1028 1752 1059 1786 3.
1095 1752 1133 1789 4,
1160 1752 1200 1781 15
1243 1750 1369 1781 Tristis·
1400 1751 1549 1786 incedit,
1579 1755 1700 1792 pectus

901 1797 1013 1833 ardet,
1042 1795 1186 1835 haereo,
1208 1800 1353 1838 quassat
1379 1801 1496 1838 caput.
1519 1813 1563 1819 —-
1581 1796 1697 1838 effun-

902 1842 954 1874 dit
980 1844 1020 1873 cf.
1044 1843 1076 1882 5,
1100 1843 1177 1872 482.

948 1899 1026 1929 293.
1051 1897 1157 1940 stirps
1182 1901 1220 1928 de
1251 1907 1371 1935 genere
1406 1900 1446 1928 ef.
1474 1898 1526 1930 12,
1552 1899 1630 1928 208.
1658 1915 1700 1919 m

898 1945 982 1984 sata
1002 1943 1098 1984 fatis
1118 1944 1310 1975 contraria.
1357 1948 1437 1975 Fata
1461 1946 1544 1973 inter
1569 1952 1606 1973 50
1633 1947 1701 1974 dis-

904 1992 1013 2020 sidere
1054 1996 1231 2025 nequeunt.
1303 1993 1418 2025 Itaque
1462 1991 1510 2020 510
1550 1992 1697 2025 explica:

903 2039 985 2065 Fata
1011 2037 1212 2065 constituunt
1235 2037 1397 2066 Troianos
1422 2045 1488 2065 11011
1515 2037 1627 2071 deleri,
1644 2039 1701 2065 de-

904 2082 964 2110 leri
979 2089 1038 2109 eos
1058 2089 1140 2115 quos
1159 2081 1268 2110 foveo.
1317 2082 1449 2111 Sicillis
1468 2083 1607 2111 victoria
1634 2082 1700 2112 fato

906 2131 980 2155 stat.
1006 2127 1057 2154 1115
1086 2127 1260 2161 pernicies.
1318 2128 1388 2155 Hoc
1417 2131 1466 2155 051
1492 2129 1699 2156 contrarium.

950 2170 1028 2200 294.
1057 2169 1204 2211 Sigeum
1255 2175 1285 2199 et
1326 2173 1508 2200 Rhoeteum
1560 2174 1700 2201 Troadis

906 2218 1138 2252 promontoria.
1170 2232 1216 2236 ——
1257 2217 1379 2245 Similis
1416 2219 1513 2245 locus
1552 2218 1648 2245 Ennii
1683 2225 1700 2246 a

906 2262 1073 2292 Macrohio
1112 2262 1150 2297 6,
1188 2260 1203 2290 1
1247 2262 1392 2290 affertur:
1456 2259 1554 2299 Quae
1590 2271 1702 2302 neque

912 2304 1109 2337 Dardaniis
1135 2305 1268 2347 campis
1291 2309 1436 2347 potuere
1458 2305 1594 2347 μοι-ἶνες
1635 2306 1702 2337 ‚Nec

907 2362 1011 2393 quum
1038 2355 1154 2392 capta,
1181 2350 1283 2392 capi‚·
1307 2360 1367 2381 nec
1383 2360 1485 2392 quum
1513 2351 1702 2391 combusta,

907 2396 1092 2428 ct·emari.“
1141 2401 1233 2427 111051
1261 2398 1295 2426 111
1326 2398 1377 2426 his
1406 2398 1518 2426 verbis
1556 2400 1701 2427 laudatio

906 2446 1146 2481 Romanorum,
1172 2444 1227 2478 qui
1251 2444 1350 2472 nullis
1378 2444 1617 2472 calamitatibus
1646 2446 1702 2472 de-

907 2490 1012 2527 primi,
1040 2498 1100 2518 nec
1126 2490 1206 2518 victi
1236 2496 1254 2518 a
1282 2491 1367 2517 bello
1400 2490 1560 2518 decedere
1587 2494 1616 2517 et
1645 2497 1703 2525 pa-

910 2543 980 2565 cem
1008 2543 1125 2570 rogare
1150 2539 1333 2570 potuerunt.

952 2580 1030 2610 297.
1054 2589 1129 2610 mea
1163 2577 1309 2609 numina
1338 2579 1379 2608 cf.
1406 2578 1434 2615 1,
1460 2578 1481 2608 4
1505 2581 1592 2615 „Nec
1629 2579 1704 2608 sati-

908 2632 985 2662 gata
1010 2627 1120 2656 destiti
1144 2634 1205 2655 nec
1230 2626 1350 2654 satiata
1375 2626 1558 2659 requievi.··
1586 2628 1618 2653 S.

954 2670 1030 2701 298.
1057 2673 1264 2701 exsaturata
1291 2671 1331 2699 cf.
1358 2670 1389 2703 ἴ),
1418 2670 1495 2700 781.

954 2717 1032 2746 299.
1055 2718 1189 2754 „Redde
1215 2717 1289 2745 huic
1321 2718 1394 2744 loco
1419 2716 1484 2745 vim
1508 2716 1703 2746 rhetoricam

908 2768 938 2792 01
964 2764 1074 2792 5011110
1103 2760 1246 2800 Quaene
1271 2759 1415 2791 etiam.“
1466 2758 1521 2791 Pl.

956 2807 1033 2837 301.
1060 2808 1164 2836 simili
1196 2809 1292 2836 modo
1339 2809 1530 2837 Cassandra
1562 2808 1703 2836 omnium

908 2854 1137 2883 infelicissima
1168 2853 1259 2881 dicit:
1306 2850 1462 2882 Fortuna
1493 2851 1584 2882 vires
1610 2851 1706 2892 ipsas

909 2897 1123 2940 consumpsit
1150 2907 1232 2928 suas
1262 2905 1310 2928 sc.
1346 2899 1377 2928 in
1412 2906 1462 2928 11ιο
1487 2901 1564 2927 Seu.
1587 2900 1703 2931 Agant.

911 2945 987 2974 697.
