2023 3350
259 128 341 168 372

826 125 863 156 P.
889 124 1085 156 VIRGILI!
1113 125 1183 158 MA
1190 124 1327 158 RONIS

258 238 390 280 Ducit
422 236 623 291 Agyllina
657 235 951 289 nequidquam
986 249 1038 277 ex
1074 237 1180 280 urbe
1216 242 1384 281 secutos

258 296 376 337 Mille
411 295 542 345 viros,
583 293 756 346 dignus,
796 293 950 347 patriis
986 293 1060 346 qui
1098 296 1254 338 laetior
1292 300 1405 338 esset

257 351 475 406 Imperiis,
517 354 559 392 et
592 351 659 392 cui
693 354 820 404 pater
859 351 977 392 haud
1012 351 1247 395 Mezentius
1282 357 1405 396 esset.

374 409 480 449 Post
517 408 598 450 hos
636 409 848 462 insignem
883 408 1030 462 palma
1065 424 1143 464 per
1181 412 1378 464 gramina
1417 423 1589 452 currum
1826 411 1850 448 6

1857 412 1879 449 Gt

1885 411 1908 448 ι’(

258 466 545 519 Victoresque
582 469 773 508 ostentat
810 479 942 520 equos
977 470 1097 509 satus
1131 467 1317 510 Hercule
1355 469 1537 522 pulchro

257 523 441 565 Pulcher
469 524 726 575 Aventinus,
766 523 991 577 clipeoque
1025 524 1194 579 insigne
1232 530 1461 579 paternum

258 581 439 623 Centum
477 595 638 635 angues
676 582 951 634 cinctamque
986 583 1097 634 gerit
1132 583 1405 636 serpentibus
1443 582 1660 638 Hydram,

259 638 392 681 Collis
426 639 627 680 Aventini
663 639 770 680 silva
807 653 934 692 quem
970 639 1090 682 Rhea
1127 640 1329 682 sacerdos

257 697 480 738 Furtivum
513 699 645 750 partu
681 697 760 739 sub
798 697 972 738 luminis
1007 697 1143 740 edidit
1178 712 1289 750 oras,

1826 699 1911 739 660

257 754 397 795 Mixta
434 753 514 795 deo
550 754 723 806 mulier,
762 758 994 808 postquam
1025 756 1262 798 Laurentia
1303 755 1442 796 victor

259 811 457 866 Geryone
493 812 706 854 exstincto
742 812 990 867 Tirynthius
1027 814 1175 867 attigit
1210 827 1326 865 arva,

257 869 569 924 Tyrrhenoque
604 869 734 911 boves
770 870 814 911 in
850 869 1023 912 flumine
1061 872 1168 913 lavit
1206 871 1369 913 Iberas.

257 927 352 969 Pila
391 941 522 969 manu
557 941 793 982 saevosque
833 930 987 981 gerunt
1024 928 1069 970 in
1107 929 1221 971 bella
1260 929 1450 980 dolones,

258 985 315 1027 Et
353 985 482 1028 tereti
515 989 712 1040 pugnant
745 999 949 1027 mucrone
984 1000 1172 1042 veruque
1210 986 1395 1030 Sabello.

305 1101 382 1132 652.
414 1100 660 1143 Nequidquam
703 1108 883 1138 sequuntur
916 1105 957 1142 ii,
1006 1106 1061 1140 qni

259 1150 425 1178 dominum
448 1157 513 1177 non
533 1156 554 1178 a
579 1154 680 1178 morte
705 1150 888 1178 defendunt.

306 1193 383 1224 653.
410 1191 538 1224 laetior
559 1192 692 1235 patriis
717 1193 891 1235 imperiis,
917 1195 972 1230 qui
994 1204 1062 1224 me-

259 1241 340 1269 liore
373 1240 475 1275 patris
507 1241 643 1275 imperio
675 1242 866 1278 laetaretur,
905 1246 1059 1270 uteretur.

262 1301 300 1306 ——
327 1288 414 1315 esset
445 1302 489 1305 -—
518 1289 606 1315 esset
637 1286 676 1315 cf.
703 1284 741 1324 8,
778 1285 853 1315 396.
904 1288 1060 1316 Consulto

259 1333 396 1361 eandem
409 1331 536 1367 repetiit
552 1332 698 1361 formam.
736 1330 786 1361 Pl.
813 1333 895 1361 coni.
917 1330 1062 1372 dignus,

257 1375 390 1418 patriis
415 1375 473 1406 cui
491 1374 618 1407 laetior
640 1380 739 1407 actas
755 1375 916 1418 Imperiis
934 1380 965 1408 et
982 1376 1063 1418 quoi

258 1425 363 1463 pater
387 1420 485 1452 haud
510 1420 707 1453 Mezentius
732 1426 829 1453 esset.

424 1500 489 1531 655
503 1517 547 1521 —-
562 1499 639 1531 669.
688 1498 898 1533 Aventinus.

308 1556 385 1588 656.
413 1555 630 1588 Aventinus.-
665 1566 685 1587 a
708 1560 849 1596 Virgilio
875 1560 981 1589 fictum
1005 1569 1063 1589 no-

260 1612 351 1642 men,
377 1608 409 1633 et
433 1604 543 1634 omnia
567 1611 650 1639 quae
677 1606 714 1634 de
738 1614 774 1635 eo
799 1611 984 1635 narrantur.
1028 1608 1062 1635 Is

260 1651 357 1679 etiam
395 1658 427 1679 v.
468 1648 534 1678 660
570 1658 590 1678 a
624 1656 731 1680 monte
768 1660 884 1680 nomen
922 1652 1062 1687 sumpsit

262 1701 418 1733 eratque,
454 1699 486 1724 ut
518 1697 613 1724 tradit
641 1699 692 1734 S.,
726 1697 913 1726 Aventinus
944 1698 1064 1732 aliquis

260 1746 313 1770 aut
348 1749 409 1770 rex
439 1741 674 1778 Aboriginum,
713 1747 766 1771 aut
801 1744 924 1780 Albae,
964 1749 995 1771 et
1030 1744 1062 1772 in

259 1792 368 1816 monte
407 1788 578 1823 sepultus,
629 1788 683 1822 qut
722 1789 751 1816 id
792 1796 912 1817 nomen
952 1789 1063 1817 tenuit.

260 1835 331 1861 Hoc
349 1833 474 1861 firmant
489 1833 584 1861 Dion.
609 1832 637 1869 1,
664 1832 718 1861 71.
761 1835 830 1862 Liv.
858 1834 887 1871 l,
913 1834 943 1863 3.
995 1836 1063 1863 Ad-

260 1882 396 1908 venerat
416 1879 605 1907 Aventinus
630 1879 725 1913 equis
752 1885 781 1907 et
809 1888 917 1917 curru,
944 1881 1063 1914 quibus

260 1925 434 1953 victoriam
469 1926 717 1960 reportaverat,
751 1930 781 1953 et
811 1930 950 1954 ostentat
979 1935 1062 1961 eos;

260 1978 325 1999 non
360 1970 468 1998 minus
501 1971 661 2008 clipeum,
698 1971 730 1999 in
761 1979 824 2005 nuo
860 1973 967 2006 hydra
1006 1973 1064 2000 illa

260 2018 428 2052 Lernaea,
457 2022 554 2050 quam
581 2021 674 2050 pater
699 2017 882 2054 occiderat,
913 2021 981 2046 erat
1005 2019 1064 2046 de-

261 2062 358 2096 picta.
406 2062 455 2089 De
498 2061 683 2095 insignibus
721 2063 902 2097 clipeorum
949 2063 989 2092 cf.
1031 2062 1063 2102 2,

260 2105 337 2135 392.
387 2107 437 2135 Ita
461 2110 491 2134 et
518 2108 624 2135 medio
652 2115 738 2136 aevo
772 2109 900 2142 equites
928 2111 967 2137 ab
991 2109 1062 2138 ani-

261 2153 404 2181 malibus
439 2152 562 2181 occisis
599 2160 662 2182 sua
696 2153 839 2188 insignia
869 2156 1063 2190 depromere

261 2200 433 2233 amabam3
461 2205 523 2227 nec
546 2198 654 2228 minus
678 2199 732 2227 filii
760 2205 887 2234 patruni
909 2208 1064 2229 assume-

260 2246 337 2272 bant
370 2243 533 2281 insignia,
576 2245 660 2273 unde
700 2249 772 2273 orta
811 2250 885 2275 sunt
919 2247 1065 2281 insignia

262 2297 419 2325 generum
458 2294 629 2325 perpetua.
677 2293 840 2320 Fecerunt
872 2292 902 2321 id
940 2293 996 2321 filii
1034 2297 1062 2321 et

262 2336 383 2371 pietate
411 2335 515 2371 ducti,
559 2340 588 2364 et
623 2337 709 2371 quod
741 2336 842 2366 fortes
876 2345 895 2366 a
923 2338 1060 2367 fortibus

261 2381 369 2410 creari
393 2381 503 2415 opinio
521 2386 601 2418 erat,
629 2386 660 2410 ut
681 2390 725 2410 ex
750 2390 840 2411 more
857 2383 910 2412 filii
936 2388 1064 2419 patrum

262 2427 359 2456 tactis
378 2426 604 2461 gloriarentur.
629 2442 673 2446 —-
696 2425 830 2466 palma,
858 2430 1005 2465 victoria,
1033 2434 1064 2458 ut

260 2473 292 2508 5,
324 2471 378 2511 ¹1⁷0,
403 2473 488 2506 quod
514 2476 564 2502 est
592 2473 769 2507 praemium
794 2474 953 2503 victoriae
978 2480 1009 2504 ut
1031 2475 1064 2512 5,

261 2517 338 2547 346.
389 2518 457 2548 Cic.
490 2517 527 2546 ll
554 2519 636 2546 Phil.
663 2517 700 2555 5,
738 2518 774 2546 ll
803 2524 865 2549 etc.
912 2521 984 2549 Liv.
1013 2520 1064 2556 lo,

262 2563 305 2592 47
333 2560 450 2592 eodem
477 2571 570 2592 αηηο
596 2562 684 2599 [459
710 2571 739 2592 a.
757 2564 808 2599 u.)
824 2563 968 2604 palmae
991 2567 1063 2595 tum

259 2606 425 2649 primum,
450 2607 627 2638 translato
650 2617 667 2637 e
688 2606 839 2638 Graecia
866 2619 969 2647 more,
999 2609 1067 2640 uic—

260 2652 394 2684 toribus
416 2652 767 2695 timae—pulchro,
795 2655 913 2693 „forti“
941 2659 973 2685 S.
1024 2657 1065 2686 cf.

262 2707 294 2728 v.
322 2699 399 2728 761.
531 2707 535 2711 ’

306 2744 381 2774 657.
409 2745 600 2774 simillimus
624 2749 674 2774 est
699 2748 796 2775 locus
823 2746 892 2775 Silii
918 2745 958 2782 2,
988 2746 1062 2783 156,

261 2791 317 2820 ubi
348 2791 500 2821 Herculis
539 2792 706 2821 sacerdoti
737 2792 858 2821 Teroni
894 2793 1062 2829 „exuviae

262 2837 361 2872 capiti
389 2837 564 2873 impositae
598 2841 793 2872 tegmenque
833 2838 940 2867 leonis
969 2839 1062 2867 terri-

262 2882 358 2910 bilem
402 2884 551 2912 attollunt
595 2885 734 2912 excelso
771 2883 896 2912 vertice
936 2884 1059 2913 rictum.

262 2928 398 2956 centum
439 2935 566 2963 angues
603 2929 688 2957 idem
727 2931 890 2958 caelatum
929 2929 1060 2965 insigne

263 2975 393 3005 gerebat
419 2974 450 3002 in
473 2974 580 3009 clipeo
609 2979 640 3003 et
668 2974 770 3003 sectis
793 2975 955 3009 geminam
987 2983 1060 3004 ser-

263 3019 412 3051 pentibus
438 3018 608 3054 hydramf·
657 3022 769 3055 Neque
805 3025 913 3049 tamen
950 3029 992 3051 ex
1017 3030 1056 3050 eo

1827 987 1909 1026 665

1107 1105 1160 1134 hie
1201 1103 1350 1135 cinctam
1389 1104 1422 1133 in
1459 1105 1587 1132 sectam
1627 1104 1816 1131 mutandum
1849 1106 1913 1139 est,

1108 1152 1194 1186 quod
1220 1151 1296 1180 fecit
1327 1147 1397 1187 PL,
1430 1157 1537 1183 neque
1564 1148 1649 1177 enim
1675 1156 1819 1178 necesse
1842 1152 1912 1177 erat

1110 1198 1235 1225 victum
1261 1199 1449 1231 serpentem
1486 1195 1591 1229 pingi,
1633 1196 1694 1223 sed
1730 1195 1809 1224 vivo
1845 1202 1911 1223 non

1108 1243 1218 1271 minus
1239 1250 1293 1271 res
1322 1245 1448 1277 poterat
1475 1240 1624 1269 indicari.

1155 1287 1231 1316 659.
1263 1284 1362 1316 Rhea
1389 1284 1561 1315 sacerdos¹
1616 1287 1651 1314 ln
1679 1289 1827 1321 promptu
1862 1289 1914 1314 est

1109 1334 1312 1369 comparatio
1337 1341 1410 1361 cuin
1430 1333 1524 1360 Rhea
1542 1332 1657 1369 Silvia,
1688 1332 1819 1360 Romuli
1842 1338 1914 1360 ma·

1109 1384 1174 1414 tre;
1208 1379 1403 1414 praesertim
1432 1385 1529 1412 quum
1555 1380 1645 1407 Mars
1670 1385 1744 1406 cum
1770 1379 1913 1406 Hercule

1109 1426 1218 1454 multis
1241 1424 1450 1453 caerimoniis
1470 1423 1690 1452 confundatur
1710 1423 1751 1452 cf.
1777 1422 1810 1461 8,
1834 1422 1912 1451 285.

1155 1471 1231 1499 660.
1254 1468 1429 1509 furtiuum
1456 1469 1496 1497 cf.
1524 1468 1562 1507 6,
1593 1468 1670 1497 568.
1692 1484 1739 1488 -
1770 1465 1915 1498 luminis

1110 1524 1210 1546 oras.-
1241 1518 1289 1545 lta
1316 1518 1350 1545 G.
1378 1514 1416 1551 2,
1442 1513 1485 1543 47
1508 1515 1635 1543 Ennius
1661 1522 1714 1551 ap.
1739 1515 1805 1544 Cic.
1831 1516 1913 1550 Rep.

1113 1562 1149 1599 1,
1186 1560 1247 1599 41,
1287 1560 1342 1590 64.
1391 1562 1488 1589 Lucr.
1526 1560 1560 1597 l,
1601 1559 1656 1589 23.
1713 1560 1785 1590 171.
1837 1559 1912 1589 180.

1109 1608 1147 1645 ὃ,
1172 1607 1250 1637 779.
1306 1606 1392 1635 1388
1416 1611 1478 1635 etc.
1530 1607 1600 1635 val.
1630 1608 1677 1635 Fl.
1702 1604 1739 1644 4,
1766 1605 1844 1635 702.
1869 1622 1914 1626 -

1111 1656 1160 1683 De
1185 1662 1269 1682 voce
1295 1661 1357 1682 ora
1384 1652 1425 1681 cf.
1449 1651 1488 1688 2,
1519 1651 1597 1680 282.

1156 1698 1232 1728 661.
1259 1696 1418 1736 „dhrim
1454 1695 1616 1737 μιγεῖσα,
1656 1699 1783 1726 Graece
1821 1697 1913 1726 dixit.

1114 1742 1243 1774 Mulier
1277 1744 1529 1781 compendiose,
1570 1744 1630 1771 deo
1663 1743 1846 1772 mortalis.⁴·
1879 1745 1913 1771 S.

1112 1806 1156 1810 -——
1188 1787 1385 1818 Laurentia
1423 1796 1510 1817 arva
1538 1789 1601 1817 dici
1627 1793 1765 1823 possunt
1795 1790 1913 1817 latiore

1112 1844 1215 1865 sensu
1242 1844 1298 1870 pro
1327 1840 1392 1863 toto
1418 1835 1520 1863 Latio.
1547 1833 1589 1863 cf.
1615 1833 1670 1863 47.
1718 1834 1837 1863 Melius
1863 1838 1914 1863 ta-

1112 1890 1185 1910 men
1215 1884 1267 1911 S.:
1305 1878 1528 1918 „Laurentia
1566 1887 1676 1909 arva:
1713 1881 1914 1909 Laurentum

1111 1928 1231 1957 civitas
1259 1927 1431 1962 plurimum
1458 1926 1570 1961 potuit.
1619 1928 1701 1955 Nam
1730 1926 1840 1955 omnia
1865 1926 1914 1954 vi-

1112 1974 1187 2002 cina
1233 1975 1310 2002 loca
1363 1973 1435 2001 eius
1482 1972 1619 2007 imperio
1664 1972 1912 2001 subiacuerunt.

1111 2020 1204 2048 Unde
1246 2026 1332 2048 nunc
1372 2018 1416 2049 ait
1452 2025 1534 2046 arva
1573 2018 1769 2055 Laurentia;
1815 2026 1913 2053 quum

1111 2066 1205 2094 iuxta
1227 2065 1368 2093 Tiberim
1395 2069 1543 2092 armenta
1574 2065 1737 2093 Hercules
1773 2064 1914 2098 paverit.

1111 2112 1299 2140 Secundum
1327 2110 1496 2144 antiquum
1522 2109 1619 2138 situm
1646 2115 1721 2138 ante
1744 2111 1862 2138 Albam
1883 2113 1913 2138 et

1109 2158 1248 2186 Romam
1275 2156 1404 2185 Tiberis
1429 2155 1621 2184 Laurentini
1642 2154 1699 2183 fuit
1726 2153 1914 2184 territorii.“

1157 2201 1234 2231 662.
1263 2204 1417 2236 Geryone
1445 2208 1523 2236 rege
1553 2200 1717 2229 exstincto
1751 2205 1782 2229 et
1804 2202 1912 2231 bobus

1114 2248 1288 2277 abstractis
1324 2248 1430 2275 redux
1467 2254 1510 2275 ex
1548 2246 1657 2275 Iberia
1691 2247 1842 2282 pervenit
1880 2247 1913 2276 in

1111 2294 1237 2323 ltaliam
1270 2294 1452 2329 Hercules,
1497 2292 1549 2320 ubi
1586 2293 1710 2321 Cacum
1741 2292 1913 2329 interfecit,

1112 2341 1150 2368 de
1177 2347 1240 2374 quo
1265 2338 1306 2367 ef.
1329 2338 1366 2374 8,
1405 2337 1467 2366 190
1489 2346 1539 2372 sa.
1589 2338 1714 2366 Dicitur
1742 2343 1849 2367 autem
1881 2343 1913 2368 et

1114 2388 1246 2419 Geryon
1269 2389 1298 2412 et
1327 2386 1499 2418 Geryones
1523 2383 1561 2419 83
1597 2382 1666 2412 202
1692 2389 1720 2412 et
1745 2385 1914 2420 tricorpo-

1113 2438 1180 2459 rem
1207 2437 1279 2458 eum
1304 2429 1411 2458 fuisse
1445 2431 1574 2458 tradunt
1600 2430 1673 2458 sive
1698 2431 1913 2465 tergeminum

1112 2476 1152 2513 8,
1177 2474 1254 2503 202.
1305 2477 1401 2504 Lucr.
1429 2474 1466 2511 5,
1489 2474 1542 2504 28.
1592 2475 1632 2504 cf.
1657 2475 1695 2512 6,
1721 2474 1801 2504 289.

1157 2519 1235 2549 663.
1267 2518 1443 2560 Tyrrheno
1461 2535 1505 2540 —-
1526 2517 1666 2550 [boras.-
1697 2523 1782 2550 Nota
1808 2529 1915 2556 oppo-

1112 2566 1177 2595 sita
1212 2567 1370 2595 extremis
1396 2567 1480 2595 locis
1507 2566 1625 2602 posita.
1677 2563 1828 2596 Hiberus
1860 2567 1911 2594 ed.

1115 2609 1177 2641 Rb.
1206 2616 1234 2640 et
1261 2615 1414 2641 lacunam
1440 2614 1470 2641 li.
1497 2613 1517 2641 l.
1547 2620 1625 2641 esse
1650 2613 1780 2649 statuit,
1810 2618 1911 2640 caus-

1112 2665 1250 2692 samque
1275 2659 1362 2686 addit
1390 2658 1472 2695 „Hic
1499 2658 1651 2687 desidero
1672 2658 1806 2686 militum
1827 2664 1911 2691 quos

1111 2704 1298 2732 Aventinus
1325 2704 1411 2733 ducit
1436 2704 1633 2733 mentionem
1660 2700 1836 2738 aliquatn.“

1157 2748 1235 2778 664.
1263 2746 1354 2778 Doto
1394 2754 1445 2779 est
1489 2749 1630 2787 „ingens
1661 2752 1792 2780 ,contus
1835 2756 1909 2777 cum

1108 2794 1195 2823 ferro
1221 2793 1454 2824 brevissimo.“
1503 2797 1605 2824 Varro
1633 2801 1686 2828 ap.
1713 2796 1807 2822 Serv.
1827 2795 1858 2822 b.
1887 2796 1908 2823 l.

1154 2839 1230 2869 665.
1264 2838 1367 2870 Teres
1383 2849 1502 2870 mucro
1520 2847 1644 2876 parvus
1661 2839 1805 2875 gladius,
1828 2847 1911 2875 qua-

1107 2886 1150 2914 lis
1173 2890 1243 2915 erat
1264 2890 1383 2921 postea
1406 2888 1639 2916 Romanorum.
1667 2899 1710 2904 —
1734 2892 1817 2914 veru
1843 2884 1911 2915 Sa-

1108 2928 1235 2960 bellum
1275 2932 1349 2966 quid
1382 2932 1458 2962 est?
1507 2930 1708 2960 Samnitibus
1741 2931 1910 2967 proprium

1107 2977 1164 3005 teli
1186 2984 1291 3011 genus
1319 2981 1388 3006 erat
1415 2972 1576 3014 σαυνίον,
1608 2976 1774 3006 Samnites
1799 2981 1910 3006 autem

1109 3025 1315 3052 Sabellornin
1341 3030 1424 3058 gens
1456 3024 1537 3051 erat.
1588 3021 1628 3051 cf.
1661 3024 1778 3052 strabo
1807 3022 1844 3061 5,
1876 3022 1907 3051 3.
