2044 3329
792 46 1023 80 AENEIDOS
1048 48 1134 80 LIB.
1162 49 1189 82 1.

175 162 280 204 Post
304 161 408 203 mihi
431 174 518 202 non
542 159 670 201 simili
694 173 834 213 poena
858 160 1085 202 commissa
1107 159 1246 202 luetis.

175 219 392 260 Maturate
422 217 586 271 fugam,
609 217 787 271 regique
808 217 914 259 haec
943 217 1070 259 dicite
1100 220 1265 258 vestro:

174 277 270 317 Non
296 277 359 317 illi
383 275 608 329 imperium
633 274 776 329 pelagi
804 288 1060 329 saevumque
1084 273 1324 326 tridentem,

175 332 259 375 Sed
283 333 387 374 mihi
412 335 527 373 sorte
557 332 716 374 datum.
776 332 906 374 Tenet
932 333 1004 374 ille
1030 332 1232 374 immania
1261 346 1376 384 saxa,

175 390 371 442 Vestras,
401 390 534 441 Eure,
561 389 729 440 domos;
760 389 837 431 illa
864 404 908 432 se
934 390 1066 432 iactet
1096 390 1140 431 in
1168 390 1268 432 aula

1725 389 1804 428 140

173 448 330 489 Aeolus
360 450 402 488 et
432 447 577 488 clauso
606 450 829 488 ventorum
858 461 1028 489 carcere
1052 450 1213 501 regnet.

290 505 359 546 Sic
383 505 464 556 ait,
494 508 537 545 et
567 504 681 545 (licto
714 504 838 546 citius
862 505 1027 546 tumida
1054 518 1245 558 aequora
1266 505 1423 559 placat,

175 562 471 615 Collectasque
496 561 618 615 fugat
643 561 796 613 nubes,
825 561 1041 616 solemque
1069 561 1246 604 reducit.

176 619 408 673 Cymothoe
433 619 559 660 simul
589 622 632 660 et
655 619 805 660 Triton
831 620 1010 661 adnixus
1041 623 1165 661 acuto

172 676 419 718 Detrudunt
446 690 574 718 naves
611 676 811 730 scopulo:
846 678 959 719 levat
986 678 1077 730 ipse
1104 675 1301 727 tridenti,

173 735 230 776 Et
257 737 400 775 vastas
429 734 569 788 aperit
597 738 734 788 syrtes
763 738 805 775 et
833 737 1046 788 temperat
1071 747 1252 787 aequor,

172 792 315 846 Atque
342 791 449 833 rotis
475 806 660 833 summas
688 792 850 833 levibus
880 792 1119 846 perlabitur
1147 789 1297 832 undas.

172 849 234 890 Ac
258 849 390 891 veluti
418 863 572 903 magno
597 850 641 890 in
665 850 824 903 populo
851 864 980 903 quum
1006 862 1132 901 saepe
1161 850 1312 889 coorta
1341 849 1405 886 est

173 906 352 958 Seditio,
381 907 600 961 saevitque
627 907 778 948 animis
806 906 995 959 ignobile
1020 906 1188 958 volgus;

172 964 351 1018 Iamque
375 964 490 1005 faces
515 969 557 1006 et
581 978 684 1005 saxa
709 964 877 1014 volant,
906 962 1028 1003 furor
1054 975 1174 1003 arma
1203 959 1437 1002 ministrat:

1725 963 1805 1001 150

172 1022 298 1073 Tum,
328 1022 488 1075 pietate
519 1035 691 1074 gravem
715 1034 765 1061 ac
789 1020 952 1061 meritis
978 1020 1012 1061 si
1041 1019 1154 1060 forte
1181 1019 1319 1059 virum
1344 1030 1469 1070 quem

174 1079 461 1132 Conspexere,
490 1079 617 1120 silent
643 1078 907 1131 arrectisque
934 1076 1109 1118 auribus
1139 1075 1334 1126 adstant;

172 1136 250 1178 Ille
273 1136 385 1189 regit
412 1135 537 1177 dictis
569 1136 734 1176 animos
763 1139 806 1176 et
831 1138 1011 1188 pectora
1037 1134 1214 1175 mulcet:

175 1193 244 1236 Sic
272 1195 449 1235 cunctus
476 1193 620 1249 pelagi
649 1192 803 1235 cecidit
831 1192 998 1247 fragor,
1024 1205 1216 1246 aequora
1240 1192 1469 1244 postquam

173 1331 331 1363 multum.
354 1349 397 1353 —
418 1333 465 1363 Cf.
483 1342 516 1362 v.
530 1332 606 1362 249.
630 1349 673 1353 -—
688 1335 809 1362 Postea
833 1341 967 1368 gravem

173 1387 310 1415 poenam
335 1380 463 1416 dabitis,
489 1380 521 1409 si
546 1380 659 1408 iterum
687 1381 751 1408 tale
779 1380 852 1413 quid
878 1388 968 1408 com-

172 1425 340 1454 miseritis·
401 1422 474 1454 Mei
503 1423 639 1465 peccati
676 1422 733 1454 luo
767 1433 898 1465 poenas
932 1426 966 1455 C.

172 1472 237 1500 Att.
266 1471 304 1507 3,
329 1470 361 1499 9.

221 1516 295 1545 138.
320 1518 421 1545 sorte.
479 1517 548 1545 Hoc
580 1518 682 1545 verbo
717 1517 846 1545 videtur
879 1516 967 1545 illam

171 1562 307 1591 innuere
329 1562 528 1591 sortitionem
548 1563 587 1590 de
607 1563 724 1591 mundo
743 1563 826 1591 inter
841 1564 967 1599 Iovem,

171 1610 372 1646 Neptunum,
409 1609 579 1637 Plutonem
612 1608 749 1646 factam,
785 1608 826 1637 cf.
858 1610 897 1637 H.
929 1610 966 1637 Il.

172 1651 234 1689 15,
264 1653 334 1683 187.

219 1698 294 1728 140.
319 1701 453 1729 vestras
479 1697 575 1728 Eure
606 1696 734 1728 domos.

171 1746 383 1782 alloquimur,
422 1753 651 1780 nonnunquam
685 1752 783 1773 unum
816 1746 965 1773 nomina-

171 1799 264 1827 mus3
299 1791 345 1820 ita
375 1798 428 1826 ap.
455 1792 583 1826 vglium
617 1791 654 1827 9,
685 1789 764 1819 258.
794 1789 870 1819 525.
914 1788 966 1825 10,

174 1837 248 1864 188.
283 1833 345 1872 11,
369 1836 446 1865 686.
476 1836 515 1865 cs.
544 1839 597 1865 Gr.
624 1836 646 1871 S
669 1835 745 1864 211.
772 1852 816 1856 --
838 1833 965 1865 Aulam

173 1883 235 1911 dici
253 1888 378 1910 antrum
402 1890 467 1910 non
483 1882 658 1916 mirabere,
682 1883 811 1917 quando
838 1881 877 1917 8,
899 1879 966 1910 242

173 1929 367 1963 speluncam
414 1928 493 1956 caci
539 1926 674 1968 regiam
724 1928 786 1956 dici
833 1928 965 1962 legeris.

172 1970 292 2010 „Aula
317 1977 426 2002 autem
458 1975 621 2001 vocabulo
653 1973 802 2002 irridetur
826 1974 966 2009 Aeolus,

172 2019 320 2053 sequitur
343 2019 429 2047 enim
455 2026 608 2053 carcere‚·
639 2023 670 2047 et
693 2019 771 2047 nihil
794 2023 860 2047 tam
885 2028 966 2048 con-

171 2065 321 2101 trarium,
357 2064 386 2093 si
419 2064 610 2098 simpliciter
635 2063 892 2099 intelligamus.“
933 2067 966 2093 S.

171 2111 278 2139 Aeolo
303 2117 437 2144 regnum
464 2114 515 2138 est
542 2110 650 2139 clausi
675 2110 839 2146 carceris,
866 2117 965 2144 quare

172 2157 203 2185 ei
229 2160 347 2185 ventos
372 2164 437 2184 non
462 2156 540 2184 licet
565 2156 709 2184 emittere
731 2155 761 2183 in
787 2162 887 2184 mare.

221 2199 298 2230 144.
324 2198 494 2230 simul-et
510 2200 541 2238 5,
560 2201 637 2229 298.
662 2201 693 2237 8,
716 2200 790 2229 182.
820 2197 872 2236 12,
890 2199 966 2229 326.

171 2247 244 2275 Liv.
269 2246 307 2281 6,
335 2245 379 2275 40
404 2249 446 2276 31.
471 2262 514 2265 ——
541 2244 740 2286 simul-que
763 2246 800 2282 7,
826 2245 903 2274 340.
935 2246 967 2283 9,

791 1699 824 1727 Si
854 1700 967 1734 plures

171 2292 249 2321 358.
284 2289 336 2329 11,
369 2291 448 2321 294.
479 2290 556 2321 834.
593 2307 632 2312 —-
664 2289 903 2321 simul-simul
936 2289 968 2329 1,

172 2337 249 2366 513.
281 2354 326 2358 —
358 2340 493 2367 una-et
536 2334 592 2373 11,
625 2336 704 2366 863.
747 2353 790 2356 —
833 2327 967 2373 Triton,

172 2384 312 2418 Neptuni
342 2389 372 2412 et
396 2384 609 2419 Amphitrites
635 2383 829 2419 (salaciae)
861 2383 966 2419 filius;

172 2429 245 2457 eius
271 2429 375 2458 forma
407 2429 464 2466 10,
498 2429 576 2459 209.
609 2445 654 2449 —
692 2427 874 2468 Cymothoe
904 2437 968 2458 una

175 2474 357 2503 Nereidum.
405 2475 565 2510 „Nomina
588 2476 722 2503 deorum
744 2472 966 2513 [marinorum]

174 2522 364 2555 plerumque
395 2522 433 2549 de
465 2521 600 2550 caussis
627 2521 700 2549 fiunt
733 2521 805 2550 ficta
832 2523 871 2549 ab
898 2523 967 2549 ele-

174 2566 303 2601 mentis,
328 2573 410 2600 quae
430 2567 562 2595 nomina
577 2567 640 2595 dici
659 2568 794 2595 voluere
812 2567 966 2602 maiores,

175 2616 205 2640 ut
234 2612 414 2646 Cymothoe
439 2612 460 2640 i.
486 2620 514 2641 e.
539 2620 657 2641 cursus
690 2612 860 2649 fluctuum,
891 2605 965 2641 ἀπὸ

172 2652 239 2685 τοῦ
271 2650 372 2685 θέειν
400 2650 441 2685 τὸ
474 2653 582 2696 κῦμα.
605 2673 650 2677 ——
674 2656 859 2694 „Annixns
883 2658 968 2687 anti-

174 2709 272 2737 quum
295 2706 357 2736 est,
384 2706 415 2730 ut
443 2701 620 2739 connisus,
645 2704 762 2738 quihus
785 2704 880 2732 hodie
902 2712 967 2732 non

174 2749 301 2783 utimur,
325 2748 463 2778 dicimus
488 2748 575 2777 enim
601 2747 769 2779 annisu&
796 2753 829 2779 S.
853 2749 895 2779 cf.
912 2751 965 2779 Gr.

175 2793 197 2828 5
227 2792 299 2822 189.

222 2837 295 2868 145.
320 2839 461 2868 Pertinet
486 2840 526 2867 ad
550 2847 582 2868 v.
609 2838 684 2869 108.

222 2883 296 2914 146.
321 2885 465 2913 Pertinet
489 2886 528 2914 ad
557 2893 588 2913 v.
616 2884 681 2913 110
703 2893 754 2920 sq.

222 2929 297 2959 147.
321 2939 473 2960 summas
499 2928 633 2968 undas,
661 2931 702 2960 cf.
728 2939 759 2960 v.
792 2930 863 2961 110.

222 2974 295 3006 148.
322 2978 417 3012 „ng
461 2977 646 3013 tempestati
690 2978 802 3014 populi
843 2982 964 3008 motum

1015 1336 1193 1368 comparat.
1251 1331 1380 1360 Tullius
1415 1332 1536 1365 populo
1568 1333 1806 1367 tempestatem,

1015 1387 1072 1414 pro
1106 1379 1225 1407 Milone
1265 1378 1313 1412 (c.
1344 1375 1415 1410 2.):
1473 1373 1643 1415 Equidem
1677 1379 1807 1406 ceteras

1015 1427 1235 1464 tempestates
1269 1426 1298 1452 et
1328 1419 1501 1462 procellas
1536 1419 1570 1450 in
1600 1420 1672 1451 illis
1705 1421 1805 1451 durn-

1015 1472 1115 1499 taxat
1137 1466 1307 1508 fluctibus
1329 1465 1548 1496 contionum“
1582 1471 1615 1496 S.
1664 1470 1713 1496 Ita
1752 1476 1804 1504 ap.

1015 1518 1107 1545 Hom.
1130 1517 1166 1543 11.
1190 1514 1222 1550 2,
1248 1512 1310 1542 1-14
1334 1518 1364 1541 et
1384 1514 1441 1541 Sil.
1461 1513 1493 1551 7,
1513 1512 1579 1542 253
1597 1521 1646 1548 sq.
1672 1515 1806 1543 inversa

1015 1567 1065 1590 est
1091 1560 1301 1596 comparatio.
1354 1558 1401 1588 Ac
1432 1556 1541 1588 veluti
1569 1568 1671 1599 qaum
1703 1560 1744 1588 cf.
1773 1559 1806 1597 4,

1013 1606 1091 1636 402.
1111 1623 1155 1626 —
1173 1614 1314 1647 magno.
1359 1606 1438 1633 Inde
1463 1605 1566 1633 maior
1591 1605 1747 1640 strepitus
1774 1611 1804 1634 et

1014 1654 1118 1682 maior
1155 1652 1334 1681 auctoritas
1366 1651 1455 1688 eius,
1496 1651 1549 1684 qui
1584 1651 1732 1686 deprimit
1763 1667 1805 1671 —

1019 1698 1132 1739 Saepe
1161 1699 1193 1727 in
1218 1698 1462 1733 comparatione
1485 1701 1592 1731 potest
1614 1699 1722 1726 locum
1747 1700 1806 1727 113-

1013 1747 1106 1781 bere,
1140 1751 1237 1779 quum
1262 1744 1347 1778 quod
1380 1748 1606 1778 comparatur,
1639 1747 1750 1771 notum
1775 1747 1807 1772 et

1011 1791 1086 1819 inde
1117 1790 1254 1825 saepius
1285 1789 1404 1818 factum
1440 1797 1519 1817 esse
1553 1794 1710 1823 oporteat.
1759 1791 1806 1818 lta

1011 1836 1042 1871 5,
1068 1834 1146 1865 273.
1175 1836 1252 1864 527.
1292 1835 1324 1871 9,
1349 1833 1427 1863 723.
1480 1831 1541 1862 Ld.
1568 1835 1676 1869 jungit
1701 1843 1805 1874 quum

1010 1889 1114 1919 saepe
1142 1892 1185 1906 Ξ
1210 1878 1378 1919 quotiens
1432 1881 1484 1908 Sic
1511 1880 1625 1909 dicitur
1658 1881 1804 1915 quoties—

1011 1935 1139 1962 cunque
1182 1928 1303 1961 vulgus
1346 1926 1492 1961 saeviat,
1539 1926 1635 1955 toties
1682 1928 1805 1955 adesse

1010 1974 1115 2002 virum
1161 1980 1312 2009 gravem,
1353 1972 1406 2008 qui
1448 1972 1650 2007 comprimat.
1712 1973 1806 2007 Quod

1012 2020 1135 2048 utinam
1160 2019 1259 2047 tieret.

1062 2063 1134 2093 149.
1162 2061 1295 2093 Animis
1318 2064 1418 2093 sedes
1447 2062 1608 2092 indicatur
1631 2063 1804 2092 saevitiae.

1013 2110 1157 2138 Pluralis
1182 2110 1313 2143 dicitur,
1348 2110 1431 2143 quod
1465 2105 1597 2150 vulgus
1624 2113 1673 2138 est
1702 2111 1805 2138 colle-

1012 2156 1144 2184 ctivum.
1193 2156 1257 2183 Sed
1283 2155 1325 2183 cf.
1355 2153 1394 2190 2,
1421 2153 1498 2182 386.

1060 2200 1133 2229 150.
1158 2201 1199 2229 Ut
1229 2202 1292 2228 hoc
1323 2201 1397 2227 loco
1426 2197 1527 2235 faces
1551 2201 1722 2235 volantes,
1755 2200 1805 2229 sic

1013 2245 1046 2274 in
1072 2247 1207 2274 tumultu
1237 2248 1458 2273 memorantur
1490 2251 1509 2273 a
1538 2246 1697 2274 Cicerone
1725 2254 1804 2274 con-

1014 2289 1093 2320 iecti
1117 2289 1218 2332 ignes
1243 2291 1283 2319 ad
1304 2291 1369 2319 Att.
1397 2288 1436 2324 4,
1462 2289 1498 2325 3,
1523 2289 1559 2326 2,
1594 2290 1636 2319 cf.
1661 2290 1683 2325 S
1716 2290 1737 2319 6
1768 2292 1806 2319 ut

1013 2334 1104 2366 alios
1130 2345 1204 2365 curn
1229 2332 1382 2365 accensis
1399 2332 1542 2373 facibus
1564 2333 1753 2364 adduxerit
1775 2340 1806 2364 et

1013 2385 1090 2412 Tac.
1131 2380 1191 2417 14,
1228 2379 1272 2410 45
1315 2378 1526 2421 conglobata
1570 2378 1805 2417 multitudine,

1013 2436 1101 2458 saxa
1125 2430 1155 2457 et
1176 2426 1275 2464 faces
1299 2424 1494 2456 minitante.

1062 2473 1135 2503 151.
1166 2470 1331 2501 Gravitas
1369 2473 1484 2500 dicitur
1529 2473 1568 2501 de
1610 2474 1734 2501 honore
1774 2477 1806 2501 et

1014 2520 1216 2553 auctoritate,
1239 2526 1301 2552 qua
1319 2518 1391 2552 quis
1406 2518 1531 2554 fruitur,
1557 2518 1597 2546 cf.
1617 2519 1684 2547 Cic.
1704 2520 1742 2546 de
1758 2527 1804 2547 or.

1013 2565 1050 2601 2,
1079 2564 1134 2594 37.
1168 2566 1256 2593 Brut.
1289 2564 1342 2592 71.
1375 2572 1522 2603 gravem
1544 2566 1805 2602 ‚‚venerabilem,

1013 2613 1098 2641 unde
1128 2616 1157 2639 et
1183 2610 1444 2645 contemptibiles
1468 2606 1558 2638 leves
1583 2610 1744 2639 dicimus‘·
1771 2613 1803 2638 S.

1063 2656 1137 2686 152.
1162 2653 1304 2684 arrectis
1328 2653 1470 2684 auribus
1496 2655 1536 2684 cf.
1563 2655 1596 2692 2,
1628 2655 1700 2685 173.
1727 2655 1804 2684 206.

1015 2701 1091 2731 303.
1124 2699 1244 2741 arrige
1270 2709 1372 2730 aures
1396 2703 1470 2729 Ter.
1495 2702 1598 2730 Andr.
1625 2701 1662 2737 5,
1687 2700 1724 2735 4,
1749 2701 1803 2729 30.

1011 2749 1170 2784 Adrigere
1198 2747 1283 2775 enim
1316 2751 1367 2775 est
1391 2748 1582 2784 advertere,
1618 2749 1804 2782 attendere3

1010 2794 1052 2823 cf.
1083 2796 1163 2824 Sall.
1195 2794 1264 2827 lug.
1296 2792 1358 2829 68,
1392 2793 1424 2821 4.
1455 2790 1626 2833 praedam
1655 2791 1805 2833 benigne

1012 2842 1183 2874 ostentat;
1233 2836 1283 2868 ita
1323 2836 1450 2868 animis
1490 2847 1606 2868 eorum
1649 2836 1804 2867 arrectis.

1010 2884 1072 2921 84,
1100 2884 1130 2913 4.
1164 2892 1218 2913 eos
1252 2886 1448 2919 arrererat,
1482 2884 1502 2913 i.
1536 2892 1565 2913 e.
1599 2889 1739 2913 attentos
1773 2889 1803 2912 et

1010 2933 1141 2961 alacres
1176 2930 1379 2966 reddiderat,
1419 2930 1459 2959 cf.
1498 2939 1529 2959 v.
1556 2930 1633 2959 579.
1665 2930 1701 2966 5,
1726 2929 1802 2958 643.

1010 2994 1054 2998 —
1080 2975 1225 3007 adstant
1251 2973 1298 3005 da
1322 2973 1419 3006 stelin
1445 2976 1487 3006 cf.
1511 2975 1551 3012 3,
1577 2975 1653 3005 123.
