2023 3350
306 93 387 132 590

861 91 895 122 P.
922 92 1120 124 VIRGILII
1146 93 1352 127 MAROMS

305 203 488 245 Aedibus
520 201 721 243 adstabat
776 201 960 242 validam
997 202 1037 243 vi
1072 204 1250 258 corripit
1283 205 1464 258 hastam,

304 260 470 302 Actoris
508 260 693 300 Aurunci
729 259 930 312 spolium,
967 264 1227 314 quassatque
1261 266 1523 316 trementem,

307 316 572 358 Vociferans:
612 316 749 366 Nune,
786 329 809 357 ο
845 330 1064 369 nunquam
1101 317 1309 360 frustrata
1338 326 1512 363 vocatus
1863 321 1917 360 95

304 374 440 414 Hasta
470 386 604 423 meos,
641 386 753 414 nunc
785 377 952 427 tempus
989 374 1128 426 adest;
1161 378 1204 416 te
1240 377 1446 420 maximus
1484 380 1629 428 Actor,

304 431 360 471 Te
401 430 531 471 Turni
569 444 678 471 nunc
717 429 868 471 dextra
900 432 1019 484 gerit.
1076 432 1143 472 Da
1171 435 1356 475 sternere
1393 449 1547 490 corpus

302 487 580 541 Loricamque
617 501 745 529 manu
782 488 924 529 valida
964 488 1155 530 lacerare
1186 490 1392 531 revolsam

306 545 499 586 Semiviri
533 544 710 598 Phrygis
748 548 790 586 et
830 544 1004 587 foedare
1040 547 1083 587 in
1121 546 1294 600 pulvere
1334 548 1469 590 crines

303 602 504 643 Vibi-atos
544 602 680 643 calido
714 602 827 644 ferro
864 603 1122 657 myrrhaque
1153 602 1384 646 madentes.

1843 604 1921 643 100

304 660 381 700 His
418 660 561 713 agitur
599 659 737 711 furiis;
773 663 952 713 totoque
989 661 1178 702 ardentis
1215 660 1269 702 ab
1306 675 1379 703 ore

305 717 524 759 Scintillae
563 717 795 769 absistunt,
832 717 966 760 oculis
1002 719 1132 760 micat
1163 718 1332 760 acribus
1362 719 1483 772 ignis.

303 774 492 827 Mugitus
531 775 660 816 veluti
694 789 823 828 quum
858 776 997 829 prima
1029 777 1073 817 in
1111 776 1278 830 proelia
1314 779 1463 817 taurus

303 831 527 873 Territicos
566 832 647 873 ciet
677 837 805 886 atque
839 832 967 874 irasci
1002 833 1045 874 in
1075 846 1234 875 cornua
1263 836 1416 885 tentat,

304 888 481 930 Arboris
523 889 701 931 obnixus
736 895 906 942 trunco,
941 894 1174 944 ventosque
1209 891 1383 932 lacessit

1847 889 1926 928 105

304 946 465 988 Ictibus
504 950 579 989 aut
618 961 769 1000 sparsa
806 947 862 989 ad
895 962 1083 1002 pugnam
1119 948 1312 1002 proludit
1345 961 1487 989 arena.

418 1005 505 1046 Nec
537 1005 674 1046 minus
707 1005 872 1047 interea
910 1005 1114 1047 maternis
1150 1019 1298 1046 saevus
1333 1007 1376 1047 in
1410 1004 1538 1046 armis

304 1062 468 1103 Aeneas
507 1063 622 1103 acuit
658 1061 841 1104 Martem
877 1067 919 1104 et
952 1077 995 1104 se
1026 1063 1204 1104 suscitat
1241 1063 1319 1114 ira,

307 1119 462 1161 Oblato
500 1119 689 1173 gaudens
724 1121 919 1174 componi
956 1120 1126 1162 foedere
1164 1120 1334 1161 bellum.

305 1177 411 1219 Tum
444 1177 581 1219 socios
617 1178 854 1231 maestique
894 1181 1053 1220 metum
1095 1177 1259 1220 solatur
1296 1177 1390 1229 Iuli,

351 1350 405 1380 93.
435 1349 600 1381 adstabat
626 1351 664 1381 cf.
693 1351 721 1389 1,
749 1351 812 1381 152
833 1357 864 1381 et
885 1351 915 1390 3,
943 1352 1018 1382 123.

351 1396 405 1426 94.
439 1396 541 1427 Actor
564 1398 616 1431 qui
638 1398 744 1433 fuerit,
762 1399 932 1427 incertum.
958 1414 1002 1417 —-
1022 1396 1097 1427 Au-

306 1441 405 1472 runci
431 1443 472 1471 cf.
490 1443 520 1476 7,
545 1441 621 1472 723.
647 1459 691 1462 -
715 1446 927 1483 quassatque
951 1447 1098 1473 tremen-

307 1491 373 1517 tem
401 1493 561 1525 „quassat
587 1493 618 1517 et
641 1493 778 1517 tremere
804 1488 913 1517 facit.“
939 1492 971 1518 S.
1002 1488 1041 1517 cf.
1064 1487 1096 1525 4,

354 1578 408 1608 95.
435 1581 578 1608 vocatus
592 1579 841 1615 „invocationes
859 1584 889 1607 et
909 1578 1049 1614 preces“
1064 1582 1096 1608 S.

308 1626 450 1659 Saepius
478 1625 564 1653 enim
577 1632 642 1652 rem
670 1625 880 1653 inanimatam
897 1626 951 1652 vel
969 1627 1097 1653 brutum

308 1671 512 1707 alloquimur,
538 1670 631 1704 quasi
656 1670 814 1698 rationem
840 1672 959 1698 habeat
983 1670 1023 1699 cf.
1047 1670 1097 1706 10,

308 1716 386 1744 773.
414 1714 490 1748 860,
521 1719 552 1743 ut
583 1716 653 1743 Tell
687 1723 809 1743 arcum.
858 1717 908 1743 Ita
939 1722 993 1749 ap.
1023 1717 1094 1744 Val.

309 1763 354 1791 Fl.
380 1759 411 1796 2,
445 1759 510 1789 512
539 1762 715 1789 Hercules:
746 1763 881 1799 patrem
909 1758 1098 1800 pelagique

309 1804 389 1834 deos·
415 1814 547 1845 suaque
567 1814 666 1834 arma
690 1810 872 1845 precatus,·
909 1805 952 1833 ita
973 1805 1005 1841 3,
1033 1806 1095 1832 707

309 1853 432 1880 iuratur
463 1860 518 1886 per
551 1853 697 1886 bastam;
750 1857 778 1879 et
813 1859 864 1886 ap.
892 1852 947 1879 Sil.
975 1851 1005 1887 6,
1035 1850 1098 1878 138

308 1900 424 1926 hastae
444 1898 540 1925 etiam
566 1897 693 1925 libatur.
719 1911 763 1916 —
786 1895 937 1925 Vocatus
961 1897 1098 1931 pluralis

309 1943 587 1972 substantivorum
620 1944 652 1971 in
678 1951 717 1970 us
745 1943 809 1971 rari
834 1944 985 1970 videntur
1010 1950 1098 1978 esse,

309 1990 366 2018 sed
394 1995 500 2017 tamen
525 1993 612 2025 sunt,
636 1993 668 2016 ut
693 1989 774 2017 Cato
795 1990 862 2016 RR.
888 1987 928 2015 67
949 1985 1099 2024 factori-

309 2033 370 2063 bus
404 2032 460 2062 det
486 2031 521 2062 in
549 2031 708 2073 singulos
733 2033 857 2070 factus
886 2031 953 2061 olei
985 2036 1101 2062 sesta-

308 2078 391 2108 rios.
440 2081 499 2108 0v.
526 2081 560 2108 F.
592 2079 617 2115 1,
648 2078 707 2108 159
735 2083 805 2109 tum
831 2076 968 2119 patitur
988 2076 1102 2108 cultus

310 2133 408 2165 ager.

355 2170 407 2199 96.
435 2173 467 2200 ie
491 2172 591 2200 Actor
617 2179 664 2199 se.
689 2166 800 2210 gessit
820 2171 1039 2205 supplendum
1058 2178 1100 2198 ex

310 2217 460 2252 sequenti
501 2215 607 2257 gerit.
656 2218 705 2244 Ita
733 2218 769 2244 G.
796 2215 833 2252 2,
874 2216 883 2244 1
922 2212 1101 2244 Hactenus

310 2271 472 2291 arvorum
498 2260 612 2291 cultus
633 2264 665 2291 et
687 2258 803 2290 sidera
829 2257 918 2289 caeli
936 2260 1100 2296 (cecini);

311 2317 402 2336 nunc
428 2311 469 2344 te,
487 2304 633 2342 Bacche,
659 2315 794 2335 cauam.
822 2308 856 2335 Ε.
874 2307 905 2343 9,
937 2307 944 2334 l
969 2304 1100 2344 Quote,

315 2351 424 2383 Moeri
447 2349 577 2393 pedes-¹?
609 2352 770 2388 (ducunt)
797 2361 843 2380 an
869 2360 934 2392 quo
959 2350 1017 2381 via
1037 2349 1102 2380 du-

312 2397 368 2435 cit,
395 2396 430 2427 in
454 2394 597 2427 urbem?

355 2445 409 2473 97.
437 2441 484 2472 da
509 2446 660 2472 sternere
682 2451 806 2482 corpus
827 2443 866 2471 cf.
897 2442 923 2479 1,
948 2440 1002 2471 66.

362 2489 435 2518 100.
461 2487 615 2518 vibratos
647 2486 763 2517 calido
794 2488 888 2524 ferro
917 2489 1102 2525 „crispatus

311 2536 511 2564 calamistro.
559 2537 639 2564 Nam
675 2534 897 2563 calamistrum
929 2539 978 2562 est
1017 2542 1099 2563 acus

313 2583 431 2613 maior.
474 2588 558 2614 quae
585 2579 746 2608 calefacta
773 2584 801 2608 et
829 2579 973 2608 adbibita
999 2580 1100 2608 intor-

313 2632 389 2662 quet.
412 2627 561 2661 capillos.
608 2627 699 2654 Unde
720 2626 816 2655 etiam
839 2626 906 2654 Cic.
932 2624 997 2660 [pr.
1014 2628 1100 2654 sest.

311 2674 365 2708 ts.)
399 2672 655 2701 calamistratam
686 2679 812 2700 comam
852 2672 997 2705 appellat
1035 2671 1101 2699 sre-

313 2724 459 2755 quenter,
484 2725 567 2751 quae
593 2717 688 2745 etiam
715 2717 944 2752 vituperationi
962 2715 1045 2745 est.“
1068 2720 1101 2746 S.

314 2767 435 2794 Contra
468 2760 634 2802 incompti
663 2760 785 2802 capilli
815 2764 890 2791 Hor.
921 2763 955 2792 C.
986 2761 1022 2799 1,
1053 2761 1102 2799 12,

315 2810 352 2839 41
382 2811 413 2839 in
446 2810 574 2837 laudem
600 2808 676 2836 dicti
701 2812 786 2837 sunt.
834 2810 944 2842 Neque
968 2808 1018 2836 bis
1043 2809 1103 2836 ad-

317 2860 493 2884 versantur
519 2861 602 2888 quae
634 2854 720 2882 dicta
751 2856 825 2882 sunt
857 2852 907 2890 10,
931 2851 1008 2889 832,
1049 2853 1101 2882 ubi

316 2902 424 2935 capilli
451 2900 581 2934 antiquo
608 2907 697 2927 more
723 2898 841 2933 compti
872 2902 1101 2928 memorantur.

316 2963 358 2966 *-
385 2944 524 2985 myrrha
563 2943 740 2974 madentes
771 2942 1038 2981 „unguentatos“
1069 2947 1101 2973 S.

318 2993 358 3021 cf.
383 2993 414 3027 4,
439 2992 515 3021 216.
555 2999 674 3020 murra
710 2987 772 3019 ΠΙ).
807 3004 843 3009 -
872 2991 992 3019 Probra
1025 2989 1104 3018 iacit

1850 1173 1929 1213 110

1140 1352 1172 1380 in
1195 1354 1322 1381 nostem
1356 1351 1452 1387 quasi
1487 1350 1660 1388 ignavum,
1699 1348 1794 1378 cuius
1834 1348 1930 1377 valde

1141 1398 1228 1426 timet
1253 1397 1482 1427 fortitudinem.

1191 1442 1265 1471 102.
1289 1440 1466 1473 scintillae
1489 1439 1674 1478 absistunt,
1695 1440 1817 1469 fortius
1838 1445 1932 1474 quam

1143 1489 1317 1524 absiliunt;
1343 1496 1416 1517 nam
1442 1493 1601 1516 constans
1627 1487 1827 1522 significatur
1854 1492 1934 1513 esse

1142 1535 1248 1563 ardor.
1298 1531 1474 1563 Absiliuut
1500 1533 1584 1561 coni.
1614 1530 1675 1561 Re».
1705 1530 1734 1568 1,
1760 1540 1790 1567 p.
1810 1529 1877 1558 359
1901 1534 1933 1558 et

1142 1579 1265 1613 recepit
1288 1579 1318 1607 in
1345 1580 1393 1607 ed.
1420 1579 1496 1606 min.
1518 1593 1563 1597 —-
1592 1575 1692 1617 Ignis
1711 1581 1761 1606 est
1795 1576 1863 1605 irae
1889 1575 1931 1604 cf.

1146 1625 1174 1660 7,
1211 1622 1288 1653 577.
1341 1626 1388 1653 Ita
1427 1624 1476 1651 ira
1505 1621 1544 1658 7,
1577 1622 1644 1652 448
1674 1621 1823 1651 flammea
1857 1625 1934 1650 sunt

1143 1670 1275 1698 lumina.
1313 1671 1372 1698 Ov.
1397 1671 1437 1697 Μ.
1464 1668 1496 1703 8,
1521 1668 1586 1697 466
1611 1676 1714 1707 saepe
1739 1675 1837 1697 suum
1858 1666 1935 1704 fer-

1143 1723 1227 1742 vens
1253 1712 1361 1743 ocutis
1388 1711 1495 1744 dabat
1519 1711 1574 1743 ira
1600 1711 1766 1743 ruborem.
1794 1714 1866 1742 Val.
1886 1714 1934 1741 ΕΙ.

1145 1759 1175 1797 4,
1208 1759 1268 1787 135
1300 1756 1582 1799 sanguineosque
1614 1760 1708 1787 rotat
1736 1756 1844 1795 furiis
1876 1766 1935 1786 ar-

1145 1802 1303 1833 dentibus
1329 1803 1435 1833 orbes.
1468 1806 1541 1832 Irae
1565 1804 1773 1833 vehementia
1791 1804 1934 1839 proditur

1145 1851 1264 1879 oculis.
1317 1849 1364 1880 Cf.
1404 1849 1441 1886 6,
1482 1849 1560 1878 467.
1595 1851 1692 1878 Lucr.
1727 1848 1759 1885 3,
1795 1848 1862 1878 290
1893 1858 1933 1879 ex

1144 1893 1253 1925 oculis
1278 1893 1382 1925 micat
1409 1891 1545 1924 acribus
1572 1892 1691 1924 ardor.

1192 1941 1265 1969 103.
1290 1938 1407 1981 prima
1437 1938 1473 1970 ιή
1495 1938 1632 1980 proelia
1658 1941 1722 1977 „ad
1748 1940 1936 1969 ordiendum

1145 1996 1221 2016 mox
1249 1987 1418 2022 proelium,
1444 1991 1472 2014 et
1501 1986 1587 2015 infra
1615 1994 1646 2015 v.
1672 1984 1759 2014 725⁶⁶
1788 1983 1848 2015 Fb.
1895 1987 1934 2014 Ut

1145 2038 1258 2062 taurus
1295 2038 1368 2061 ante
1407 2037 1538 2067 tempus
1579 2031 1674 2060 ferox
1705 2036 1754 2060 est
1779 2031 1935 2067 viresque

1147 2086 1226 2107 suas
1259 2078 1433 2114 profundit,
1468 2078 1586 2112 quibus
1606 2078 1638 2106 in
1659 2078 1835 2107 certamine
1861 2078 1935 2113 ipso

1146 2125 1190 2153 uti
1219 2129 1351 2159 possen
1390 2124 1437 2152 sic
1461 2126 1604 2153 Turnus.

1194 2168 1267 2198 104.
1295 2167 1400 2198 irasci
1419 2166 1454 2198 in
1478 2177 1607 2198 cornua
1630 2169 1672 2198 cf.
1698 2177 1730 2198 v.
1755 2166 1812 2198 71.

1194 2215 1267 2243 105.
1295 2212 1440 2244 obnixus
1478 2223 1527 2244 sc.
1563 2215 1737 2252 cornibus3
1780 2216 1935 2250 impetum

1145 2260 1222 2290 facit
1260 2261 1292 2289 in
1337 2262 1496 2289 arborem.
1547 2275 1591 2280 —
1636 2263 1757 2290 ventos
1794 2257 1936 2290 lacessit

1144 2303 1277 2341 ictibus,
1305 2313 1335 2334 ut
1356 2307 1568 2342 gladiatores,
1600 2309 1631 2334 ut
1658 2307 1823 2341 pugnandi
1844 2307 1936 2342 cupi-

1146 2353 1249 2380 dinem
1268 2356 1442 2389 ostentent,
1461 2355 1536 2380 ante
1557 2356 1722 2380 certamen
1738 2352 1850 2381 initum
1865 2354 1937 2387 gla-

1146 2398 1196 2426 dio
1221 2397 1339 2426 feriunt
1364 2405 1486 2432 aerem,
1506 2399 1592 2431 quod
1611 2395 1784 2426 ventilare
1809 2398 1935 2426 dicitur.

1198 2441 1266 2471 107.
1294 2451 1418 2472 saevus
1443 2443 1580 2479 „fortis,
1618 2451 1706 2472 more
1727 2451 1788 2472 suo
1815 2443 1877 2478 [cf.
1907 2443 1934 2479 1,

1147 2488 1221 2524 99).
1262 2491 1298 2517 Et
1322 2489 1485 2524 ingentem
1513 2489 1767 2518 moderationem
1791 2490 1842 2518 dat
1867 2490 1935 2518 Ae-

1146 2542 1244 2570 neae,
1283 2535 1402 2570 quippe
1436 2542 1531 2568 quem
1566 2535 1687 2563 inducit
1718 2537 1933 2569 laborantem,

1146 2584 1178 2608 ut
1203 2580 1306 2615 possit
1332 2580 1364 2608 in
1392 2580 1472 2609 iram
1498 2580 1632 2617 moveri,
1666 2588 1764 2614 quum
1790 2583 1932 2609 Turnum

1145 2625 1189 2654 ita
1218 2626 1304 2653 dicat
1336 2625 1463 2661 furere,
1512 2630 1544 2654 ut
1567 2634 1629 2654 nec
1650 2626 1756 2655 Latini
1783 2626 1933 2655 consiliis

1146 2678 1206 2699 nec
1233 2672 1371 2699 Amatae
1398 2671 1550 2706 precibus
1580 2672 1685 2706 possit
1708 2671 1872 2700 obedire.“
1899 2674 1932 2699 S.

1147 2732 1191 2736 —
1215 2714 1381 2746 maternis
1410 2713 1446 2744 in
1479 2714 1605 2754 armis,
1644 2725 1728 2752 quae
1760 2724 1780 2745 a
1805 2717 1932 2745 Venere

1147 2761 1276 2797 accepit
1303 2762 1342 2791 cf.
1366 2761 1397 2796 8,
1420 2760 1485 2790 613
1510 2770 1559 2797 sq.
1596 2763 1644 2791 De
1671 2761 1706 2792 in
1731 2761 1771 2791 cf.
1795 2761 1827 2798 5,
1853 2759 1907 2790 37.

1195 2807 1269 2835 108.
1300 2805 1463 2845 Martem,
1503 2808 1668 2843 pugnandi
1706 2807 1931 2842 cupiditatem3

1147 2852 1187 2882 cf.
1211 2852 1287 2881 590.

1198 2897 1270 2926 109.
1297 2900 1428 2932 Spectat
1446 2898 1562 2933 ubique
1581 2898 1613 2926 in
1637 2899 1721 2926 bello
1733 2897 1810 2926 belli
1826 2897 1931 2935 tinem,

1147 2951 1271 2980 pacem,
1297 2946 1336 2972 ob
1361 2951 1498 2978 eamque
1518 2945 1636 2972 bellum
1659 2942 1750 2977 gerit.

1194 2989 1268 3018 110.
1298 2987 1427 3019 Melum
1441 2986 1576 3019 solatur
1594 2984 1664 3017 tuli
1678 2995 1755 3024 pro:
1782 2993 1931 3018 metuen-
