2023 3350
749 45 988 81 AENEIDOS
1019 47 1104 79 LIB.
1131 47 1210 80 VII.
1725 46 1804 85 35'1

148 164 245 206 Non
276 162 456 205 dabitur
488 161 649 216 regnis,
684 164 796 212 esto,
835 159 1069 214 prohibere
1099 160 1279 213 Latinis,

149 222 293 276 Atque
325 221 506 262 immota
544 222 691 262 manet
730 218 834 261 fatis
866 218 1047 261 Lavinia
1081 219 1289 260 coniunx:

150 280 208 321 At
242 278 439 330 trahere,
478 281 611 331 atque
652 289 798 319 moras
832 277 968 319 tantis
1006 276 1109 318 licet
1148 277 1312 318 addere
1346 274 1496 327 rebus;
1726 276 1807 314 315

150 338 209 379 At
243 337 346 379 licet
383 335 611 378 amborum
650 335 836 390 populos
872 334 1121 377 exscindere
1154 348 1317 389 regum.

151 395 246 437 Hac
285 408 414 449 gener
453 397 586 447 atque
631 407 753 435 socer
786 396 941 435 coeant
978 391 1175 434 mercede
1207 406 1397 435 suorum.

151 453 368 506 Sanguine
405 451 592 493 Troiano
632 455 674 493 et
711 452 874 493 Rutulo
909 450 1137 502 dotabere,
1176 451 1310 505 virgo,

151 511 209 553 Et
251 510 433 552 Bellona
466 513 614 551 manet
649 513 693 551 te
733 508 944 564 pronuba.

1004 509 1093 550 Nec
1125 507 1221 551 face
1258 511 1430 550 tantum

154 568 310 611 Cisseis
339 581 584 622 praegnans
621 567 741 621 ignes
773 567 900 609 enixa
930 566 1115 621 iugales3
1728 563 1810 600 320

152 626 264 677 Quin
300 625 414 667 idem
450 625 605 668 Veneri
637 629 792 680 partus
835 639 958 675 suus⁷
999 628 1042 666 et
1076 622 1199 665 Paris
1237 622 1360 673 alter,

151 684 452 738 Funestaeque
486 684 645 725 iterum
674 683 864 726 recidiva
897 683 942 724 in
981 682 1193 735 Pergama
1231 680 1398 721 taedae.

268 742 387 783 Haec
425 740 499 783 ubi
538 741 656 783 dicta
690 741 827 793 dedit,
861 745 1001 783 terras
1034 737 1252 781 horrenda
1286 737 1458 792 petivit}

151 799 407 842 Luctificam
446 799 616 841 Allecto
650 800 854 841 Dirarum
894 798 950 840 ab
983 798 1083 840 sede
1119 810 1318 839 sororum

152 857 425 912 Infernisque
463 858 546 899 ciet
581 857 784 909 tenebris⁷
821 857 888 898 cui
921 856 1069 898 tristia
1104 855 1220 897 bella
1728 855 1809 892 325>

153 916 339 969 Iraeque
371 915 639 969 insidiaeque
676 919 719 957 et
750 915 932 957 crimina
967 914 1099 955 noxia
1131 911 1264 954 cordi.

155 974 259 1015 Odit
294 976 337 1015 et
372 973 465 1027 ipse
503 977 633 1027 pater
668 973 841 1025 Pluton,
888 972 1017 1014 odere
1059 983 1231 1013 sorores

153 1031 389 1074 Tartareae
430 1035 692 1074 monstrum:
734 1034 803 1074 tot
840 1044 932 1073 sese
971 1029 1101 1072 vertit
1137 1028 1182 1070 in
1223 1039 1312 1077 ora,

201 1183 280 1213 313.
307 1181 450 1213 dabitur
475 1183 516 1212 cf.
548 1183 575 1220 1,
601 1183 655 1212 66.

201 1228 278 1259 314.
304 1232 410 1270 atque
434 1231 551 1259 manet
572 1226 724 1258 Lavinia
747 1225 874 1257 coniux
891 1236 959 1257 non

154 1279 250 1306 mota
279 1274 371 1313 fatis
399 1275 439 1304 cf.
481 1274 506 1312 Ι,
538 1274 604 1304 257
639 1277 782 1304 nianeut
816 1272 959 1303 immota

157 1325 296 1352 tuorum
320 1321 404 1359 fata
430 1319 501 1351 tibi.

203 1367 281 1396 3l5.
308 1365 458 1397 trahere.
508 1368 598 1395 Deus
635 1367 665 1395 si
701 1366 774 1400 quis
808 1366 875 1394 fato
903 1368 961 1394 ob-

156 1414 286 1449 nititur,
315 1422 380 1442 non
408 1418 516 1448 potest
552 1416 741 1448 pervertere
767 1413 825 1441 sed
852 1416 960 1440 tamen

161 1461 329 1489 retardare
357 1459 397 1494 cf,
423 1459 455 1493 8,
481 1458 559 1487 399.
594 1457 646 1495 10,
673 1456 750 1486 622.
776 1474 820 1477 —
845 1465 961 1486 moras

157 1504 290 1535 addere
317 1505 358 1534 cf.
386 1506 447 1534 Ov.
472 1507 548 1534 Her.
581 1503 630 1536 19,
654 1504 676 1531 8
697 1501 803 1544 parvi
823 1505 957 1543 tempo-

155 1549 207 1581 ris
238 1548 332 1581 addc
361 1559 507 1580 moram.
536 1565 581 1572 ·-
614 1558 656 1579 ac
687 1547 777 1580 licet.
845 1549 961 1578 Omnia

157 1605 242 1632 quae
269 1601 366 1626 extra
391 1596 492 1626 satum
519 1601 613 1633 sunl,
648 1597 689 1625 ad
723 1603 819 1625 suam
852 1600 961 1631 potest

157 1644 359 1672 constituere
387 1645 610 1678 voluntatem;
639 1642 718 1670 nillil
741 1646 849 1671 autem
873 1642 962 1670 aliud

157 1690 359 1725 promissum
391 1693 443 1718 est
477 1689 562 1724 fato,
601 1695 698 1722 quam
734 1689 884 1717 Aeneam
930 1687 961 1715 in

159 1736 287 1764 ltaliam
312 1739 487 1763 venturum
512 1735 675 1769 ductaque
701 1741 806 1763 uxore
824 1733 962 1761 Lavinia

158 1789 284 1810 novum
308 1788 445 1815 regnum
460 1780 668 1808 conditurum
687 1779 728 1808 cf.
755 1779 804 1814 12,
830 1778 897 1806 819
913 1786 964 1812 sq.

203 1826 281 1855 317.
309 1823 466 1855 mercede
514 1825 555 1854 cf.
606 1834 663 1853 um
699 1822 817 1854 diesen
856 1822 964 1853 Preis.

167 1869 289 1901 Schill.
305 1869 488 1911 Juugfrau
508 1875 590 1899 extr.
613 1872 670 1899 Sil.
697 1871 727 1903 7,
744 1870 811 1899 545
828 1878 964 1910 magua

160 1914 318 1947 mercede
348 1914 497 1957 piabunt
531 1914 658 1945 erroris
689 1913 832 1945 rabiem.
896 1916 964 1945 Cic.

160 1966 250 1992 Fam.
279 1963 308 1999 l,
334 1963 365 2000 9,
390 1962 422 1991 3.
478 1959 527 1991 ΡΙ.
553 1963 786 1999 „Legendunu
816 1959 915 1990 Hac.
933 1985 940 1992 .
957 1983 964 1990 .

161 2007 335 2039 mercede.-
371 2010 526 2044 tuorum,
565 2005 772 2048 Sanguine,
812 2004 966 2037 'l'roiano

161 2058 193 2086 ct
225 2052 370 2091 Rutulo,
400 2051 565 2083 dotabcrc
593 2050 754 2094 virgo.“!

210 2100 287 2130 318.
315 2100 362 2130 Cs.
399 2101 458 2128 Ov.
496 2102 538 2128 Μ.
579 2098 634 2135 13,
668 2098 736 2127 523
771 2095 966 2127 Funeribus

163 2144 328 2177 docebere
352 2143 457 2186 regia
481 2142 597 2186 virgo.
646 2147 683 2173 Et
711 2144 865 2173 Orosium
887 2143 920 2179 ⁶2,
946 2141 967 2172 4

162 2194 272 2222 laudat
297 2189 369 2221 Pi:
397 2188 550 2220 Sabinas
569 2188 774 2220 maritorum
793 2192 825 2221 et
839 2197 968 2230 paren-

162 2241 236 2269 tum
262 2235 442 2278 sangnine
464 2234 610 2267 dotavit.

209 2284 288 2313 319.
313 2281 461 2312 Bellona
486 2280 664 2322 pronuba:
696 2283 838 2311 Bellona
860 2289 967 2310 meum

163 2331 197 2359 in
223 2330 386 2358 connubio
418 2328 560 2358 officium
593 2333 808 2363 exsequetur.
858 2328 889 2356 A
915 2329 968 2356 lu-

165 2385 251 2405 none
277 2375 361 2404 satis
387 2377 506 2404 acerbe
531 2377 615 2404 haec
642 2375 728 2404 dicta
753 2378 848 2411 sunt,
882 2381 968 2408 quae

166 2423 241 2458 ipsa
269 2423 417 2457 pronuba
441 2424 503 2449 est.

211 2466 289 2496 320.
318 2464 444 2497 Cisseis
456 2474 666 2506 praegnans
684 2464 779 2504 face.
805 2465 969 2502 „Cisseis,

166 2514 282 2549 regina
296 2514 444 2548 Hecuba,
465 2512 531 2540 filia
546 2512 657 2541 Cissei
674 2513 858 2541 secundum
873 2512 969 2540 Euri-

165 2560 273 2596 pidem
301 2559 402 2594 [Hec.
422 2556 485 2592 3.),
512 2565 608 2592 quem
631 2558 768 2593 Ennius,
794 2557 968 2587 Pacuvius

166 2611 197 2635 et
237 2605 394 2639 Virgilius
435 2607 627 2638 sequuntur.
682 2605 764 2632 Nam
803 2604 969 2632 Homerus

165 2651 342 2687 Dymantis
367 2650 443 2679 dicit
470 2649 528 2685 [ll.
560 2648 619 2687 16,
653 2647 738 2686 718,
772 2651 804 2677 ut
837 2650 900 2678 Ov.
926 2651 970 2678 Μ.

167 2697 223 2736 11,
240 2696 341 2732 765).
390 2698 482 2725 Haec
500 2703 539 2724 se
561 2694 669 2724 facem
693 2702 810 2730 parere
834 2695 915 2724 vidit
940 2699 972 2724 et

167 2744 268 2773 Parin
293 2743 440 2780 creavit,
472 2741 527 2777 qui
559 2748 685 2770 caussa
709 2741 767 2769 fuit
792 2739 970 2770 incendii.“

167 2792 200 2819 S.
235 2790 324 2818 Idem
348 2791 460 2818 narrat
493 2790 593 2822 poeta
627 2786 688 2823 10,
719 2785 799 2817 704.
831 2787 898 2816 Cic.
931 2788 970 2815 de

169 2836 236 2865 div.
266 2835 294 2872 1,
319 2834 374 2870 21,
397 2833 452 2863 42.
502 2833 584 2862 Hinc
600 2834 727 2862 Helena
742 2834 782 2862 ad
800 2833 969 2862 Paridem:

170 2884 240 2911 Fax
266 2889 397 2917 quoque
414 2888 465 2910 me
481 2884 591 2917 terret,
617 2886 714 2914 quam
738 2887 776 2908 se
794 2879 969 2914 peperisse

169 2932 338 2957 cruentam
365 2928 451 2957 Ante
476 2926 561 2954 diem
591 2929 705 2961 partus
730 2928 781 2954 est
813 2929 869 2955 tua
893 2925 969 2955 visa

170 2980 290 3008 parens
318 2975 379 3003 Ov.
405 2974 482 3003 Her.
511 2970 563 3009 17,
591 2970 669 3000 237.

1055 1180 1134 1209 321.
1161 1181 1251 1209 ldem
1279 1180 1393 1213 partus
1422 1183 1505 1205 suus
1534 1175 1574 1203 sit
1602 1176 1734 1210 Veneri,
1760 1175 1815 1210 qui

1009 1227 1116 1256 fuerat
1143 1226 1319 1259 Hecubae3
1377 1224 1515 1251 eandem
1566 1222 1598 1249 in
1635 1221 1812 1256 perniciem

1008 1275 1145 1302 Aeneas
1163 1273 1303 1301 adducat
1322 1277 1428 1304 genus
1443 1276 1551 1298 suum,
1569 1268 1813 1301 inquamParis

1009 1320 1130 1348 Priami
1156 1322 1296 1351 gentem.
1354 1317 1392 1343 Et
1418 1315 1552 1349 nuptiae
1577 1314 1640 1342 sint
1662 1313 1814 1342 funestae

1009 1365 1181 1400 Pergamis
1206 1362 1478 1395 renascentibus,
1507 1365 1538 1389 ut
1565 1365 1654 1387 erant
1684 1360 1815 1388 Paridis

1009 1416 1037 1440 el
1057 1413 1202 1440 Helenae
1228 1408 1403 1439 stantibus.
1453 1409 1566 1440 Neque
1583 1406 1814 1434 animadvertit

1007 1458 1092 1486 irata
1119 1459 1218 1493 luno.
1253 1454 1361 1483 offerri
1388 1454 1524 1482 Aeneae
1562 1452 1744 1480 Larini-am.
1772 1467 1815 1470 w

1008 1511 1093 1533 suus
1114 1503 1155 1531 cf.
1183 1502 1215 1537 3,
1240 1500 1306 1530 493
1338 1497 1394 1529 Gt.
1421 1499 1506 1528 coni.
1533 1495 1604 1535 fuit
1637 1506 1695 1532 pro
1721 1505 1816 1527 suus.

1054 1548 1132 1579 322.
1158 1545 1317 1578 recidiva
1351 1543 1531 1587 Pergama
1558 1548 1589 1572 ut
1613 1542 1643 1579 4,
1668 1542 1746 1572 344.

1010 1627 1075 1659 3233
1095 1625 1233 1657 -310,
1304 1622 1441 1656 Allecto
1473 1632 1490 1653 a
1522 1622 1659 1654 Iunone
1691 1620 1816 1654 foedus

1246 1678 1409 1712 rumpere
1435 1666 1587 1700 iubetur.

1057 1732 1154 1766 Apud
1181 1730 1307 1759 inferos
1332 1729 1451 1758 Furiae
1475 1732 1550 1757 suut
1580 1727 1612 1763 6,
1638 1726 1716 1755 280.

1057 1775 1134 1805 324.
1163 1773 1297 1805 Allecto
1357 1776 1529 1810 „Graecus
1585 1773 1813 1802 accusativus.

1014 1822 1119 1852 Huius
1166 1826 1275 1851 aulem
1318 1820 1550 1849 declinationis
1596 1824 1664 1847 tres
1714 1826 1817 1847 casus

1015 1875 1237 1904 usurpamus,
1262 1867 1443 1902 genitivum
1469 1870 1501 1894 ut
1527 1862 1685 1901 Αἱεείιιε,
1712 1864 1817 1893 ιιοιιιί-

1013 1915 1158 1943 nativum
1175 1919 1205 1943 et
1221 1913 1464 1947 accusativum,
1483 1915 1515 1940 ut
1536 1908 1691 1939 Alectof·
1719 1913 1751 1939 S.
1769 1910 1816 1940 Cf.

1015 1964 1067 1990 Gr.
1093 1962 1114 1993 ς
1141 1958 1194 1996 94,
1214 1959 1245 1988 2.
1295 1961 1333 1988 In
1357 1964 1392 1987 re
1416 1963 1480 1987 tam
1506 1957 1619 1985 incerti
1647 1956 1756 1985 iudicii
1777 1958 1816 1985 ab

1015 2007 1135 2041 optimo
1155 2006 1271 2035 codice
1291 2006 1444 2033 standum
1469 2008 1535 2038 esl3
1561 2000 1706 2031 dearum
1732 2002 1818 2031 enim

1016 2052 1117 2081 alicui
1142 2053 1182 2080 ob
1209 2059 1240 2079 v.
1269 2048 1441 2084 dirarum,
1469 2057 1625 2079 sororum
1657 2049 1752 2078 alteri
1778 2050 1817 2078 ob

1015 2106 1045 2126 v.
1084 2104 1219 2126 sorores
1251 2095 1317 2125 327
1362 2096 1547 2131 displiceat.
1581 2110 1625 2113 —
1661 2102 1818 2123 sororum

1014 2142 1098 2173 Man
1120 2144 1210 2177 prob.
1237 2144 1298 2171 Hn.
1329 2138 1474 2170 dearum
1508 2139 1583 2169 mll
1613 2142 1703 2175 prob.
1732 2137 1818 2181 Wg.

1061 2233 1137 2262 326.
1171 2229 1330 2263 Crimina
1362 2228 1469 2261 noxia
1499 2230 1635 2267 adiecit,
1667 2230 1819 2259 indicans

1016 2282 1168 2310 Allectus
1183 2279 1336 2314 ,nocendi
1361 2277 1583 2312 cupiditatem.

1063 2325 1140 2354 327.
1172 2322 1267 2354 Odit.
1316 2327 1386 2353 Non
1415 2327 1524 2358 potest
1539 2321 1656 2351 fortius
1676 2321 1820 2350 indicare

1015 2373 1168 2401 Allectus
1196 2368 1308 2400 dirum
1332 2370 1485 2404 animunn
1516 2375 1612 2403 quam
1639 2369 1723 2402 quod
1747 2368 1821 2402 ipse

1017 2423 1121 2454 pater,
1147 2417 1199 2452 qui
1225 2416 1408 2452 generavit,
1434 2415 1530 2450 ipsae
1553 2421 1708 2449 sorores,
1736 2421 1820 2447 quae

1018 2465 1136 2493 Furiae
1158 2464 1321 2498 timentur,
1340 2469 1412 2491 eam
1429 2461 1566 2490 oderint.
1615 2460 1676 2493 Ap.
1698 2461 1820 2488 Aesch.

1019 2513 1112 2540 Eum.
1162 2509 1207 2538 72
1270 2509 1388 2537 Furiae
1450 2507 1602 2535 dicuntur
1646 2497 1821 2544 μισήματ’

1018 2548 1166 2594 ἀνδρῶν
1189 2548 1251 2584 καὶ
1271 2549 1373 2583 θεῶν
1387 2545 1613 2590 Ὀλυμπίων.
1663 2552 1724 2586 Ap.
1740 2553 1821 2579 Luc.

1019 2601 1050 2639 9,
1074 2599 1143 2630 645
1169 2600 1287 2630 similis
1312 2603 1363 2628 est
1382 2600 1421 2627 de
1443 2599 1584 2627 Medusa
1604 2599 1718 2626 locus:
1748 2593 1823 2626 Hoc

1018 2648 1213 2677 monstrum
1237 2642 1354 2676 timuit
1371 2641 1514 2686 genitor
1540 2641 1707 2683 ipsaeque
1725 2650 1823 2672 soro-

1018 2701 1074 2723 res
1113 2689 1311 2733 Gorgones.
1384 2690 1514 2719 Fortius
1553 2689 1722 2724 expressit
1753 2696 1823 2717 rem

1020 2740 1094 2774 Vgl.
1129 2740 1232 2767 verbo
1265 2737 1413 2772 repetito.
1469 2731 1553 2765 Odit
1587 2737 1619 2765 et
1651 2751 1694 2755 —
1721 2732 1823 2764 odere

1018 2785 1060 2814 cf.
1092 2783 1145 2821 10,
1169 2783 1247 2813 313.

1063 2829 1141 2859 328.
1167 2832 1218 2860 tot
1246 2836 1318 2858 sese
1333 2824 1438 2857 vertit
1463 2823 1500 2856 in
1522 2834 1598 2862 ora,
1625 2827 1697 2855 tam
1724 2822 1825 2854 (lirae

1017 2874 1141 2910 facies.
1192 2877 1281 2905 Haec
1303 2875 1367 2902 duo
1392 2873 1425 2902 in
1450 2880 1549 2902 unum
1573 2875 1693 2901 coeunt
1717 2879 1765 2900 sc.
1792 2871 1825 2899 in

1017 2927 1062 2952 tot
1086 2929 1214 2952 saevos
1243 2923 1357 2949 vultus
1388 2919 1611 2951 convertitur,
1649 2917 1824 2954 terribiles,

1016 2969 1177 2998 minaces.
1234 2966 1404 2996 Saevitiae
1432 2969 1541 2995 autem
1571 2968 1621 2993 est
1648 2963 1824 2993 discursus
