2023 3350
206 145 286 184 224

778 142 812 173 P.
840 141 1032 175 VlRGlLII
1058 142 1269 176 MAROMS

204 256 507 305 Ingentemque
546 251 659 305 Gyas
699 252 862 305 ingenti
901 253 1014 294 mole
1050 254 1332 307 Chimaeram,

204 312 332 353 Urbis
369 323 494 361 opus,
535 308 695 361 triplici
731 309 864 362 pubes
901 323 1031 362 quam
1068 311 1273 353 Dardana
1311 325 1436 354 versu

204 367 452 419 Iinpellunt,
491 369 612 406 terno
650 369 913 419 consurgunt
948 366 1097 408 ordine
1128 369 1254 420 remi;

1759 367 1839 406 120

205 424 530 475 Sci-gestusque,
571 421 723 462 domus
761 426 878 463 tenet
912 436 938 463 a
970 436 1054 476 quo
1090 423 1241 477 Sergia
1269 439 1435 477 nomen,

205 481 419 521 Centauro
450 478 666 519 invehitur
701 493 878 533 magna3
920 479 1147 533 Scyllaque
1181 481 1416 524 Cloanthus

204 535 430 586 Caerulea,
473 549 604 588 genus
641 535 755 577 unde
789 536 884 587 tibi,
919 537 1111 578 Romane
1146 537 1325 579 Cluenti.

318 593 396 633 Est
429 593 580 645 procul
618 593 660 633 in
696 593 851 646 pelago
886 608 1036 635 saxum
1071 595 1316 647 spumant-ia
1351 599 1502 637 contra

202 650 369 699 Litora,
409 650 523 703 quod
561 650 737 691 tumidis
778 651 1044 692 submersum
1082 651 1280 692 tunditur
1320 653 1422 694 olim

1762 651 1840 689 125

202 706 445 757 Fluctibus,
484 706 651 747 hiberni
693 707 882 748 condunt
916 708 989 749 ubi
1027 708 1170 749 sidera
1209 709 1328 761 Cori3

201 764 450 817 Tranquillo
486 764 601 814 silet,
639 764 902 818 immotaque
936 765 1152 806 attollitur
1186 765 1302 807 unda

203 824 388 874 Campus
428 824 470 861 et
506 821 663 874 apricis
705 822 836 863 statio
879 822 1125 875 gratissima
1156 823 1326 876 mergis.

201 878 281 918 Hic
317 877 495 918 viridem
529 879 695 919 Aeneas
741 878 956 920 frondenti
996 893 1047 921 ex
1083 879 1181 921 ilice
1220 883 1378 921 metam

203 935 438 977 Constituit
469 935 637 988 signum
675 936 819 977 nautis
854 940 999 989 pater,
1038 936 1150 977 unde
1185 938 1342 978 reverti

1762 936 1841 976 130

202 993 369 1034 Seii-ent
404 995 446 1033 et
474 992 624 1045 longos
656 992 730 1033 ubi
761 993 1095 1035 circumflectere
1127 1008 1298 1035 cursus:

201 1050 306 1091 Tum
340 1049 437 1090 loca
470 1053 586 1090 sorte
617 1050 787 1102 legunt3
827 1050 997 1103 ipsique
1034 1051 1078 1092 in
1117 1051 1334 1104 puppibus
1375 1063 1481 1093 auro

200 1107 412 1148 Ductores
447 1106 574 1159 longe
615 1106 818 1160 effulgent
857 1111 1065 1161 ostroque
1095 1107 1261 1160 decori3

203 1164 356 1205 Cetera
389 1164 576 1217 populea
610 1164 777 1205 velatur
808 1164 962 1206 fronde
994 1166 1190 1206 iuventus

200 1221 482 1273 Nudatosque
511 1220 711 1262 humeros
744 1222 836 1263 oleo
867 1222 1043 1275 perfusa
1073 1222 1257 1263 nitescit.

1764 1219 1841 1257 135

202 1277 439 1319 Considunt
469 1279 689 1329 transtris,
727 1278 979 1332 intentaque
1019 1279 1198 1320 brachia
1241 1278 1390 1327 remis,

200 1335 360 1376 Intenti
394 1339 644 1388 exspectant
684 1336 868 1388 signum,
905 1337 1252 1389 exsultantiaque
1285 1334 1430 1376 haurit

202 1392 345 1434 Corda
375 1405 509 1444 pavor
537 1393 713 1446 pulsans
746 1393 1007 1447 laudumque
1040 1397 1213 1434 arrecta
1248 1391 1414 1446 cupido.

200 1543 285 1572 ianis
308 1544 477 1571 Romanae
508 1547 624 1577 gentes
657 1542 813 1577 originem
838 1545 997 1573 ducebant

200 1591 270 1617 luv.
301 1588 333 1625 1,
360 1588 413 1616 99.

250 1633 322 1661 118.
349 1633 522 1667 nunti-:ato
544 1634 707 1662 adiectivo
729 1634 916 1668 magnitudo
939 1642 998 1662 na-

201 1680 252 1707 vis
276 1679 455 1707 extollitur.

250 1724 321 1752 119,
357 1721 455 1752 Urbis
488 1731 573 1761 opus
608 1723 626 1751 i.
661 1731 688 1751 e.
722 1727 809 1759 „tam
845 1731 997 1758 magnam

201 1775 232 1798 ut
259 1771 367 1797 urbem
394 1768 563 1803 putares.“
593 1771 625 1796 S.
676 1768 723 1798 Cf.
751 1769 818 1798 Cic.
847 1770 938 1797 Verr.
965 1768 996 1804 5,

199 1813 243 1842 34
287 1812 412 1851 „Quae
450 1813 586 1848 (navis)
628 1811 658 1842 si
700 1811 735 1842 in
777 1812 996 1853 praedonum

198 1867 324 1899 pugna
358 1861 573 1893 versaretur,
605 1855 699 1887 urbis
728 1856 842 1888 instar
871 1856 997 1888 habere

198 1903 289 1934 inter
321 1901 400 1932 illos
432 1901 601 1942 piraticos
638 1912 867 1943 myoparones
901 1902 998 1933 vide-

198 1949 328 1978 retur.“
352 1964 397 1969 —
426 1946 573 1987 'l're'plici
596 1957 713 1986 versu,
748 1957 884 1986 „omnes
911 1950 995 1978 enim

199 1998 348 2023 triremes
371 1992 536 2022 fuerun1.“
562 1996 594 2022 S.

249 2040 322 2068 120.
349 2037 412 2074 ,,Τ.
440 2048 464 2066 c.
493 2047 520 2066 o.
547 2046 571 2066 r.
601 2046 698 2072 quum
721 2046 810 2067 mera
836 2039 876 2068 sit
903 2043 996 2067 ante-

199 2086 382 2113 cedentium
412 2084 650 2121 interpretatio,
685 2092 803 2112 vereor
838 2089 868 2113 ut
898 2089 994 2119 poeta

199 2131 390 2165 scripserit“
414 2126 476 2158 Rb.

250 2174 321 2203 122.
354 2173 528 2204 Centauro
555 2182 690 2213 magna
717 2174 756 2202 cf.
779 2177 832 2203 Gr.
851 2174 872 2209 S
892 2174 946 2211 66,
967 2183 994 2203 e.

249 2220 320 2248 123.
348 2217 455 2253 unde,
480 2227 500 2248 a
522 2227 584 2253 quo
608 2219 649 2248 cf.
673 2219 710 2255 8,
735 2220 790 2249 71.

248 2264 319 2293 124.
343 2262 466 2305 procul
491 2264 532 2293 cf.
563 2264 619 2300 10,
647 2264 725 2293 835.

247 2309 319 2339 125.
352 2308 440 2338 Olim
473 2310 512 2338 cf.
543 2309 577 2345 1,
612 2309 696 2345 203,
731 2309 892 2344 significat
924 2307 996 2338 allo

198 2352 318 2394 aliquo
349 2358 514 2394 tempore,
548 2355 621 2383 iude
653 2359 703 2383 est
739 2353 933 2391 interdum,
966 2358 996 2383 et

197 2401 333 2435 saepius
364 2402 472 2428 locum
506 2402 602 2428 habet
636 2400 667 2428 in
694 2400 994 2434 comparationibus

197 2446 237 2473 cf.
264 2445 296 2482 8,
321 2444 397 2473 391.
447 2445 567 2474 Confer
590 2450 735 2473 nostrum
762 2447 872 2480 sensi,
908 2445 993 2478 quod

198 2492 314 2519 eadem
340 2490 577 2525 significatione
600 2497 671 2518 cum
699 2490 866 2524 praesenti
889 2490 994 2524 iungi-

197 2540 257 2564 tur.
306 2537 356 2563 Ita
377 2533 550 2575 quondam
573 2534 613 2563 cf.
636 2534 667 2570 2,
688 2533 765 2562 367.
790 2550 835 2553 —
863 2531 995 2562 'fundi-

197 2582 254 2610 tur
275 2585 305 2608 et
331 2578 428 2615 silet‚·
452 2577 597 2610 tumidis
621 2577 785 2615 fluctibus
803 2584 833 2607 et
853 2577 995 2608 immota

196 2622 310 2662 unda,
354 2623 564 2654 submersum
606 2630 636 2653 et
678 2621 856 2653 attollitur
890 2632 995 2659 oppo-

197 2675 323 2698 nuntur.

249 2713 318 2743 127.
345 2712 553 2754 tranquillo,
585 2716 648 2743 abl.
681 2716 750 2743 abs.
806 2716 853 2742 lta
886 2716 993 2742 solum

197 2759 392 2788 adiectivum
424 2768 498 2788 raro
531 2760 678 2796 quidem,
719 2760 779 2788 sed
816 2759 991 2793 aliquando

197 2808 304 2832 tamen
331 2805 475 2841 ponitur,
504 2804 543 2833 cf.
570 2807 624 2833 Gr.
650 2804 672 2839 S
700 2803 777 2832 451.

247 2848 319 2877 128.
352 2847 503 2888 Campus
537 2850 636 2886 „saxi
672 2847 828 2878 111ιὶ111ᾱοῦι
866 2852 898 2877 S.
938 2849 992 2883 qui

197 2901 293 2927 quum
316 2895 484 2928 paululum
505 2896 599 2923 modo
622 2904 665 2924 ex
687 2895 765 2923 mari
784 2899 990 2931 exsurgeret,

197 2946 281 2973 opus
305 2943 375 2967 erat
399 2939 493 2973 signo
520 2940 646 2968 altiore.

248 2982 319 3011 129.
349 2981 432 3012 llice
459 2986 563 3021 „haec
595 2985 679 3013 enim
707 2986 803 3013 arhor
832 2984 863 3012 in
890 2985 992 3012 tutela

197 3028 285 3056 lovis
310 3027 394 3057 est.“
419 3031 451 3057 S.

1096 1542 1169 1572 131.
1203 1541 1488 1582 C'ircrtmflectere.
1538 1542 1650 1577 „Bene
1680 1548 1742 1569 uno
1770 1548 1842 1569 ser-

1045 1597 1140 1617 mone
1173 1594 1203 1617 et
1233 1589 1466 1624 profectionem
1500 1589 1697 1621 complexus
1728 1591 1778 1615 est
1811 1588 1843 1614 et

1044 1634 1304 1663 reversioneni.“
1331 1637 1363 1663 S.
1412 1633 1524 1662 Simile
1549 1631 1587 1668 3,
1614 1630 1691 1659 430.

1093 1679 1166 1708 132.
1194 1681 1294 1708 sorte.
1351 1681 1388 1707 In
1429 1679 1544 1706 eadem
1585 1677 1712 1710 quidem
1755 1676 1841 1704 linea

1045 1729 1250 1759 statuuntur;
1277 1725 1413 1753 interest
1437 1728 1556 1757 tamen,
1582 1722 1610 1751 si
1633 1722 1765 1756 longius
1787 1725 1843 1750 aut

1044 1770 1166 1799 arctius
1197 1769 1389 1799 flectendum
1421 1773 1482 1797 est.
1530 1769 1580 1796 Ita
1605 1769 1698 1796 Hom.
1724 1769 1760 1796 ll.
1785 1766 1841 1803 23,

1042 1814 1120 1844 352.

1091 1859 1165 1889 133.
1198 1857 1365 1888 Ductores
1404 1862 1479 1887 sunt
1517 1857 1658 1895 „domini
1694 1858 1840 1893 navium,

1042 1914 1108 1934 non
1133 1905 1402 1940 gul›ernatores.“
1428 1907 1461 1932 S.

1094 1959 1165 1989 134.
1198 1957 1352 2000 Populea
1384 1958 1512 1996 fronde
1540 1962 1710 1995 ornantur,
1743 1959 1842 1995 „quia

1042 2007 1109 2035 ludi
1136 2006 1292 2034 funebres
1319 2010 1392 2035 sunt
1416 2011 1445 2034 et
1473 2008 1556 2034 haec
1581 2007 1679 2033 arhor
1700 2006 1740 2033 ab
1759 2006 1841 2033 Her-

1043 2054 1115 2080 cule
1149 2054 1188 2080 ab
1223 2051 1336 2080 inferis
1369 2053 1470 2079 allata
1500 2054 1568 2087 est,
1601 2058 1699 2084 quum
1724 2057 1840 2078 canem

1043 2099 1219 2127 Cerberum
1245 2095 1465 2125 extraheret.“
1489 2098 1522 2124 S.

1092 2153 1166 2182 136.
1195 2151 1405 2192 Intentaque
1444 2159 1492 2180 sc.
1538 2154 1624 2180 sunt.
1688 2149 1839 2184 Repetita

1042 2207 1126 2228 voce
1154 2196 1307 2227 intentus
1333 2204 1461 2227 summa
1482 2197 1638 2225 alacritas
1666 2195 1839 2231 indicatur,

1043 2252 1107 2279 qua
1136 2244 1265 2279 signum
1298 2246 1512 2278 exspectant,
1545 2246 1577 2269 ut.
1606 2241 1668 2269 iam
1695 2241 1838 2270 brachiis

1043 2290 1182 2318 adnlotis
1209 2297 1318 2317 remos
1348 2291 1496 2323 teneant,
1530 2287 1639 2315 statim
1666 2286 1838 2321 impulsari

1043 2336 1117 2363 dato
1137 2335 1242 2369 signo.
1295 2330 1348 2362 Pl.
1367 2333 1400 2361 in
1423 2332 1560 2367 repetito
1584 2330 1738 2361 intentus
1758 2334 1839 2360 hae-

1041 2388 1118 2408 rens
1144 2380 1227 2407 coni.
1257 2375 1400 2408 attoniti
1423 2385 1514 2417 exsp.
1542 2373 1601 2416 (l)

1091 2433 1162 2462 137.
1193 2431 1323 2463 Intenti
1357 2435 1573 2473 exspectant,
1615 2441 1681 2461 non
1716 2433 1837 2462 intente

1040 2484 1247 2514 exspectant.
1297 2480 1350 2507 Sic
1375 2479 1407 2515 5,
1433 2478 1499 2506 387
1522 2476 1649 2519 gravis
1668 2475 1835 2519 castigat.

1046 2524 1071 2561 Ι,
1096 2524 1161 2553 515
1185 2522 1283 2553 avidi
1304 2522 1486 2553 ardebant.
1530 2523 1561 2560 2,
1588 2522 1632 2550 53
1653 2521 1837 2552 insonuere

1039 2577 1149 2598 cavae
1180 2577 1351 2598 cavernae
1382 2575 1413 2597 et
1447 2568 1514 2597 680
1549 2565 1698 2597 subitum
1726 2565 1838 2597 oritur

1038 2617 1240 2643 monstrum.
1286 2613 1322 2650 4,
1347 2614 1414 2643 573
1443 2611 1656 2652 praecipites
1686 2610 1838 2653 vigilate

1040 2657 1117 2688 viri.
1165 2659 1220 2695 10,
1247 2659 1315 2688 788
1334 2656 1499 2696 servidas
1523 2656 1650 2695 instat,
1674 2660 1716 2687 al.
1764 2660 1836 2686 Non

1040 2710 1182 2733 mutatur
1204 2707 1286 2733 haec
1317 2705 1415 2740 ratio,
1448 2704 1477 2733 si
1507 2703 1635 2733 accedit
1662 2704 1834 2739 obiectum,

1041 2754 1072 2778 ut
1104 2749 1141 2786 2,
1178 2750 1190 2777 l
1225 2747 1351 2779 intenti
1380 2757 1441 2778 ora
1474 2746 1646 2778 tenebant.
1699 2747 1737 2783 8,
1768 2746 1836 2775 520

1040 2792 1147 2829 defixi
1171 2803 1233 2824 ora
1259 2791 1439 2830 tenebant,
1463 2793 1505 2822 cf.
1532 2796 1585 2822 Gr.
1615 2792 1637 2826 S
1663 2792 1745 2829 367,
1774 2791 1808 2820 6.

1088 2848 1160 2878 138.
1188 2849 1236 2879 Cf.
1267 2852 1302 2879 G.
1339 2849 1378 2885 3,
1417 2849 1479 2878 105
1521 2846 1632 2886 Quum
1663 2855 1740 2887 spes
1775 2855 1834 2876 ar-

1037 2897 1153 2924 rectae
1189 2892 1352 2923 iuvenum
1393 2890 1679 2930 exsultantiaque
1716 2889 1835 2922 haurit

1037 2937 1143 2968 corda
1164 2947 1278 2979 pavor
1302 2937 1460 2978 pulsano.
1507 2939 1602 2966 Hom.
1627 2938 1664 2965 Il.
1687 2936 1743 2973 23,
1768 2937 1835 2966 370

1035 2977 1198 3013 πάτασσε
1223 2978 1261 3014 δὲ
1284 2978 1409 3022 θυμὸς
1439 2975 1594 3012 ἑκάστου
1618 2977 1718 3021 νίκης
1744 2976 1834 3021 ἱεμέ-

1034 3036 1116 3057 νων.
