2023 3350
223 116 304 156 33ss

790 111 826 142 1³.
853 110 1054 143 VIRGILII
1080 110 1291 145 MARONIS

220 230 362 281 Atque
398 239 565 268 omnem
601 226 802 266 ornatum
838 223 1013 265 flamma
1051 224 1293 278 crepitante
1335 224 1531 276 cremari,

220 284 488 338 [teg-alesque
525 295 708 324 accensa
747 294 909 332 comas,
945 294 1126 322 accensa
1163 296 1379 335 coronam,

1820 284 1872 322 75

219 343 435 395 Insignem
471 340 670 393 gemmis,
707 341 801 380 tum
835 338 1001 380 fumida
1033 339 1200 381 lumine
1237 339 1352 382 fulvo

225 399 408 450 Involvi,
445 412 495 439 ac
529 397 635 439 totis
670 396 909 439 Volcanum
951 410 1155 450 spargere
1186 398 1324 439 tectis.

219 457 269 499 Id
308 470 408 498 vero
444 454 707 497 horrendum
748 469 799 496 ac
834 454 928 496 visu
964 454 1162 496 mirabile
1200 454 1324 496 ferri:

220 516 415 567 Namque
453 513 546 554 fore
581 513 806 554 inlustrem
843 512 959 554 fama
997 511 1186 566 fatisque
1222 512 1436 554 canebant

219 574 381 626 Ipsam,
421 571 496 614 sed
534 570 694 625 populo
732 584 936 624 magnum
976 569 1236 624 portendere
1276 570 1449 612 bellum.

1821 569 1875 608 80

219 633 276 672 At
314 643 391 671 rex
426 629 638 672 sollicitus
676 628 883 670 monstris
916 628 1094 670 oracula
1132 628 1281 679 Fauni,

220 687 409 729 Fatidici
441 687 669 741 genitoris,
707 686 819 739 adit,
855 686 1063 740 lucosque
1097 685 1176 727 sub
1216 685 1309 727 alta

222 746 418 787 Consulit
456 745 668 797 Albunea,
708 758 929 786 nemorum
968 757 1080 798 quae
1120 744 1310 785 maxima
1346 755 1470 784 sacro

219 804 357 845 Fonte
390 807 519 845 sonat
555 817 811 857 saevamque
843 802 1020 844 exhalat
1057 816 1195 856 opaca
1237 800 1474 855 mephitim.

218 912 355 940 ostentis
381 914 576 948 usurpatur,
610 910 649 940 cf.
684 907 722 947 2,
754 907 830 938 271.
868 925 905 929 -
936 918 1026 938 com-

217 955 391 996 prendere
423 956 541 998 ignem
566 956 717 991 quaesita
742 960 924 992 structura3
952 958 1028 985 vul-

221 1003 311 1039 garis
339 1007 424 1032 erat:
460 1003 547 1039 ignis
577 1003 775 1038 comprendit
807 1003 945 1039 crinem,
980 1003 1027 1031 si-

222 1050 312 1078 milis
338 1054 386 1078 est
414 1048 450 1086 6,
478 1048 543 1077 353
569 1053 599 1077 et
625 1047 702 1077 ⁶229.

270 1092 322 1123 7-1.
357 1093 436 1134 Ipsa
458 1092 608 1123 cremari
629 1095 757 1123 videtur
775 1102 900 1123 omnem
923 1102 1027 1122 orna-

222 1143 306 1176 tum,
335 1149 482 1169 accensa
511 1148 695 1175 εονοιιαηις
722 1142 759 1168 de
785 1145 948 1169 structura
971 1148 1025 1168 ac-

221 1187 366 1216 cusativi
397 1186 435 1215 cf.
465 1185 503 1224 2,
535 1184 611 1213 273.
641 1202 686 1205 —
715 1187 892 1214 Flammam
922 1186 1026 1219 crepi-

222 1237 340 1262 tantem
366 1233 471 1262 dicere
505 1234 658 1260 amabant
684 1232 813 1269 Latini,
848 1236 881 1260 ut.
914 1231 1025 1260 multis

221 1279 381 1313 exemplis
408 1280 495 1307 docet
520 1279 623 1306 Bentl.
649 1278 724 1306 Hor.
750 1279 784 1306 C.
815 1274 850 1313 4,
886 1274 941 1315 11,
975 1275 1024 1305 11.

268 1322 320 1352 75.
350 1333 567 1364 accensaque
585 1339 627 1343 —
650 1332 798 1352 accensa
818 1323 858 1352 cf.
882 1320 931 1360 10,
950 1321 1024 1351 313.

269 1379 322 1409 76.
345 1378 491 1418 fumida
513 1381 568 1417 „in
592 1380 680 1409 fumo
705 1384 752 1408 est
779 1388 900 1409 caussa
926 1380 1024 1408 lacri-

222 1425 383 1456 mammf‘
414 1429 445 1455 S.
495 1428 624 1455 Taedae
650 1427 815 1455 fumantes
841 1427 874 1453 in
901 1426 1024 1454 funeri-

222 1476 282 1502 bus
307 1474 542 1502 adhibebantur
566 1473 607 1502 cf.
637 1470 674 1507 4,
709 1469 784 1500 :3s4.
835 1474 885 1500 Ita
912 1476 939 1500 et
974 1474 1024 1499 lu-

222 1528 294 1548 men
312 1520 442 1548 fulvum
459 1520 549 1548 triste
567 1519 699 1553 aliquod
720 1519 934 1552 portendebat.
976 1518 1023 1546 Cf.

223 1564 283 1601 10,
318 1563 394 1594 273.
451 1566 534 1601 „His
568 1566 691 1593 duobus
721 1566 780 1593 hoc
814 1567 852 1592 ab
886 1564 1024 1600 augurio

222 1612 320 1639 distat
339 1611 480 1640 Ascanii
500 1609 552 1647 (2,
574 1609 660 1645 6253]
680 1610 767 1638 fumo
783 1614 810 1638 et
833 1610 1026 1644 aspersione

223 1656 458 1686 flaintnaruin.“
495 1659 526 1685 S.
569 1672 606 1676 -—
647 1657 741 1684 Hunc
776 1664 909 1684 versum
944 1657 1027 1683 delet

226 1701 289 1731 Rb.
327 1708 439 1731 natum
478 1711 520 1731 ex
554 1702 780 1738 dittographia.
844 1702 1026 1735 Scripsisse

222 1754 330 1777 antem
351 1749 439 1785 lingit
458 1757 489 1777 v.
508 1746 549 1775 74
576 1753 687 1783 postea
709 1756 782 1776 eum
806 1747 1026 1782 amplificasse

221 1795 373 1824 versibus
394 1792 436 1822 75
451 1810 487 1813 -
502 1792 542 1821 77
570 1798 599 1822 et
621 1803 652 1823 v.
673 1791 713 1821 7-1
741 1795 847 1822 delere
867 1794 1024 1821 voluisse.

223 1842 289 1869 Cur
320 1841 418 1877 igitur
441 1841 514 1876 Vgl.
547 1848 610 1868 non
644 1840 787 1868 delevit?
839 1836 890 1867 Pl.
923 1839 1024 1868 coni.:

220 1883 359 1927 ignem.-
378 1884 652 1926 Regalesque—
665 1893 829 1914 coronam
845 1882 1024 1925 Insignem

223 1929 388 1971 gemmis,
427 1934 498 1961 inm
528 1929 692 1969 fumida,
735 1928 867 1959 lumine
899 1930 928 1968 f.
970 1928 1026 1959 In-

221 1975 332 2015 υυΙυιῖ,
361 1980 466 2017 alque
491 1985 623 2006 omnem
641 1975 682 2015 fl.
710 1985 755 2005 cr.
783 1973 932 2005 cremari
963 1973 1026 2005 Or-

222 2027 366 2060 nalnm,
399 2032 441 2052 ac
468 2021 549 2052 totis
582 2021 619 2051 Γ.
646 2031 670 2051 s.
699 2019 744 2052 L!

268 2078 323 2109 Sl.
350 2082 542 2108 monstrum
570 2080 609 2108 cf.
638 2078 673 2117 3,
701 2077 754 2108 26.

269 2136 322 2165 82.
349 2134 523 2178 genitoris
558 2137 596 2166 cf.
640 2146 671 2166 v.
714 2134 766 2166 47.
813 2153 851 2157 —
893 2139 1026 2166 Faunus

222 2187 329 2212 autem
356 2185 466 2212 clarus
490 2187 537 2211 est
565 2191 621 2218 per
648 2185 783 2213 oracula
803 2191 887 2218 quae
907 2185 961 2212 dat
985 2183 1024 2212 cf.

222 2231 281 2258 (lv.
318 2230 351 2257 F.
388 2227 424 2265 3,
467 2227 530 2256 295
568 2237 614 2264 sq.
679 2231 746 2259 Hoc
784 2231 853 2259 loco
888 2230 1026 2259 Servius

223 2276 328 2303 Fauni
350 2284 463 2303 nomen
484 2276 611 2304 deducit
633 2267 707 2304 (Ξπὸ
734 2270 799 2314 τῆς
823 2271 958 2314 φωνῆς,
985 2277 1026 2304 ad

224 2323 258 2349 G.
292 2318 323 2357 1,
361 2319 400 2349 10
439 2323 569 2350 Faunos
602 2322 703 2350 dictos
734 2329 808 2350 esse
839 2321 914 2350 dicit
942 2323 1025 2356 quod

222 2367 367 2396 faveant.
425 2368 552 2404 „Fauni
585 2367 635 2395 dei
668 2368 878 2404 Latinorum,
913 2367 960 2396 ita
991 2371 1025 2396 ut

223 2415 357 2442 Faunus
384 2417 414 2442 et
436 2414 553 2442 Fauna
579 2414 639 2449 sit;
668 2415 727 2441 hos
753 2414 918 2450 versibus,
944 2421 1024 2448 quos

223 2463 341 2488 vocant
376 2459 564 2493 Saturnios,
608 2457 643 2487 ιἰι
686 2456 904 2487 silvestribus
942 2456 1027 2487 locis

223 2506 376 2534 traditum
409 2509 457 2534 est
490 2505 604 2534 solitos
643 2504 705 2533 fari
741 2504 869 2541 futura,
907 2512 928 2532 a
963 2512 1024 2539 quo

222 2551 317 2579 fando
342 2552 472 2580 Faunos
497 2548 621 2580 dictos“
645 2551 741 2579 Varr.
767 2551 831 2578 LL.
858 2548 895 2588 7,
923 2548 975 2578 36.

268 2607 321 2636 83.
350 2605 510 2637 Albunea
556 2608 763 2645 „sciendum,
813 2615 912 2636 unum
951 2616 1024 2636 esse

223 2663 337 2682 nomen
362 2654 459 2682 fontis
480 2658 510 2682 et
534 2655 677 2683 silvaeJb
711 2656 742 2682 S.
793 2655 906 2688 Itaque
929 2655 1022 2682 lucos

225 2701 301 2737 adit,
328 2700 381 2734 qui
403 2702 462 2728 sub
487 2702 557 2729 alta
579 2701 638 2729 illa
659 2701 749 2729 silva
772 2704 857 2736 sunt,
883 2699 1023 2733 (similis

222 2747 314 2774 locus
343 2746 537 2774 describitur
568 2744 607 2783 8,
640 2744 726 2782 598]
762 2752 845 2779 quae
877 2746 1024 2774 maxima

223 2795 272 2819 est
301 2800 466 2820 nemorum
492 2796 521 2820 et
548 2796 679 2821 resonat
710 2799 804 2820 sacro
831 2791 930 2827 fonte,
968 2792 1023 2826 qui

225 2837 326 2871 ines13
369 2837 400 2864 in
435 2838 475 2865 iis
506 2839 592 2867 lucis
625 2838 730 2867 Fauni
763 2841 811 2866 est
843 2839 1021 2866 oraculum.

223 2883 332 2911 Lucus
358 2886 466 2911 autem
493 2887 539 2912 est
566 2891 642 2918 pars
673 2884 832 2919 nemoris,
866 2891 924 2912 nec
956 2883 1023 2912 luci

223 2934 298 2957 suntv
323 2929 494 2957 arboribus
519 2931 653 2967 consiti,
687 2929 725 2958 cf.
753 2926 790 2966 S,
824 2927 896 2957 101.
947 2930 1021 2958 Liv.

222 2971 275 3009 24,
303 2972 320 3001 3
352 2971 464 3003 Lucus
486 2972 543 3010 ibi,
566 2972 748 3014 frequenti
768 2972 859 3003 silva
887 2976 918 3003 et
941 2983 1023 3014 pro-

223 3016 308 3047 ceris
330 3017 454 3049 abietis
475 3018 658 3050 arboribus
683 3023 836 3061 saeptus,
862 3017 957 3050 laeta
986 3018 1022 3050 ἱη

1074 907 1189 938 medio
1213 917 1349 949 pasena
1379 905 1512 937 habuit.
1563 909 1630 938 Cic.
1659 909 1758 946 Legg.
1791 906 1825 945 2,
1857 906 1877 936 S

1075 953 1170 984 lucos
1195 953 1229 984 in
1258 953 1359 995 agris
1382 951 1532 984 habento
1559 957 1589 983 et
1612 952 1742 983 Larum
1769 953 1877 983 sedes.

1075 1004 1184 1036 Neque
1217 1002 1346 1030 omnino
1386 998 1485 1029 lucus
1517 1002 1715 1029 vocabulum
1755 999 1878 1029 silvam

1074 1048 1245 1084 significat.
1295 1049 1345 1076 lta
1363 1046 1473 1075 omnia
1491 1046 1606 1076 facilia
1624 1050 1652 1075 et
1677 1047 1779 1081 plana
1802 1050 1879 1075 sunt

1074 1098 1103 1122 et
1134 1094 1304 1123 concordat
1339 1093 1537 1122 adiectivum
1576 1100 1689 1132 opaca
1730 1096 1760 1121 et
1795 1099 1879 1127 quae

1075 1142 1168 1168 habet
1189 1142 1314 1168 Probus
1340 1140 1380 1167 ad
1398 1141 1433 1167 G.
1464 1136 1491 1173 1,
1521 1136 1560 1165 10
1588 1139 1785 1175 „oraculum
1806 1139 1878 1167 eius

1075 1186 1221 1220 (Fauni)
1251 1186 1283 1213 in
1309 1186 1463 1213 Albunea
1487 1184 1761 1213 Laurentinorum
1788 1184 1880 1212 silva

1073 1231 1155 1267 est&
1197 1235 1226 1259 et
1258 1232 1444 1259 Bonstetten
1486 1230 1614 1259 invenit
1656 1230 1773 1258 fontem
1814 1239 1878 1258 non

1074 1278 1186 1312 procul
1224 1284 1242 1305 a
1279 1278 1395 1310 templo
1427 1277 1546 1305 Annae
1578 1277 1749 1305 Perennae
1782 1284 1880 1311 prope

1074 1324 1165 1352 viam
1186 1323 1410 1357 Ardeatinam,
1437 1322 1492 1356 qui
1516 1330 1602 1351 nunc
1620 1322 1738 1351 dicitur
1757 1321 1879 1360 Aequa

1074 1367 1249 1402 solforatrz
1290 1364 1466 1397 ‹1⁷Ani11ri.
1531 1369 1592 1396 Sed
1635 1372 1742 1396 tamen
1781 1376 1879 1402 quum

1075 1416 1149 1443 llor.
1175 1415 1208 1443 C.
1239 1411 1267 1449 1,
1295 1412 1325 1449 7,
1355 1411 1393 1441 12
1421 1414 1539 1442 fontem
1565 1411 1759 1442 Albuneam
1785 1421 1880 1441 reso-

1074 1463 1213 1489 nantem
1242 1469 1338 1495 prope
1355 1460 1455 1488 Tibur
1479 1460 1631 1494 oppidum
1656 1463 1878 1495 memorasset,

1073 1511 1101 1535 et
1128 1507 1262 1535 Albuna
1289 1507 1401 1541 aliqua
1429 1506 1512 1534 inter
1537 1506 1686 1541 sibyllas
1720 1505 1878 1540 proferre-

1073 1557 1123 1580 tur
1142 1553 1211 1580 Tib.
1241 1550 1270 1587 2,
1297 1552 1327 1586 5,
1355 1550 1408 1586 69,
1438 1556 1467 1580 et
1485 1552 1629 1580 Tiburtis
1653 1552 1769 1586 aliqua
1793 1555 1878 1580 esset

1074 1599 1214 1633 Sibylla,
1242 1606 1325 1632 quae
1350 1598 1447 1626 etiam
1471 1605 1522 1632 ap.
1549 1598 1697 1626 Lactant.
1723 1595 1752 1634 1,
1780 1595 1810 1634 6,
1838 1595 1877 1624 12

1074 1645 1191 1673 dicitur
1211 1645 1382 1673 Albunea:
1409 1643 1589 1679 Virgilium
1608 1645 1745 1672 eundem
1769 1645 1878 1672 locum

1075 1691 1256 1726 intelligere
1303 1693 1516 1726 putaverunt,
1572 1697 1667 1724 quem
1722 1689 1878 1718 Horatius

1073 1736 1249 1773 signasset,
1277 1740 1306 1764 et
1327 1737 1470 1764 Albulas
1492 1742 1607 1772 aquas,
1634 1742 1717 1770 quae
1737 1739 1765 1764 et
1786 1736 1879 1770 ipsae

1074 1783 1272 1816 sulphureae
1305 1786 1395 1816 sunt,
1433 1786 1463 1810 et
1496 1789 1580 1810 nunc
1615 1781 1766 1810 dicuntur
1798 1778 1878 1809 Sol-

1066 1826 1198 1865 fatara
1224 1824 1261 1856 (Ιί
1279 1824 1405 1863 Tmoli,
1430 1828 1672 1856 intellexerunt.
1721 1828 1782 1856 Sed
1801 1827 1878 1855 tali-

1074 1876 1134 1901 bus
1175 1874 1209 1901 in
1246 1875 1343 1902 rebus
1376 1877 1538 1902 vetustate
1571 1873 1755 1902 obscuratis
1789 1881 1879 1901 error

1072 1919 1182 1948 facilis
1205 1924 1271 1957 est,
1300 1919 1365 1948 iam
1386 1924 1564 1955 propterea,
1591 1920 1673 1954 quod
1693 1921 1766 1949 loca
1787 1919 1877 1948 eius-

1075 1967 1145 1994 dem
1169 1965 1309 1994 nominis
1329 1967 1423 2000 plura
1442 1973 1540 2000 saepe
1561 1966 1792 2000 inveniuntur;
1820 1974 1876 1994 ne-

1075 2020 1137 2046 que
1174 2013 1341 2040 oraculum
1376 2014 1435 2040 hoc
1476 2011 1602 2048 Fauni,
1645 2012 1729 2046 quod
1766 2019 1879 2040 omnes

1075 2058 1191 2086 Italiae
1226 2062 1337 2091 gentes
1377 2058 1497 2092 petisse
1535 2058 1701 2094 dicuntur,
1744 2058 1879 2086 aliunde

1075 2109 1183 2132 notum
1209 2108 1266 2132 est.
1318 2105 1376 2132 Ov.
1404 2105 1438 2132 F.
1463 2100 1494 2140 4,
1522 2101 1586 2131 649
1614 2107 1771 2132 memorat
1789 2104 1876 2131 Fau-

1074 2158 1153 2178 num
1192 2150 1398 2179 incubatione
1443 2151 1613 2178 oraculum
1655 2157 1711 2184 per
1751 2153 1876 2178 noctem

1075 2197 1203 2225 dedisse
1240 2196 1316 2233 „ubi
1350 2196 1440 2223 silva
1473 2199 1588 2231 vetus,
1628 2196 1783 2229 nullaque
1821 2195 1877 2224 diu

1074 2243 1200 2271 violata
1230 2242 1337 2270 securi
1372 2239 1512 2269 stabat.“
1549 2256 1586 2260 ——
1622 2248 1724 2269 sacra
1754 2239 1878 2277 fonte:

1074 2290 1217 2326 „Nullus
1234 2288 1321 2316 enim
1340 2286 1411 2315 fons
1427 2295 1489 2315 non
1509 2284 1636 2315 sacer.“
1651 2288 1683 2315 S.
1715 2288 1876 2324 „Magno-

1073 2342 1144 2363 rum
1175 2333 1341 2362 ssuminum
1374 2333 1482 2367 capita
1513 2340 1727 2369 veneramur,
1767 2333 1876 2361 subita

1073 2384 1101 2408 et
1141 2388 1181 2407 ex
1220 2379 1327 2407 abdito
1363 2379 1451 2407 vasti
1489 2379 1598 2407 amnis
1635 2378 1760 2413 eruptio
1798 2386 1875 2408 aras

1073 2423 1189 2454 ΗΜΘΝ
1229 2427 1301 2453 Sen.
1336 2426 1393 2459 Ep.
1427 2422 1480 2453 41.
1519 2423 1547 2453 3.
1605 2425 1683 2453 Inde
1720 2425 1876 2453 HoratIus

1072 2471 1190 2499 fontem
1216 2470 1344 2499 omnino
1371 2470 1508 2506 signans
1533 2470 1630 2499 dixit:
1659 2478 1774 2509 aquae
1799 2467 1876 2499 lene

1073 2518 1178 2555 capnt
1204 2523 1326 2544 sacrae
1351 2517 1384 2545 C.
1417 2514 1443 2553 1,
1472 2515 1500 2554 1,
1527 2514 1581 2544 22.
1630 2517 1753 2545 Tamen
1776 2523 1876 2551 quum

1074 2565 1134 2591 hoc
1161 2564 1230 2590 loco
1257 2564 1392 2590 oracula
1419 2562 1511 2599 fiant,
1547 2570 1619 2591 eam
1653 2564 1691 2591 ob
1721 2569 1874 2591 caussam

1074 2616 1204 2638 sacrum
1229 2616 1302 2637 esse
1329 2608 1445 2636 fontem
1473 2608 1667 2643 putaverim.

1117 2651 1171 2682 8⁴.
1199 2654 1374 2691 „Mephitis
1404 2655 1532 2689 proprie
1563 2658 1611 2683 est
1636 2658 1740 2682 terrae
1769 2655 1873 2689 putor,

1071 2701 1126 2735 qui
1154 2701 1192 2728 de
1223 2700 1320 2734 aquis
1353 2700 1500 2729 nascitur
1531 2699 1732 2735 sulphuratis
1759 2702 1791 2726 et
1823 2702 1873 2726 est

1071 2746 1104 2774 in
1135 2746 1322 2775 nemoribus
1353 2746 1487 2782 gravior
1513 2754 1556 2775 ex
1581 2745 1740 2774 densitate
1765 2743 1873 2772 siiva-

1071 2790 1176 2820 rumst‘
1209 2794 1240 2820 S.
1290 2793 1392 2826 Quam
1424 2791 1575 2826 propensi
1613 2794 1721 2819 autem
1753 2788 1874 2818 fuerint

1071 2842 1211 2872 veteres,
1236 2845 1348 2866 omnes
1373 2846 1426 2866 res
1446 2844 1466 2865 a
1488 2837 1601 2865 divina
1621 2835 1765 2870 potentia
1784 2840 1873 2865 ortas

1070 2884 1222 2918 cogitare,
1245 2884 1318 2911 inde
1336 2887 1425 2918 potes
1442 2882 1633 2918 intelligere,
1649 2882 1732 2916 quod
1747 2882 1872 2916 Mephi-

1070 2929 1111 2957 tis
1145 2931 1222 2958 deae
1253 2930 1351 2957 aedes
1384 2932 1453 2957 erat
1485 2928 1517 2956 in
1545 2927 1691 2961 Hirpinis
1724 2927 1765 2955 ad
1791 2928 1873 2956 Aul-

1069 2975 1175 3004 sancti
1212 2976 1334 3004 vallem
1368 2974 1407 3003 cf.
1440 2982 1470 3003 v.
1502 2971 1567 3002 564
1599 2980 1645 3007 sq.
1703 2969 1752 3001 Pl.
1786 2973 1871 3003 coni.

1070 3017 1238 3050 exhalant
1266 3022 1400 3061 stagna
1430 3027 1472 3048 m.
