2023 3350
732 67 969 101 AENEIDOS
1002 68 1087 101 LIB.
1115 70 1192 101 vll.

255 181 345 223 Hos
385 194 515 235 super
549 180 723 222 advenit
758 181 916 223 Volsca
953 181 1006 223 de
1043 185 1169 236 gente
1207 181 1402 234 Camilla,

142 239 307 292 Agmen
344 252 477 293 agens
515 238 707 291 equitum
741 241 785 280 et
820 239 1022 281 fiorentes
1059 253 1158 281 aere
1196 243 1402 291 catervas,

140 297 373 348 Bellatrix,
414 309 500 337 non
535 296 612 337 illa
650 296 746 337 colo
784 296 1020 338 calathisve
1055 297 1275 339 Minervae

1704 296 1788 335 805

141 354 362 395 Femineas
400 353 582 395 adsueta
623 368 797 406 manus,
836 354 910 396 sed
939 354 1107 408 proelia
1142 354 1264 408 virgo

138 412 260 452 Dura
298 411 390 465 pati
424 424 636 464 cursuque
673 411 831 465 pedum
870 415 1146 466 praevertere
1182 415 1344 453 ventos.

139 469 221 527 Illa
254 469 320 509 vel
354 468 543 510 intactae
579 469 734 522 segetis
772 484 850 523 per
885 483 1051 510 summa
1086 469 1254 510 volaret

140 526 367 577 Gramina,
406 539 484 567 nec
522 529 692 567 teneras
728 541 854 568 cursu
890 526 1089 568 laesisset
1124 527 1308 578 aristas;

139 583 219 625 Vel
255 597 373 625 mare
409 598 486 637 per
525 584 714 625 medium
751 584 884 626 fluctu
922 597 1129 638 suspensa
1163 582 1359 633 tumenti,

1703 584 1788 623 810

138 641 291 682 Ferret
324 641 426 692 iter,
471 641 629 683 celeres
664 655 742 683 nec
779 642 995 695 tingueret
1028 654 1217 694 aequore
1254 641 1439 695 plantas.

136 698 262 740 Illam
296 699 433 739 omnis
471 699 597 740 tectis
637 699 839 753 agrisque
875 699 1010 741 effusa
1043 699 1241 740 iuventus

138 755 370 809 Turbaque
406 756 591 798 miratur
627 760 810 798 matrum
852 760 894 798 et
928 758 1179 810 prospectat
1218 757 1400 804 euntem,

137 814 349 855 Attonitis
384 813 554 855 inhians
589 815 762 866 animis,
803 817 853 856 ut
886 814 1029 868 regius
1066 817 1184 855 ostro

137 871 262 913 Velet
297 871 434 913 honos
470 872 584 913 leves
621 872 838 924 humeros,
878 875 928 913 ut
962 871 1097 912 fibula
1135 870 1296 912 crinem

1703 868 1785 907 815

137 929 256 970 Auro
294 929 575 981 internectat,
615 930 789 983 Lyciam
828 933 877 970 ut
915 932 1038 983 gerat
1076 928 1172 982 ipsa
1210 927 1461 981 pharetram

136 987 193 1028 Et
232 987 496 1041 pastoralem
536 987 730 1041 praefixa
764 987 941 1042 cuspide
975 989 1173 1041 myrtum.

136 1137 259 1169 bnlosa
277 1137 384 1180 palus
408 1142 608 1180 restagnat,
634 1141 665 1170 01
689 1141 767 1169 ntro
792 1138 939 1168 liventes

136 1194 239 1214 coeno
260 1194 322 1225 μοι·
348 1183 515 1225 squalida
540 1183 702 1215 turbidus
727 1194 816 1215 arva
841 1183 938 1225 cogit

136 1240 248 1270 aquas
274 1230 394 1269 Ufens,
416 1234 522 1271 atquc
540 1228 650 1269 inficit
670 1239 824 1270 aequora
843 1228 936 1259 limo.

137 1278 252 1306 Claud.
278 1277 311 1305 in
332 1279 424 1306 Proh.
449 1285 536 1307 conS.
561 1274 625 1305 255
659 1274 841 1307 'I'artlatus
865 1274 938 1306 suis

135 1321 311 1352 erroribus
344 1321 463 1361 Ufens.

329 1400 394 1432 803
408 1418 452 1422 —·-
467 1400 544 1432 817.
595 1398 748 1431 Camilla.

181 1458 259 1489 803.
286 1462 333 1489 De
353 1460 496 1489 camina
516 1459 554 1489 cf.
578 1455 631 1496 11,
659 1457 724 1486 535
745 1466 792 1493 sq.
816 1474 853 1478 —
875 1454 937 1487 hos

137 1514 264 1544 super.-
311 1508 380 1535 Hoc
410 1513 513 1545 super
544 1504 707 1541 signifieat
731 1504 796 1533 iam
821 1511 937 1533 narra-

136 1555 203 1580 tum
229 1551 269 1580 iri
295 1560 362 1580 rem
387 1549 668 1580 mirificentiorem.
717 1550 764 1579 Cf.
792 1548 869 1579 462.
895 1565 933 1569 —

135 1598 331 1627 Volscorum
356 1602 405 1626 est
431 1599 497 1626 dux
521 1596 681 1631 Camilla,
708 1596 823 1626 Volsci
845 1604 935 1626 acer-

134 1643 209 1672 rimi
233 1644 375 1672 nominis
402 1643 543 1672 Romani
573 1645 693 1671 1108108.

179 1688 256 1718 804.
283 1691 371 1718 Idem
402 1697 523 1718 versus
555 1686 615 1725 lt,
656 1685 732 1715 433.
793 1683 937 1716 Florcre

134 1741 186 1769 ap.
221 1739 334 1770 poetas
363 1737 401 1763 de
432 1735 552 1770 quavis
585 1733 785 1763 abundantia
818 1733 936 1762 dieitur

133 1780 172 1810 cf.
196 1782 291 1810 Lucr.
318 1779 354 1817 4,
388 1778 453 1808 452
490 1777 585 1808 Bina
618 1777 839 1808 lucernarum
865 1776 936 1816 flo-
964 1808 967 1810 ,

133 1824 250 1855 rentia
281 1823 418 1854 lumina
437 1823 606 1865 flammis.
657 1824 695 1862 5,
729 1822 811 1852 1441
849 1821 935 1852 'l'um

134 1879 233 1900 mare
251 1868 437 1900 velivolum
454 1867 607 1910 florebat
625 1867 776 1898 navibus
792 1866 935 1908 pandis.

180 1916 258 1945 805.
285 1917 316 1945 A
347 1917 500 1945 Minerva
533 1923 606 1944 esse
641 1915 802 1944 textrinae
832 1919 935 1944 artem

136 1962 284 1999 1100015,
311 1960 387 1990 284.
431 1959 468 1998 8,
502 1958 567 1988 409
601 1965 630 1990 01
661 1965 737 1989 nota
762 1962 935 1990 Arachnes

134 2009 273 2038 historia
298 2008 336 2037 cf.
365 2009 425 2036 Ov.
452 2010 494 2035 Μ.
524 2005 553 2043 6,
579 2005 632 2034 53.
659 2021 696 2025 -
726 2003 871 2043 calathi,
903 2006 936 2034 in

134 2055 253 2090 quibus
279 2054 428 2082 lanificae
454 2060 555 2087 pensa
581 2059 643 2080 sua
668 2052 751 2079 inter
775 2059 856 2085 opus
886 2059 937 2079 re-

134 2103 306 2135 ponebant.
356 2099 403 2128 Cf.
429 2100 487 2127 Ov.
510 2101 552 2126 Μ.
580 2095 616 2135 4,
648 2095 685 2124 10
710 2098 837 2135 parent
861 2104 937 2124 vna-

134 2149 273 2186 tresque
308 2152 487 2184 nurusquc
518 2141 677 2183 telasque
710 2139 938 2180 calathosque

134 2189 337 2231 infectaque
363 2198 474 2230 pensa
500 2190 684 2229 reponunt.

181 2235 259 2265 807.
287 2233 376 2265 dura
410 2233 508 2275 pali:
550 2236 587 2263 de
620 2233 676 2262 inf.
709 2233 747 2262 cf.
787 2229 824 2267 4,
858 2228 934 2258 564.

134 2285 159 2311 Ε
193 2291 273 2312 voce
304 2279 395 2310 dura
432 2282 472 2310 ad
503 2282 726 2320 praevertere
758 2278 936 2306 eruendum

134 2332 184 2357 est
216 2330 340 2368 potens
376 2327 415 2356 cf.
460 2323 494 2363 1,
537 2324 614 2354 356.
652 2340 690 2344 -
732 2321 844 2353 Cursu
876 2330 937 2362 pe-

134 2372 217 2403 dum
246 2374 468 2413 praevertere
500 2373 621 2401 ventos
660 2370 743 2399 satis
780 2369 937 2398 usitatum

133 2420 174 2449 cf.
205 2416 239 2455 l,
266 2416 344 2447 317.

179 2462 257 2497 808.
285 2464 332 2493 Cf.
357 2465 417 2492 Ov.
444 2465 486 2491 M.
515 2460 572 2499 10,
601 2459 667 2490 654
707 2458 810 2490 Posse
833 2461 936 2499 putes

134 2507 213 2539 illa,
239 2507 331 2538 sicca
354 2507 452 2546 freta
476 2506 602 2537 radere
625 2515 747 2547 passu,
778 2508 809 2535 et
835 2512 935 2545 segc-

133 2564 179 2585 2s
217 2562 329 2584 canae
377 2556 509 2583 slmiles
550 2559 753 2593 percurrere
793 2548 934 2580 aristas.

94 2632 96 2637 ,
134 2604 264 2636 Easque
309 2600 544 2635 descriptiones
585 2598 781 2633 repetierunt
821 2605 933 2625 omnes

134 2648 245 2677 Latini
272 2650 401 2683 poetae3
428 2653 510 2680 quae
537 2644 566 2673 si
590 2644 711 2672 nimiae
736 2643 793 2670 tibi
818 2643 933 2671 viden-

132 2698 200 2731 tur,
227 2694 379 2722 attendas
400 2691 502 2720 velim
524 2690 701 2726 Virgilium
725 2692 754 2717 et
779 2688 934 2716 Ovidium

134 2748 201 2768 rem
232 2747 296 2768 non
330 2742 364 2767 111
395 2737 514 2766 factam
543 2736 599 2764 sed
624 2742 707 2769 quae
732 2734 799 2762 fieri
825 2738 934 2768 posset

133 2787 188 2814 vel
215 2785 397 2819 videretur,
430 2790 581 2818 narrare,
615 2785 645 2810 et
668 2782 842 2808 Homerum
868 2780 934 2808 iam

134 2831 218 2860 idem
235 2831 361 2860 dixisse
385 2831 422 2858 ΙΙ.
451 2827 504 2867 20,
531 2825 608 2855 226.
657 2826 828 2855 1a1n·mira
848 2829 934 2863 sunt,

983 1146 1066 1173 (ntae
1091 1140 1203 1166 narrat
1219 1138 1297 1164 Stat.
1316 1135 1413 1162 Theb.
1438 1132 1468 1170 6,
1493 1130 1569 1161 566.
1626 1129 1676 1161 Pl.
1702 1133 1785 1161 coni.

988 1181 1058 1212 Illa
1085 1186 1114 1212 el
1146 1176 1397 1218 lactentis-(l),
1422 1179 1506 1214 quod
1530 1179 1573 1207 sit
1598 1178 1786 1214 crescentis,

984 1233 1123 1258 tenerae.
1174 1226 1303 1261 Abripit
1330 1226 1458 1254 tandem
1480 1225 1627 1254 mutandi
1651 1224 1762 1253 libido.

1031 1272 1108 1302 809.
1136 1271 1293 1302 laesisset
1320 1271 1358 1300 cf.
1385 1269 1422 1307 2,
1449 1268 1502 1299 94.

1030 1318 1107 1349 81⁸.
1129 1319 1241 1357 ferret
1268 1316 1333 1347 iter
1365 1317 1404 1346 cf.
1433 1317 1490 1344 Sil.
1523 1313 1560 1353 9,
1586 1313 1650 1343 243
1683 1312 1787 1345 citos-

984 1374 1049 1405 quc
1071 1365 1166 1399 ferre
1190 1362 1312 1392 (latum
1338 1370 1470 1390 cursus.

1030 1409 1108 1440 814.
1136 1407 1279 1439 inhians
1307 1412 1461 1445 „stupore
1485 1407 1623 1442 quodam
1648 1414 1703 1435 ore
1727 1413 1787 1440 pa-

984 1457 1127 1487 tefacti.“
1172 1458 1204 1484 S.
1250 1470 1287 1474 —
1324 1455 1495 1489 Purpurea
1530 1457 1580 1482 est
1623 1454 1786 1490 chlamys,

984 1505 1101 1539 quales
1128 1510 1239 1539 regum
1267 1502 1372 1529 solent
1395 1508 1480 1529 esse.

1030 1547 1107 1578 st5.
1135 1548 1286 1585 „Crinem
1304 1546 1376 1575 eius
1392 1554 1456 1574 non
1475 1552 1530 1574 ars
1553 1544 1703 1581 feminea,
1730 1545 1788 1573 sed

983 1595 1097 1625 virilis
1122 1595 1220 1624 fibula
1244 1592 1463 1626 militarisque
1489 1589 1669 1620 irectebat.“
1704 1591 1786 1619 Don.

1029 1639 1107 1670 816.
1138 1637 1246 1679 Lycia
1277 1635 1448 1678 pharetra
1478 1637 1518 1666 cf.
1549 1635 1588 1675 5,
1626 1632 1702 1665 311.
1745 1651 1783 1656 -—

983 1683 1063 1726 ipsa
1086 1687 1124 1716 cf.
1155 1683 1212 1722 12,
1242 1682 1318 1713 303.

1029 1729 1106 1761 siv.
1133 1734 1262 1767 Myrtus
1294 1733 1323 1758 et
1352 1732 1520 1764 pastorum
1556 1728 1591 1756 in
1621 1735 1684 1757 usu
1719 1730 1787 1755 erat

983 1782 1014 1806 et
1047 1777 1152 1807 hastis
1181 1779 1355 1812 aptabatur
1383 1774 1425 1803 cf.
1450 1772 1487 1811 3,
1523 1771 1576 1802 23.
1595 1789 1640 1792 —
1661 1774 1699 1801 In
1726 1773 1787 1802 fine

982 1824 1058 1852 libri
1092 1831 1156 1852 non
1187 1826 1234 1851 est
1266 1821 1488 1855 omittendem,
1530 1820 1614 1854 quod
1647 1818 1786 1847 Servius

982 1874 1089 1899 monet.
1118 1870 1159 1897 ad
1184 1877 1217 1897 v.
1244 1865 1329 1895 715:
1365 1865 1561 1902 „Sciendum
1583 1865 1691 1893 Turno
1715 1863 1786 1893 dari

984 1915 1114 1944 auxilia
1138 1922 1158 1944 a
1182 1918 1286 1943 tractu
1311 1912 1440 1947 Piceni,
1466 1910 1610 1947 Samnii,
1644 1910 1785 1944 Campa-

982 1962 1057 1990 niae
1092 1965 1122 1989 01
1154 1968 1209 1995 pro
1242 1962 1332 1994 parte
1363 1957 1523 1994 Apuliae,
1570 1955 1675 1985 omnis
1706 1964 1785 1984 vero

983 2007 1104 2036 'ruscia
1129 2005 1279 2040 superior
1307 2008 1337 2033 et
1358 2002 1499 2032 Venetia
1524 2002 1659 2030 Aeneae
1690 2009 1786 2036 prae-

982 2056 1046 2080 stat
1073 2048 1272 2080 auxitiumf‘
1321 2052 1441 2079 Omnes
1476 2048 1584 2084 etiam,
1621 2047 1677 2082 qui
1709 2055 1785 2076 0011-

983 2101 1034 2125 tra
1057 2098 1205 2125 Aeneam
1229 2099 1327 2131 stant,
1353 2095 1465 2128 aliquo
1487 2095 1580 2122 modo
1605 2100 1626 2121 a
1650 2093 1786 2122 Graecis

985 2144 1038 2170 vel
1068 2142 1221 2177 Pelasgis
1253 2140 1412 2176 originem
1443 2140 1611 2167 deducunt.
1660 2140 1787 2167 Multae

983 2191 1091 2215 autem
1118 2192 1149 2215 01
1174 2187 1288 2215 variae
1313 2185 1519 2218 maximeque
1550 2183 1702 2211 diversae
1727 2192 1785 2212 ex-

984 2235 1114 2261 stabant
1151 2234 1188 2261 de
1224 2229 1468 2265 antiquissimis
1498 2229 1616 2257 Italiae
1655 2229 1785 2263 populis

983 2286 1157 2312 eorumque
1195 2277 1321 2312 origine
1350 2274 1571 2310 narrationes,
1619 2282 1637 2302 0
1667 2274 1786 2308 quibus

983 2325 1058 2359 Vgl.
1087 2323 1199 2359 elegit,
1234 2329 1317 2357 quae
1347 2320 1485 2350 consilio
1515 2327 1574 2348 suo
1606 2322 1701 2353 aptas
1735 2319 1787 2348 iu-

984 2370 1130 2404 dicabam
1169 2376 1272 2403 neque
1296 2366 1482 2401 interpretis
1505 2368 1610 2400 potest
1633 2372 1707 2393 esse
1728 2372 1786 2393 eas

983 2417 1024 2444 ad
1052 2419 1172 2444 certam
1198 2414 1334 2442 formam
1358 2411 1488 2447 exigere
1514 2414 1545 2439 01
1571 2410 1647 2445 quid
1670 2418 1787 2439 verum

983 2462 1027 2490 sit
1052 2461 1258 2495 constituere,
1284 2457 1438 2494 quamvis
1463 2457 1506 2485 sit
1526 2456 1666 2485 animus,
1710 2456 1786 2485 Suf-

982 2507 1045 2536 ficit
1068 2507 1099 2535 si
1120 2507 1212 2536 modo
1233 2514 1274 2534 ex
1297 2504 1376 2533 aliis
1393 2502 1605 2537 scriptoribus
1626 2509 1665 2530 ea
1684 2501 1785 2539 affert,

983 2560 1066 2587 quae
1091 2556 1230 2587 possunt
1250 2550 1326 2585 quid
1345 2550 1418 2585 Vgl.
1440 2551 1573 2577 secutus
1596 2547 1637 2575 sit
1661 2548 1784 2577 docere.

981 2600 1120 2627 Multum
1146 2602 1255 2626 autem
1279 2595 1419 2631 proficiet
1446 2597 1475 2621 et
1498 2594 1598 2622 multo
1625 2593 1731 2629 magis
1755 2597 1786 2622 et

982 2649 1095 2678 poetae
1122 2643 1302 2672 doctrinam
1328 2646 1358 2669 et
1384 2640 1417 2667 in
1445 2639 1588 2675 singulis
1608 2639 1785 2668 consilium

982 2690 1156 2725 intelliget,
1185 2695 1283 2722 quam
1310 2695 1351 2715 ex
1377 2685 1538 2719 dispersis
1563 2685 1785 2713 annotationi-

981 2738 1041 2763 bus
1077 2735 1143 2763 fieri
1175 2734 1265 2769 licet,
1301 2732 1329 2761 si
1361 2731 1434 2765 quis
1469 2737 1553 2764 quae
1587 2731 1785 2759 Niebuhrius

982 2781 1116 2814 aliique.
1147 2781 1184 2808 de
1223 2779 1292 2807 illis
1332 2777 1482 2813 gentibus
1525 2776 1785 2811 disquisiverunt

982 2826 1152 2855 imbiberit.
