2023 3350
293 149 374 188 508

869 149 905 180 Ρ.
935 149 1125 182 VthilLu
1154 150 1361 183 MAROMS

301 259 501 301 Vibianti
542 258 729 300 medium
769 261 910 314 cuspis
947 263 1270 306 transvfflwbfflat
1306 265 1405 320 ictu}

300 317 565 369 Loricaeque
601 330 745 358 moras
783 321 826 359 et
860 322 1010 372 pectus
1043 320 1239 373 perforat
1275 323 1435 376 ingens.

292 374 371 415 Ille
408 374 526 427 iapit
561 374 748 415 calidum
788 375 950 417 frustia
985 376 1036 418 de
1073 377 1242 420 volneie
1282 380 1433 421 telum:

291 431 387 473 Una
428 431 664 484 eademque
699 433 767 474 via
808 434 981 487 sanguis
1017 435 1270 489 animusque
1305 441 1553 491 sequuntur.

292 489 375 530 Coi
379 504 399 529 1
402 489 466 529 uit
501 489 545 530 in
582 489 754 542 volnus,

799 491 985 532 sonitum
1021 506 1150 545 super
1187 508 1308 536 aima
1341 495 1514 546 deder3e

288 546 345 587 Et
385 550 548 588 terram
586 547 788 589 hostilem
827 550 1011 591 moriens
1045 551 1156 603 petit
1196 565 1269 593 ore
1307 557 1496 595 cruento.

290 603 423 654 Quem
465 604 632 646 Turnus
667 620 797 659 super
830 606 1065 649 adsistens:

1845 609 1929 648 490

287 662 499 714 Arcades,
537 662 665 712 haec,
707 664 867 718 inquit,
907 679 1118 707 memores
1157 680 1253 707 mea
1289 667 1404 708 dicta
1439 667 1596 709 referte

287 719 465 761 Euandi
469 734 514 762 o:

559 720 736 770 Qualem
779 723 952 774 meruit,
982 723 1182 765 Pallanta
1213 725 1399 766 remitto.

288 777 491 842 Quisquis
532 777 668 820 honos
705 780 883 831 tumuli,
919 780 1130 835 quidquid
1169 781 1361 823 solamen
1397 781 1603 850 humandi
1641 783 1724 833 est,

286 835 370 878 Lai
374 835 478 889 gior.

285 892 499 946 Hospitia.

540 836 669 877 Haud
705 837 770 878 illi
811 837 990 880 stabunt
1028 839 1190 881 Aeneia
1231 854 1364 893 parvo

559 894 616 936 Et
649 894 772 937 laevo
809 896 967 949 pressit
1001 896 1129 950 pede,
1160 897 1268 939 talia
1304 897 1437 950 fatus,

1823 897 1929 936 *495

286 951 559 1003 Exanimem,
607 953 779 1006 rapiens
808 954 1014 995 immania
1049 954 1243 1008 pondera
1278 954 1432 1008 baltei,

286 1009 634 1063 Impressumque
666 1011 807 1053 nefas:
845 1026 932 1053 una
968 1011 1046 1054 sub
1090 1017 1214 1054 110616
1249 1013 1383 1067 iugali

286 1067 421 1109 Caesa
462 1082 613 1109 manus
657 1069 857 1110 iuvenum
892 1069 1034 1121 foede,
1071 1070 1339 1124 thalamique
1378 1071 1564 1124 cruenti;

286 1125 403 1175 Quae
440 1125 598 1168 Clonus
634 1127 866 1181 Eurytides
902 1128 1038 1169 multo
1077 1128 1322 1170 caelaverat
1355 1142 1482 1170 auro:

286 1183 375 1233 Quo
415 1198 527 1225 nunc
562 1184 729 1226 Turnus
776 1188 876 1227 ovat
914 1186 1052 1239 spolio
1093 1186 1339 1240 gaudetque
1377 1187 1554 1240 potitus.

1848 1189 1931 1229 500

284 1241 441 1283 Nescia
478 1256 596 1284 mens
631 1242 850 1284 hominum
892 1243 973 1285 fati
1017 1245 1235 1298 sortisque
1271 1244 1442 1286 fut-urae

285 1299 341 1340 Et.
383 1313 554 1342 servare
595 1301 786 1353 modum,
823 1301 952 1343 rebus
995 1302 1168 1344 sublata
1205 1302 1418 1344 secundis!

285 1356 428 1398 Turno
468 1362 636 1412 tempus
678 1359 778 1411 erit,
813 1373 970 1413 magno
1007 1374 1138 1413 quum
1178 1360 1393 1414 optaverit
1429 1361 1621 1412 emptum

283 1415 499 1456 Intactum
534 1416 751 1469 Pallanta3
788 1420 830 1458 et
870 1431 1000 1471 quum
1035 1418 1174 1471 spolia
1212 1418 1297 1460 ista
1336 1416 1533 1472 diemque

285 1472 447 1514 Oderit.
507 1474 565 1515 At
602 1474 709 1516 socii
750 1475 884 1516 multo
921 1475 1082 1528 gemitu

328 1599 404 1631 485.
433 1599 563 1632 loricae
602 1611 720 1632 moras
762 1603 783 1632 i.
834 1613 862 1633 e.
903 1609 1083 1634 morantem

282 1647 424 1683 (telum)
468 1650 613 1678 loricam.
680 1649 734 1678 stc
779 1651 918 1686 legimus
966 1659 1082 1680 moras

277 1693 457 1731 sos-sarum
487 1693 517 1730 9,
546 1694 618 1724 1⁴3.
667 1696 788 1724 Imitati
809 1700 884 1725 sunt
910 1697 980 1725 alii.
1027 1698 1081 1727 Sic

282 1740 362 1769 dixit
374 1741 431 1768 Sil.
457 1738 487 1776 9,
509 1740 573 1769 217
596 1740 779 1779 fossarum
799 1750 949 1781 rapuere
965 1751 1082 1771 moras

281 1790 310 1814 et
335 1788 413 1815 Stat.
432 1788 528 1816 Theb.
549 1786 598 1823 10,
630 1785 691 1814 196
711 1795 895 1826 morasque
912 1786 1082 1829 frangite

278 1835 474 1871 portarum.
523 1835 571 1862 De
596 1833 740 1869 genitivo
763 1833 802 1862 cf.
829 1831 864 1870 7,
890 1830 965 1863 167.

328 1876 403 1906 4343,
433 1875 475 1906 (le
500 1888 641 1918 corpore
663 1879 880 1908 coniecturam
902 1888 944 1909 ex
965 1889 997 1908 v.
1014 1877 1080 1908 744

280 1932 342 1953 rec.
362 1922 494 1953 Rb.sed
518 1923 588 1956 Mc.
608 1934 681 1960 pro:
706 1926 864 1962 stringere
885 1927 923 1954 de
950 1935 1081 1961 corpore

281 1972 364 2005 quod
384 1979 539 2007 „prorsus
562 1972 775 2001 inusitatum“
791 1976 840 2000 est
866 1973 949 2001 coni.
975 1969 1081 2002 linxit

282 2025 317 2047 se
338 2026 365 2045 c.
396 2014 433 2045 Τ.

328 2060 403 2091 487.
430 2064 572 2094 Animus
599 2064 633 2092 in
655 2064 815 2100 sanguine
847 2064 954 2092 sedem
984 2065 1082 2092 habet

280 2110 319 2139 cf.
348 2108 385 2145 9,
412 2107 487 2139 349.

328 2152 403 2183 488.
431 2155 580 2185 sonitum
610 2161 668 2185 etc.
693 2155 731 2184 cf.
759 2152 789 2189 9,
821 2152 897 2183 709.

326 2199 402 2230 489.
436 2199 577 2230 Terram
597 2204 714 2241 petere
739 2201 870 2234 dicitur,
891 2205 992 2230 morte
1007 2209 1080 2236 pro-

282 2250 453 2283 cumbens,
491 2252 526 2277 ut
556 2250 629 2276 Sen.
657 2249 730 2277 Oed.
758 2245 821 2275 340
849 2249 978 2275 terram
1004 2244 1080 2275 vnl-

278 2302 360 2323 nere
385 2292 514 2333 afflicti
533 2296 670 2333 petunt,
688 2291 754 2322 480
781 2301 837 2322 ore
863 2290 995 2322 deiecto
1020 2301 1081 2332 pe-

280 2338 366 2370 tiere
392 2342 532 2368 terram.

327 2384 403 2414 490.
427 2387 464 2414 In
489 2387 635 2415 Romano
670 2385 813 2414 additum
850 2388 899 2412 est
935 2381 984 2413 sic
1024 2391 1081 2412 ore

278 2431 455 2473 profatur.

327 2475 402 2506 492.
428 2476 567 2505 Remitto
595 2476 706 2509 filium.
747 2476 877 2510 qualem
900 2484 935 2504 56
963 2475 1081 2504 remitti

282 2524 395 2553 meruit
420 2524 536 2552 Pallas
559 2522 745 2550 fortitudine
771 2529 855 2557 sua;
903 2523 976 2549 nolo
1008 2529 1079 2550 eum

281 2570 428 2605 foedare,
461 2576 565 2603 neque
598 2568 712 2596 saevio
738 2569 834 2596 ultra.
883 2568 952 2596 Iam
971 2567 1078 2601 ipsum

279 2616 401 2651 egregii
426 2615 558 2643 iuvenis
586 2618 615 2643 et
642 2614 744 2648 patris
765 2613 908 2642 infelicis
932 2613 1074 2642 miseret.

278 2662 385 2691 Aliter
415 2660 573 2690 intellexit
603 2662 710 2688 locum
735 2660 937 2692 Niirnberger
966 2663 994 2687 et
1019 2667 1074 2688 511-

279 2708 475 2742 perbientem
500 2706 577 2735 facit
602 2707 755 2734 Turnum.
804 2707 916 2739 Itaque
940 2706 989 2734 sic
1016 2714 1074 2733 ex·-

277 2754 465 2788 plicandum
503 2757 611 2781 esset:
660 2752 700 2780 Ut
736 2751 931 2780 occideretur
960 2752 1075 2780 Pallas

278 2800 410 2836 meruit,
452 2800 533 2833 quod
559 2798 652 2826 nobis
676 2799 796 2826 bellum
824 2797 942 2826 inferre
963 2797 1074 2825 iussus

277 2849 325 2873 est
358 2848 398 2875 ab
430 2845 599 2878 Evandro,
636 2851 735 2878 quare
766 2843 796 2871 is
825 2850 860 2871 se
892 2845 1075 2872 consoletur

276 2892 394 2919 mortui
421 2891 477 2918 filii
504 2891 687 2925 sepultura,
723 2890 778 2924 qui
813 2893 921 2923 posset
961 2889 1078 2918 laetari

276 2937 366 2964 vivo.
414 2936 520 2965 Etiam
553 2943 665 2970 presso
701 2937 778 2969 pede
812 2935 996 2969 superbiam
1027 2935 1077 2962 in-

278 2982 380 3010 dicari
407 2986 505 3016 putat.
553 2983 591 3010 Et
621 2981 747 3010 firmare
774 2980 846 3009 e'am
881 2981 1076 3014 explicatio·

278 3034 351 3055 nem
382 3035 413 3055 v.
456 3024 532 3055 514.
572 3027 710 3056 videtur.
767 3028 888 3056 Tamen
926 3026 959 3055 in
990 3026 1075 3061 ipsis

278 3072 389 3100 verbis
411 3073 511 3101 Turni
538 3081 600 3102 non
626 3077 759 3108 apparet
784 3073 842 3101 illa
865 3073 1027 3107 superbia.

1118 1476 1397 1530 lacrimisque
1800 1502 1802 1505 ν
1847 1476 1928 1515 505

1175 1603 1250 1634 493.
1276 1602 1445 1634 solamen:
1495 1604 1677 1641 „solatium
1722 1607 1772 1633 est
1808 1604 1930 1634 viven-

1128 1651 1206 1680 tium
1239 1654 1373 1680 humare
1403 1647 1593 1680 defunctos“
1618 1652 1649 1679 S.
1682 1653 1713 1679 et
1743 1658 1929 1686 supremum

1126 1697 1168 1725 iis
1190 1699 1341 1732 praebere
1362 1700 1523 1726 honorem.

1173 1740 1248 1771 494.
1275 1740 1372 1771 haud
1409 1751 1521 1781 parvo
1559 1739 1702 1772 stabunt
1743 1741 1764 1770 i.
1800 1750 1827 1770 6.
1863 1750 1929 1770 non

1127 1795 1230 1823 parvo
1272 1789 1337 1817 sibi
1372 1793 1461 1817 stare
1497 1788 1640 1824 putabit,
1673 1788 1754 1823 quod
1779 1788 1927 1817 Aeneam

1127 1835 1291 1869 exceperit
1330 1835 1481 1870 hospitio.
1538 1832 1588 1863 Pl.
1624 1841 1681 1869 pro
1702 1840 1817 1873 parvo
1843 1834 1926 1863 coni.

1127 1878 1231 1909 tanti.

1173 1924 1249 1955 495.
1276 1927 1393 1955 Pedem
1430 1925 1596 1961 imponere
1628 1924 1735 1955 occiso
1770 1924 1856 1953 hosti
1886 1926 1927 1954 ad

1125 1973 1321 2001 detrahenda
1359 1972 1466 2007 spolia
1505 1976 1535 2000 et
1567 1971 1774 2001 indicandam
1822 1970 1929 2000 victo-

1125 2018 1207 2047 riam
1232 2019 1364 2053 saepius
1390 2016 1443 2054 12,
1463 2016 1540 2045 356.
1565 2019 1624 2047 Ov.
1650 2020 1693 2046 M.
1716 2014 1748 2054 8,
1773 2013 1850 2045 425.

1172 2062 1391 2093 497.s1a1·1m
1432 2066 1472 2093 ad
1516 2064 1755 2093 nominativum
1798 2063 1927 2101 transit,

1125 2118 1218 2144 quem
1262 2111 1370 2140 dicunt
1409 2112 1594 2139 absolutum
1627 2109 1667 2139 cf.
1692 2107 1729 2147 2,
1765 2106 1840 2137 170.
1888 2111 1926 2138 In

1125 2157 1291 2184 Pallantis
1315 2158 1419 2185 balteo
1444 2164 1637 2191 expressum
1669 2158 1737 2184 erat
1762 2154 1844 2183 illud
1868 2164 1926 2184 ne-

1125 2201 1175 2230 fas
1210 2203 1413 2239 Danaidum,
1452 2210 1535 2238 quae
1574 2202 1709 2231 maritos
1747 2208 1826 2230 suos
1858 2201 1928 2230 Aes

1125 2249 1217 2284 gypti
1252 2248 1335 2277 tilios
1376 2256 1443 2277 una
1480 2251 1572 2277 nocte
1612 2255 1783 2276 necavere.
1845 2249 1926 2277 Eam

1125 2302 1191 2322 rem
1224 2294 1347 2323 Statius
1379 2294 1412 2322 in
1447 2294 1550 2329 clipeo
1581 2295 1741 2328 sculptam
1773 2294 1927 2323 describit

1125 2340 1223 2369 Theb.
1246 2337 1276 2377 4,
1304 2337 1376 2368 132.
1430 2336 1482 2368 Pl.
1521 2341 1594 2369 vult
1632 2338 1734 2376 nefas
1781 2335 1926 2374 Danai,-

1124 2383 1186 2413 sub
1208 2388 1315 2414 nocte.
1365 2386 1468 2419 Quum
1493 2384 1522 2421 5,
1552 2383 1617 2413 5363
1643 2389 1748 2415 crater
1767 2385 1924 2420 imprimi-

1125 2434 1175 2459 tur
1202 2431 1327 2467 signis,
1366 2433 1398 2459 h.
1430 2432 1451 2459 1.
1484 2431 1592 2466 ipsum
1617 2431 1711 2460 nefas
1743 2431 1785 2466 (i.
1817 2439 1844 2460 e.
1878 2431 1925 2460 si-

1125 2478 1242 2513 gnum)
1270 2477 1475 2512 imprimitur.
1502 2493 1547 2497 —
1572 2474 1682 2517 Rapit
1707 2475 1811 2512 nefas
1833 2480 1868 2506 ut
1891 2474 1923 2515 8,

1124 2520 1185 2550 731
1220 2522 1352 2551 Aeneas
1378 2520 1469 2551 toltit
1489 2521 1581 2560 fata,
1599 2524 1773 2562 nepotum.

1172 2565 1248 2596 498.
1274 2568 1420 2598 Artificis
1444 2577 1559 2598 nomen
1594 2569 1704 2604 posuit
1735 2572 1850 2605 poeta,
1889 2570 1923 2596 ut

1123 2614 1268 2649 saep'ms.
1318 2614 1372 2644 Sic
1402 2619 1556 2644 memorat
1583 2614 1623 2651 5,
1657 2612 1721 2642 359
1746 2614 1922 2650 Didymao-

1122 2669 1205 2695 nem,
1228 2658 1258 2695 9,
1285 2658 1349 2687 30⁴
1375 2661 1576 2698 Lycaonem,
1599 2662 1635 2690 E.
1661 2659 1691 2696 3,
1711 2658 1753 2688 37
1776 2659 1920 2689 Alcime—

1122 2707 1256 2735 dontem.
1306 2707 1401 2735 Talia
1438 2707 1570 2736 nomina
1598 2715 1662 2736 non
1690 2710 1807 2736 temere
1847 2703 1921 2733 ficta

1121 2760 1194 2781 esse
1218 2753 1385 2787 probabile
1409 2757 1468 2781 est.

1168 2796 1243 2826 500.
1269 2800 1369 2834 ovat,
1398 2799 1575 2835 gloriatur,
1600 2798 1725 2834 gaudet.
1773 2794 1813 2824 cf.
1842 2792 1918 2823 690.

1124 2859 1162 2863 -
1191 2841 1397 2884 gaudetque
1419 2842 1554 2882 potitus
1578 2843 1600 2872 i.
1625 2851 1654 2874 6.
1679 2848 1777 2876 quum
1799 2840 1919 2875 potitus

1123 2893 1219 2918 esset.
1268 2889 1306 2919 cf.
1333 2887 1373 2924 2,
1399 2887 1474 2918 377.

1169 2933 1245 2963 501.
1272 2932 1416 2963 nescia:
1464 2935 1542 2972 „qni
1565 2936 1690 2969 propter
1720 2933 1804 2960 hunc
1832 2931 1919 2966 peri-

1121 2985 1213 3009 turus
1236 2986 1282 3009 est
1299 2982 1452 3016 balteum,
1473 2988 1564 3016 quem
1581 2986 1666 3007 nunc
1684 2984 1720 3006 se
1742 2977 1919 3006 sustulisse

1119 3024 1292 3058 laetatur.“
1318 3028 1349 3054 S.
1374 3026 1414 3055 cf.
1447 3023 1506 3062 12,
1533 3021 1610 3052 940.
1633 3037 1672 3044 --
1703 3019 1824 3052 nescia
1846 3031 1917 3052 ser-

1121 3080 1206 3102 vare
1229 3072 1267 3102 cf.
1301 3068 1331 3101 4.
1356 3069 1431 3099 56⁴.
