2023 3350
917 100 1069 133 INDEX.

173 209 326 253 vestigia
346 211 467 254 figere
491 211 527 250 6,
552 210 628 241 159.
671 228 714 234 -
759 221 910 254 premere
933 215 964 252 6,

217 256 296 287 547.
337 273 380 278 -
422 261 581 297 torquere
604 257 636 295 6,
659 257 734 288 546.
785 275 828 280 —
873 263 964 291 retro

220 300 316 343 sequi
341 303 372 341 2,
400 302 478 332 753.

173 357 298 389 vestire
321 362 380 388 lux
404 361 512 388 locum
538 358 687 388 dicuntur
709 358 739 398 6,
764 358 841 390 640.

180 412 325 444 res-ulus
348 423 390 443 m.
419 412 470 451 10,
495 412 573 443 708.

172 471 309 542 υείιιεέα
347 471 498 499 dicuntur
529 479 613 501 saxa
638 472 726 502 urbis
752 474 904 509 antiquae
929 472 962 511 8,

220 514 261 542 47
290 536 297 543 .

171 562 327 589 vetustas
349 561 488 589 liabetur
508 569 563 596 pro
591 567 674 592 teste
700 562 731 598 9,
764 563 816 592 79.

171 612 335 644 vexillum
361 618 527 645 sublatum
560 623 610 646 est
641 618 769 653 signum
802 620 842 648 ad
872 627 962 648 arma

216 667 295 689 esse
327 664 588 692 concurrendum
622 668 652 692 et
684 665 797 699 populi
825 666 961 700 cogendi

217 703 250 740 8,
280 705 306 734 1.

170 747 230 779 υἰα
249 748 326 788 leti,
351 751 415 780 iter
442 752 553 782 mortis
578 752 609 788 3,
635 752 709 783 684.
739 770 783 774 ——-
808 752 963 784 invenire

217 793 310 825 viam
337 795 375 831 3,
404 796 480 826 395.
527 813 571 817 —
615 808 731 828 secare
754 799 792 837 6,
819 800 893 830 900.
918 817 962 820 -

217 838 363 870 evadere
385 841 421 878 2,
452 841 528 872 731.

171 884 306 915 vibrare
333 884 471 926 spicula
494 888 545 926 11,
569 887 645 918 606.

171 929 262 960 vices
289 931 321 967 9,
349 930 426 961 164.

170 974 254 1006 victi
277 978 410 1006 veniam
437 983 569 1008 orantes
593 984 622 1008 et
648 988 763 1010 manus
788 983 958 1011 tendentes

222 1021 274 1057 11,
299 1021 377 1051 414.

170 1064 279 1096 victor
298 1067 374 1096 belli
403 1066 453 1103 10,
479 1066 555 1097 370.
599 1085 637 1090 -
681 1072 734 1106 qui
760 1072 958 1107 propositum

217 1111 349 1147 perfecit
375 1112 407 1149 2,
435 1112 512 1143 329.

171 1154 284 1186 videri
307 1159 340 1186 in
364 1159 492 1187 somnis
511 1159 544 1195 2,
570 1156 648 1188 271.
682 1177 719 1181 -
752 1163 811 1190 deo
835 1163 958 1199 dicitur,

215 1204 300 1237 quod
333 1204 484 1233 hemines
515 1213 572 1234 cur
603 1206 653 1234 fiat
685 1216 749 1236 non
776 1208 960 1243 intelligunt

216 1247 257 1285 3,
287 1247 318 1276 2.
372 1264 410 1268 —
458 1250 589 1279 videndi
617 1255 718 1281 verba
751 1255 791 1282 ad
815 1255 960 1283 auditum

216 1293 458 1323 transferuntur
480 1296 512 1333 2,
537 1293 613 1325 301.

171 1336 269 1368 vides
291 1340 430 1368 orationi
453 1341 610 1370 insertum
638 1342 668 1379 6,
693 1342 767 1372 760.

173 1381 340 1421 viduare,
374 1387 503 1420 privare
527 1386 564 1424 8,
587 1387 664 1417 571.

173 1427 264 1470 vigil
288 1430 374 1465 ignis
400 1430 436 1467 8,
461 1430 536 1461 410.

172 1472 270 1511 vilis,
295 1476 361 1504 vile
384 1478 504 1513 vulgus
537 1476 591 1514 11,
618 1476 695 1507 372.

171 1518 292 1549 vinum
319 1529 516 1550 conversum
551 1523 583 1551 in
615 1523 806 1558 sanguinem
831 1521 861 1559 4,
884 1522 960 1552 453.

216 1581 261 1585 —-
287 1563 372 1595 vina
396 1575 479 1596 vasa
505 1568 574 1597 vini
600 1569 804 1603 potissimum
830 1570 961 1604 signant

218 1610 255 1647 9,
283 1609 360 1640 319.

171 1652 309 1685 vincere
334 1665 361 1686 c.
389 1664 459 1686 acc.
485 1658 556 1687 eius
581 1660 644 1696 rei,
675 1659 707 1688 in
733 1667 796 1694 qua
820 1660 962 1689 vincitur

224 1700 274 1738 10,
300 1700 376 1731 370.
399 1717 443 1723 —
466 1704 538 1732 sine
565 1705 626 1733 obi.
650 1704 681 1742 6,
703 1703 780 1734 824.

172 1744 323 1784 violare,
370 1753 493 1777 mutare
527 1754 674 1779 naturam
704 1749 752 1788 12,
783 1748 836 1779 67.
867 1766 904 1771 —-
929 1751 961 1780 in

219 1795 316 1821 rebus
338 1794 446 1823 sacris
479 1794 527 1831 11,
553 1794 629 1824 255.

172 1847 295 1889 vipera
320 1851 423 1879 differt
453 1853 493 1880 ab
521 1853 624 1886 hydra
650 1850 680 1889 7,
706 1852 781 1881 753.

180 1904 320 1936 Virbius
345 1910 444 1936 heros
470 1908 501 1944 7,
527 1906 603 1937 761.

172 1961 320 1992 viretum
349 1967 378 1992 et
404 1961 570 1994 virectum
589 1964 619 2002 6,
647 1964 723 1993 638.

171 2017 280 2061 virga
312 2027 414 2049 aurea
444 2022 597 2050 Mercurii
628 2026 658 2050 et
689 2022 802 2051 Circes
827 2019 863 2060 7,
888 2021 962 2051 190.

217 2081 260 2086 -
288 2066 339 2094 vis
366 2067 478 2101 virgae
507 2067 659 2096 Mercurii
689 2065 719 2104 4,
747 2066 825 2096 242.

178 2108 357 2151 Virgilius
382 2114 562 2141 Romanum
601 2113 748 2148 sequitur
785 2121 902 2142 morem
935 2112 962 2150 1,

218 2155 293 2185 436.
320 2156 397 2186 512.
425 2159 472 2186 al.
497 2166 561 2186 non
592 2159 722 2187 Homeri
754 2159 782 2195 7,
817 2157 890 2187 724.
917 2175 961 2179 -

217 2202 342 2231 Nimios
381 2203 484 2232 fuisse
515 2204 709 2239 interpretes
744 2204 897 2239 antiquos
926 2206 958 2233 in

215 2248 395 2277 imitatione
418 2249 601 2284 indaganda
627 2249 676 2286 10,
701 2247 771 2278 104.
809 2266 853 2269 -
879 2251 957 2285 Quid

216 2294 315 2323 certis
334 2295 444 2323 verbis
461 2295 591 2323 aliunde
611 2296 747 2330 sumptis
767 2297 838 2330 Vgl.
856 2303 959 2330 quae-

215 2339 307 2368 sisse
331 2340 482 2369 videatur
500 2340 547 2377 10,
561 2339 628 2369 228
645 2346 674 2370 et
694 2341 795 2376 praef.
810 2355 854 2361 —-
880 2349 960 2376 quo-

217 2386 311 2413 modo
350 2386 382 2414 in
424 2387 605 2415 nominibus
648 2387 877 2422 geographicis
917 2388 959 2416 sit

217 2435 371 2459 versatus
397 2430 427 2467 3,
451 2432 482 2461 6.
511 2446 552 2452 -
579 2434 739 2467 quomodo
764 2434 796 2461 in
824 2433 960 2461 nomini-

215 2478 278 2505 hus
300 2476 457 2511 fingendis
481 2477 527 2515 10,
551 2477 620 2506 166.
649 2493 687 2498 —
714 2479 854 2513 singulis
873 2479 958 2507 locis

216 2526 307 2556 aptat
340 2524 482 2557 epitheta
521 2528 551 2552 et
584 2524 714 2552 nomina
739 2522 776 2560 4,
809 2522 887 2553 393.
918 2540 955 2544 -

217 2569 379 2601 quomodo
405 2572 511 2597 utatur
535 2570 686 2604 epithetis
708 2576 751 2598 ex
773 2570 957 2598 nominibus

218 2613 359 2647 propriis
388 2615 526 2650 sumptis
559 2614 607 2652 12,
637 2614 691 2644 82.
720 2631 758 2635 -—
784 2615 957 2649 interponit

220 2665 283 2686 uno
311 2660 458 2688 alterove
491 2662 592 2689 verbo
622 2669 717 2690 suum
748 2661 899 2689 iudiciuin
926 2659 956 2698 7,

217 2701 272 2731 73.
312 2719 355 2723 —
392 2704 485 2734 infert
508 2714 614 2735 rerum
640 2712 671 2735 et
698 2709 871 2735 verborum
897 2714 958 2735 ex-

219 2749 413 2783 plicationes
443 2749 492 2787 11,
515 2750 591 2780 543.
620 2767 656 2772 -
677 2754 811 2781 eosdem
837 2759 957 2781 versus

219 2802 283 2822 uno
315 2796 462 2822 alterove
495 2798 591 2825 verbo
627 2801 747 2826 mutato
786 2798 901 2832 repetit
925 2796 957 2833 8,

217 2838 271 2868 42.
317 2855 361 2858 —
410 2840 599 2875 priusquam
642 2847 775 2871 mortem
818 2843 955 2871 nominis

216 2885 368 2914 clarioris
393 2890 515 2922 narrat,
545 2887 654 2921 aliqua
679 2889 751 2916 eius
775 2888 840 2916 fata
861 2888 955 2916 refert

217 2930 249 2967 9,
280 2928 351 2960 177.
378 2946 421 2950 —
447 2939 489 2960 ex
514 2933 659 2961 oratione
682 2934 797 2962 transit
826 2934 857 2962 in
882 2941 956 2962 nar-

217 2976 375 3005 rationem
407 2976 455 3014 11,
481 2975 558 3007 537.
607 2993 651 2998 —
695 2980 786 3016 Alia,
811 2986 893 3014 quae
917 2980 957 3008 ad

1711 102 1787 142 701

1052 216 1205 246 carminis
1220 220 1370 252 spectant
1387 215 1560 246 consilium
1577 219 1608 246 et
1623 216 1792 255 rationem,

1052 262 1083 290 in
1108 262 1308 296 praefatione
1333 263 1416 291 dicta
1440 267 1525 291 sunt.

1004 303 1129 335 viridis
1153 311 1302 344 vegetus,
1327 309 1365 336 de
1390 308 1574 337 hominibus
1599 306 1630 344 5,
1654 307 1731 336 295.

1005 350 1116 380 virtus
1140 353 1180 380 ad
1204 355 1331 381 coelum
1365 355 1474 382 evehit
1495 353 1526 390 6,
1548 351 1620 382 130.
1664 368 1709 373 -—
1757 361 1791 382 v.

1052 397 1165 426 dicitur
1187 399 1281 426 homo
1306 397 1338 435 5,
1363 396 1437 427 754.

1007 439 1059 470 vis
1087 439 1260 482 (Mangel
1290 451 1334 471 an
1366 440 1493 481 Kraft]
1525 441 1584 480 10,
1626 442 1704 471 857.
1748 458 1793 463 -—

1049 484 1118 515 vim.
1141 485 1293 516 incutere
1316 488 1412 516 alicui
1444 487 1474 523 t,
1501 486 1556 517 69.
1603 504 1646 508 ——
1672 486 1724 517 vis
1749 490 1789 517 ad

1052 532 1378 561 circumscribendum
1395 536 1606 571 vocabulum,
1629 536 1713 569 quod
1734 536 1793 563 ad-

1052 578 1134 605 ditur
1159 578 1300 612 genitivo
1326 577 1357 615 4,
1387 577 1460 607 132.

1007 630 1138 662 viscera
1165 633 1195 670 6,
1218 633 1294 662 253.

1007 687 1112 726 visus,
1137 687 1248 718 visum
1274 690 1303 727 7,
1332 688 1407 719 102.

1007 743 1128 775 vitalis
1154 753 1243 774 aura
1273 745 1298 782 1,
1326 743 1399 775 388.

1008 799 1170 831 vitisator
1191 799 1221 837 7,
1250 801 1322 831 179.

1005 855 1146 894 vitreus,
1170 859 1355 894 pellucidus
1381 861 1419 889 de
1443 868 1529 895 aqua
1551 862 1582 898 7,
1608 862 1685 891 759.

1008 911 1115 943 vittae
1135 923 1258 951 regum,
1289 917 1467 946 hostiarum
1491 917 1523 953 2,
1549 916 1621 947 133.
1652 934 1688 939 —
1722 927 1789 948 ntu-

1051 960 1164 989 lierum
1187 960 1219 995 2,
1245 961 1315 990 165.
1346 977 1387 982 —-
1416 964 1551 992 deorum
1583 962 1620 999 3,
1648 962 1719 993 174.
1747 981 1789 984 —

1050 1007 1224 1034 solvuntur
1246 1015 1266 1036 a
1289 1008 1542 1037 vaticinantibus
1558 1010 1786 1039 sacerdotibus

1051 1049 1082 1086 3,
1110 1050 1188 1080 370.

1005 1093 1151 1125 vivendo
1178 1093 1310 1126 vincere
1330 1095 1438 1127 vitam
1463 1096 1514 1131 11.
1543 1098 1617 1128 160.

1005 1139 1125 1170 vivida
1151 1139 1238 1171 bello
1262 1140 1372 1172 virtus
1393 1143 1424 1179 5,
1450 1141 1526 1172 754.

1009 1184 1124 1223 vinus,
1162 1192 1194 1215 ut
1232 1188 1343 1216 vivum
1383 1195 1502 1218 saxum
1544 1194 1604 1218 etc.
1653 1190 1679 1228 1,
1722 1190 1794 1221 167.

1049 1246 1093 1251 -
1120 1232 1228 1262 vivum
1259 1233 1334 1262 ferri
1367 1242 1424 1269 per
1453 1242 1511 1263 ora
1543 1236 1710 1264 hominum
1744 1237 1793 1273 12,

1052 1276 1133 1306 ⁶235.

1004 1320 1062 1351 vix
1091 1337 1128 1342 —-
1156 1325 1206 1359 et,
1233 1330 1296 1362 que
1324 1323 1355 1359 5,
1382 1321 1460 1353 857.

1012 1365 1222 1397 Vocabulum
1260 1369 1304 1397 ita
1341 1369 1498 1407 positum,
1538 1373 1568 1398 ut
1610 1372 1648 1399 ad
1688 1371 1796 1406 priora

1051 1413 1277 1447 etposteriora
1301 1417 1459 1448 pertineat
1478 1413 1618 1453 12,217.
1646 1432 1682 1436 -
1710 1417 1793 1446 idem

1049 1459 1217 1493 repetitum
1244 1457 1274 1495 6,
1301 1459 1376 1488 901.

1009 1512 1149 1541 vocare,
1173 1512 1311 1541 cogere,
1352 1506 1463 1534 iubere
1487 1505 1518 1542 9,
1545 1504 1618 1534 172.
1671 1522 1707 1527 —
1759 1505 1797 1536 in

1049 1551 1184 1588 partem
1206 1549 1236 1586 3,
1263 1549 1340 1579 222.
1365 1566 1408 1570 -—-
1437 1549 1472 1580 in
1496 1553 1578 1581 vola
1603 1552 1633 1590 5,
1660 1550 1794 1582 234.—

1052 1602 1131 1623 voce
1155 1593 1185 1630 6,
1208 1594 1285 1624 247.

1013 1637 1200 1669 Vocatium
1230 1641 1261 1669 in
1296 1638 1308 1669 ἰ
1338 1642 1528 1671 nominativi
1556 1642 1588 1671 in
1619 1639 1648 1671 is
1673 1640 1705 1679 8,
1740 1640 1794 1672 72.

1050 1700 1094 1704 ——-
1125 1693 1157 1715 v.
1185 1683 1215 1715 2.
1241 1687 1322 1716 decl.
1353 1687 1383 1716 in
1418 1696 1456 1716 us
1479 1688 1516 1725 8,
1547 1685 1599 1716 77.
1627 1703 1671 1708 -
1697 1696 1794 1717 usur-

1052 1735 1145 1765 patur
1168 1731 1199 1760 in
1224 1734 1358 1761 absente
1375 1732 1407 1770 2,
1428 1733 1482 1762 56.
1507 1749 1550 1753 —
1567 1741 1623 1768 pro
1650 1734 1797 1762 nomina-

1051 1778 1117 1804 tivo
1147 1775 1193 1813 12,
1220 1776 1296 1806 947.
1326 1793 1370 1798 —-
1399 1778 1429 1806 ei
1458 1778 1600 1813 iungitur
1624 1780 1795 1808 nominati-

1052 1830 1115 1850 vus
1145 1821 1171 1859 1,
1203 1821 1277 1852 664.
1315 1839 1358 1843 —
1399 1824 1541 1859 simplex
1566 1824 1705 1853 nominis
1731 1833 1795 1853 non

1052 1868 1158 1896 addito
1203 1868 1293 1898 titulo
1333 1869 1494 1904 significat
1544 1869 1795 1900 familiaritatem

1056 1913 1106 1950 12,
1133 1912 1186 1941 56.

1010 1966 1088 1987 voce
1111 1966 1232 1987 uocare
1254 1957 1291 1995 6,
1316 1957 1383 1987 247
1408 1967 1438 1988 v.
1464 1967 1597 1989 vocare.
1622 1975 1664 1979 —
1689 1969 1794 1990 voces

1053 2004 1199 2033 eiusdem
1221 2004 1295 2033 soni
1318 2004 1449 2033 iunctae
1477 2004 1528 2042 10,
1553 2004 1626 2034 735.

1006 2058 1119 2078 vocem
1145 2057 1299 2087 premere
1321 2064 1366 2075 z
1389 2055 1498 2079 tacere
1522 2050 1557 2088 9,
1581 2049 1657 2080 324.

1006 2092 1126 2123 volare
1144 2095 1259 2124 dicitur
1276 2095 1363 2124 fama
1383 2095 1432 2132 tt),
1452 2096 1529 2125 510.
1556 2112 1592 2116 -
1620 2105 1652 2126 v.
1667 2101 1698 2125 et
1714 2104 1792 2125 nare

1051 2141 1089 2168 de
1114 2142 1226 2169 eadem
1251 2149 1285 2169 re
1314 2140 1341 2177 1,
1366 2141 1443 2170 224.

1005 2183 1142 2215 volatus
1165 2191 1194 2215 et
1220 2187 1386 2219 remigium
1413 2188 1452 2215 de
1482 2189 1595 2216 eadem
1619 2196 1653 2216 re
1677 2187 1715 2224 6,
1744 2186 1794 2217 16.

1006 2228 1122 2260 volens
1146 2232 1177 2260 in
1202 2232 1443 2266 precationibus
1469 2231 1499 2271 3,
1522 2233 1597 2263 457.

1006 2274 1155 2306 volitant
1177 2278 1303 2312 equites
1336 2277 1383 2316 ll,
1413 2277 1489 2308 546.

1013 2320 1127 2351 Volsci
1150 2321 1180 2360 7,
1209 2322 1285 2351 803.

1013 2365 1201 2397 Volturnus
1226 2368 1254 2396 fl.
1279 2369 1310 2404 7,
1336 2367 1413 2398 729.

1008 2411 1120 2442 voltus
1144 2422 1175 2442 v.
1204 2411 1328 2442 vultu&

1008 2456 1142 2487 volucer
1165 2467 1285 2488 currus
1312 2458 1360 2497 10,
1387 2457 1464 2488 440.

1006 2501 1164 2534 volutare
1187 2513 1299 2534 secum
1327 2503 1428 2534 corde
1455 2505 1480 2543 1,
1505 2506 1558 2536 50.
1598 2523 1640 2526 —
1679 2516 1793 2538 uocem

1056 2549 1081 2586 l,
1107 2548 1183 2578 725.

1005 2593 1141 2624 volvere
1165 2603 1267 2624 casus
1302 2595 1328 2633 l,
1364 2595 1394 2624 9.
1441 2612 1485 2617 ψ
1531 2605 1632 2626 curas
1663 2597 1690 2635 1,
1716 2598 1794 2629 305.

1050 2656 1092 2661 -
1116 2649 1190 2669 cum
1213 2638 1329 2670 animo
1356 2651 1418 2671 sno
1445 2640 1475 2678 6,
1502 2642 1574 2671 185.

1004 2694 1075 2726 voti
1100 2704 1177 2725 rcus
1201 2696 1238 2733 5,
1269 2696 1343 2727 237.

1050 2749 1170 2770 vocare
1195 2741 1226 2779 5,
1251 2742 1329 2771 234.

1004 2806 1069 2826 vox
1095 2797 1127 2833 6,
1150 2797 1224 2826 646.
1252 2814 1296 2818 -
1320 2796 1429 2839 longa
1449 2799 1480 2837 4,
1508 2798 1582 2829 463.
1605 2816 1649 2820 --
1667 2800 1791 2839 fracta

1048 2843 1079 2878 3,
1106 2842 1181 2871 556.
1206 2857 1251 2863 -
1281 2845 1326 2872 rei
1351 2846 1512 2874 inanimae
1529 2845 1558 2881 3,
1575 2846 1652 2877 669.
1680 2863 1716 2867 —
1746 2856 1788 2877 ex

1049 2890 1123 2916 luco
1153 2889 1262 2917 audita
1286 2894 1465 2924 portentum
1491 2888 1521 2927 7,
1550 2890 1604 2921 95.
1633 2908 1669 2912 ——
1697 2894 1791 2922 euius

1049 2938 1163 2962 auctor
1186 2942 1248 2962 non
1267 2940 1387 2973 exstat,
1413 2939 1530 2965 malum
1554 2946 1648 2967 omen
1667 2935 1697 2976 4,
1713 2938 1789 2969 457.

1049 2995 1092 2998 -
1112 2982 1252 3016 complet
1275 2988 1374 3011 aures
1402 2979 1432 3020 9,
1461 2981 1535 3011 113.

1392 2714 1435 2718 —
1482 2696 1568 2728 votis
1595 2704 1625 2728 et
1651 2697 1685 2729 iu
1708 2703 1791 2731 vota
