2023 3350
689 129 924 163 AENEIDOS
953 131 1038 163 ΠΒ.
1064 131 1128 163 III.

1650 131 1729 170 127

92 244 296 296 Olearon,
333 244 583 298 niveamque
619 243 776 296 Paron,
815 258 1073 298 sparsasque
1110 258 1188 297 per
1228 257 1392 298 aequor

94 301 325 357 Cycladas,
369 305 413 343 et
451 301 611 343 crebris
648 302 829 355 legimus
864 302 975 344 freta
1010 303 1178 344 concita
1215 302 1354 345 terris.

90 361 300 402 Nauticus
340 360 531 401 exoritur
568 360 686 401 vario
720 360 953 401 certamine
991 359 1172 411 clamor3

91 418 337 460 Hortantur
372 417 491 469 socii,
536 417 707 460 Cretam
742 431 1011 471 proavosque
1051 421 1260 471 petamus.

92 475 373 529 Prosequitur
413 488 592 529 surgens
625 489 652 517 a
691 476 827 529 puppi
866 479 1015 517 ventus
1054 479 1214 527 euntes,

1653 476 1732 514 130

91 533 149 575 Et
183 532 358 574 tandem
389 533 578 586 antiquis
610 533 812 575 Curetum
845 533 1090 575 adlabimur
1129 534 1227 575 oris.

91 591 207 645 Ergo
238 590 388 632 avidus
426 605 571 633 muros
610 594 786 646 optatae
824 592 978 633 molior
1014 591 1145 643 urbis,

90 649 454 702 Pergameamque
486 663 589 691 voco
631 653 673 691 et
710 650 868 691 laetam
908 649 1158 702 cognomine
1194 651 1362 701 gentem

90 706 254 748 Hortor
285 720 429 748 amare
466 706 604 759 focos,
651 708 896 763 [arcemque
933 707 1134 748 attollere
1173 706 1311 747 tectis.

90 765 271 818 Iamque
306 764 396 806 fere
425 765 538 806 sicco
578 764 817 807 subductae
852 765 978 806 litore
1014 778 1192 819 puppes,

1654 764 1730 803 135

95 822 327 865 Connubiis
363 823 560 877 arvisque
596 824 717 866 novis
759 827 938 877 operata
977 821 1203 876 iuventus]

90 881 192 922 Iura
227 880 462 935 domosque
500 880 680 934 (labam,
726 881 868 922 subito
906 894 1038 933 quum
1073 879 1225 921 tabida
1256 877 1469 929 membris,

93 937 309 992 Corrupto
347 939 456 980 caeli
485 942 644 991 tractu,
683 938 1010 991 miserandaque
1047 938 1163 979 venit

92 995 415 1050 Arboribusque
456 997 646 1051 satisque
683 997 774 1039 lues
808 1001 849 1038 et
884 995 1025 1037 letifer
1062 1009 1208 1036 annus.

92 1053 365 1108 Linquebant
398 1054 542 1097 dulces
583 1055 764 1107 animas,
809 1057 885 1096 aut
915 1067 1045 1106 aegra
1076 1051 1309 1094 trahebant

95 1186 166 1214 val.
198 1186 245 1213 Fl.
280 1182 316 1221 3,
350 1182 389 1211 21
429 1180 608 1223 Dindyma
641 1179 820 1212 bacchata.
846 1197 890 1202 —

100 1227 214 1270 Iagis,
248 1230 281 1258 in
313 1229 495 1265 montibus,
529 1231 637 1257 locum
665 1230 789 1265 signat,
825 1237 888 1263 quo

95 1279 208 1305 Naxos
234 1277 466 1303 bacchabatur.
499 1290 544 1293 —
584 1272 737 1303 [iridem
771 1272 889 1303 Donu-

94 1330 170 1351 sam
204 1328 246 1358 „a
279 1323 389 1349 colore
422 1321 616 1348 marmoris·
653 1324 685 1349 S.
721 1325 751 1348 ut
786 1319 889 1349 nivea

95 1369 200 1396 Paros
227 1369 265 1396 ob
289 1374 430 1395 marmor
453 1367 636 1395 candidum.

144 1412 216 1442 126.
244 1414 383 1442 Olearos
399 1413 472 1440 sive
489 1413 618 1441 Oliaros
640 1420 660 1441 a
679 1414 763 1441 Paro
783 1413 890 1440 orien—

96 1463 159 1487 tem
174 1467 305 1487 versus.
335 1461 428 1495 „Non
441 1458 554 1487 adiecit
573 1459 749 1493 epitheton.
767 1466 890 1487 caussa

96 1505 301 1534 varietatis*
329 1508 361 1533 S.

144 1549 217 1579 127.
245 1547 448 1590 „Legimus,
467 1550 676 1585 pervehimur
693 1554 723 1579 ut
739 1550 770 1586 2,
786 1550 888 1579 20&-

95 1599 128 1625 S.
163 1594 298 1626 Crebris
316 1593 409 1625 vada
425 1594 594 1625 concita
612 1594 714 1626 terris
730 1598 888 1635 FMPybc.

95 1644 137 1671 al.
162 1646 193 1670 et
215 1645 308 1670 Serv.
337 1642 406 1676 qut:
455 1644 632 1676 „Naturale
659 1648 727 1680 est,
751 1647 782 1670 ut
810 1651 890 1671 0011-

95 1688 244 1717 citatiora
278 1688 343 1717 sint
371 1688 474 1716 maria
507 1689 673 1725 vicinitate
709 1687 889 1717 1611311110*-

96 1737 129 1763 S.
186 1735 294 1769 Quare
328 1741 368 1762 ea
404 1734 488 1762 inter
519 1735 687 1769 cycladas
721 1735 888 1769 navigatio

96 1782 276 1809 habebatur
301 1780 509 1816 periculosa;
537 1780 576 1809 cf.
596 1782 669 1810 Val.
692 1782 738 1809 Fl.
763 1779 794 1815 2,
821 1779 889 1808 622

101 1822 243 1854 Parium
268 1822 402 1863 infame
423 1824 586 1865 fragosis
613 1823 723 1855 vadis.
748 1842 793 1845 ——
811 1835 890 1855 con-

95 1869 166 1900 sita
192 1873 226 1900 P.
254 1876 284 1899 ut
316 1868 400 1911 Wg.
426 1876 580 1907 testatur;
615 1875 820 1906 Moretanus.
856 1876 890 1901 ut

100 1914 161 1946 Rb.
188 1917 302 1953 refert,
329 1917 383 1951 qui
405 1917 437 1945 111
463 1919 497 1945 P.
527 1916 661 1947 concita
684 1919 819 1947 invenit.

143 1961 219 1992 128.
244 1964 382 1991 Laetum
406 1969 525 1991 nautae
545 1965 720 1992 clamorem
743 1965 890 1993 certatim

94 2010 212 2037 tollunt
244 2010 283 2037 ob
316 2007 444 2036 felicem
486 2010 745 2046 navigationem,
786 2018 889 2044 seque

95 2055 180 2083 inter
219 2062 258 2083 se
294 2055 508 2083 adhortantur
549 2056 590 2083 ad
636 2057 888 2090 properandum.

95 2102 224 2130 Versus
253 2098 325 2128 128.
353 2099 417 2128 129
441 2100 529 2128 falso
554 2102 628 2128 loco
649 2101 777 2136 positos
801 2109 890 2137 esse,

95 2147 128 2174 in
153 2154 193 2175 eo
224 2145 435 2174 consentiunt
469 2142 519 2174 Pl.
558 2143 641 2187 Wg.
670 2143 734 2175 Rb.
763 2143 826 2175 Ld.
860 2151 891 2175 et

97 2199 176 2221 esse
202 2196 277 2227 post
305 2199 336 2219 v.
366 2190 429 2219 123
461 2193 650 2226 ponendos:
685 2192 719 2220 111
752 2200 790 2220 eo
822 2193 891 2221 dis-

97 2238 243 2266 sentiunt
264 2238 351 2272 quod
380 2234 463 2278 Wg.
489 2239 586 2266 etiam
608 2245 639 2266 v.
668 2237 732 2266 130
759 2242 833 2266 ante
859 2246 890 2267 v.

101 2281 166 2312 124
189 2283 288 2318 ponit.
337 2284 433 2318 Apud
459 2291 533 2312 eum
558 2288 740 2318 sequuntur
760 2291 792 2312 v.
816 2282 890 2312 123.

101 2327 281 2358 128—30.
319 2327 493 2357 124—27.
525 2327 607 2365 131,
631 2337 683 2364 ap.
709 2330 786 2358 illos
816 2328 891 2358 123.

102 2372 178 2402 128.
202 2373 257 2403 29.
281 2372 438 2404 24—27.
461 2373 516 2403 30.
541 2374 594 2404 31.
645 2375 680 2403 Si
700 2380 813 2404 nostra
832 2383 892 2404 ex-

100 2420 232 2455 plicatio
256 2421 373 2456 placet,
399 2420 428 2448 si
452 2428 536 2449 sana
560 2425 610 2449 est
632 2422 774 2457 omnino,
799 2421 894 2450 omit-

99 2466 198 2494 tenda
223 2470 273 2494 est
298 2473 454 2494 versuum
477 2467 702 2505 transpositio,
729 2474 793 2502 qua
815 2476 893 2496 sen-

99 2512 201 2540 tentia
228 2512 431 2545 pervertitur.

151 2556 224 2585 131.
252 2553 434 2593 „Tandem
461 2558 502 2585 ad
526 2558 724 2587 desiderium
756 2558 895 2594 pertinet

101 2600 350 2638 navigantium“
382 2604 414 2630 S.
463 2602 510 2631 Cf.
542 2602 619 2632 205.
652 2603 729 2632 278.
769 2604 807 2641 5,
838 2603 892 2633 34.

100 2665 145 2669 —
171 2645 362 2677 allabimur
384 2651 415 2676 ut
443 2647 474 2683 6,
502 2647 533 2676 2.
574 2648 607 2682 8,
634 2648 708 2677 108.
751 2649 802 2686 10,
827 2649 894 2678 269

102 2695 168 2723 leni
191 2700 308 2729 vento,
335 2698 365 2721 et
390 2694 552 2729 „ostendit
578 2702 773 2730 prosperam
799 2695 896 2724 navi-

52 2760 55 2761 .
102 2741 267 2776 gantonem
296 2739 414 2768 fuisse.
447 2754 492 2759 —
525 2741 662 2770 curetes
695 2745 771 2770 sunt
800 2741 896 2776 primi

102 2789 248 2816 cultores
274 2782 413 2815 (216136ιι
441 2787 473 2814 S.

106 2862 321 2895 132—146.
377 2863 417 2893 In
452 2861 567 2893 insula
602 2862 702 2894 Creta
739 2861 898 2895 laborant

395 2907 604 2950 pestilentia.

151 2966 224 3026 13‘3.
252 2965 382 2998 laetam
415 2972 569 3005 „propter
598 2969 759 3002 Pergama
798 2969 896 2997 resti-

104 3013 182 3042 tuta‘
219 3016 251 3042 S.

136 3057 226 3088 0134.
252 3056 370 3090 hortor
400 3060 441 3090 cf.
474 3059 512 3098 2,
542 3058 597 3088 33.
631 3075 676 3079 —
714 3067 896 3100 arcemque

1653 1053 1732 1092 140

938 1179 1100 1211 attollere
1122 1178 1238 1210 tectis:
1269 1177 1381 1209 Tectis
1402 1184 1452 1208 est
1478 1185 1531 1208 aut
1556 1180 1732 1216 ablativus,

937 1235 1094 1256 caussam
1128 1228 1278 1256 indicans
1311 1226 1522 1262 efficientem,
1559 1234 1635 1255 113111
1668 1234 1732 1260 quo

937 1275 1052 1302 altiora
1080 1278 1162 1301 tecta
1193 1278 1283 1302 suut.
1314 1281 1352 1299 eo
1381 1272 1478 1299 altior
1510 1280 1588 1302 arx:
1626 1273 1670 1301 ita
1700 1271 1732 1309 2,

943 1320 1003 1348 182⁷)
1037 1317 1214 1347 roboribus
1242 1316 1346 1348 tertis
1381 1315 1539 1346 educitur
1569 1326 1678 1357 equus
1703 1323 1733 1347 et

938 1365 975 1394 4.
1008 1365 1074 1393 505
1102 1362 1215 1394 taedis
1242 1362 1394 1403 erigitur
1420 1372 1525 1402 pyra.
1560 1372 1634 1392 nam
1661 1369 1732 1393 136-

939 1414 988 1439 d'ts
1021 1411 1050 1439 fit
1088 1418 1185 1445 pyra.
1225 1417 1254 1439 ut
1290 1410 1463 1438 roboribus
1495 1418 1611 1444 equus.
1667 1412 1732 1439 Aut

938 1462 988 1485 est
1008 1459 1071 1485 abl.
1091 1457 1246 1485 litateriae
1265 1455 1305 1484 ef.
1327 1454 1402 1483 613.
1453 1457 1604 1484 Praestat
1625 1461 1732 1485 tamen

937 1506 999 1532 boc
1031 1505 1105 1531 loco
1145 1501 1243 1532 tectis
1275 1501 1427 1535 accipere
1467 1502 1629 1535 11311ν11111ς
1672 1510 1732 1531 arx

937 1550 1020 1578 enim
1048 1549 1230 1577 exstruitur
1254 1550 1294 1576 ad
1320 1548 1437 1575 domus
1468 1547 1592 1583 (tecta)
1626 1554 1733 1576 1111311-

937 1597 1016 1631 das,
1051 1602 1135 1628 quae
1162 1594 1245 1622 infra
1275 1600 1360 1622 sunt.
1399 1609 1436 1612 —
1473 1593 1601 1622 Amare
1622 1593 1733 1632 focos,

936 1646 969 1670 ut
992 1641 1098 1669 simile
1117 1643 1192 1669 Tac.
1222 1642 1257 1668 H.
1279 1639 1310 1675 4,
1339 1638 1397 1667 74:
1437 1636 1588 1668 Proinde
1609 1648 1732 1679 pacem

937 1689 968 1716 et
992 1684 1118 1715 urbem.
1147 1695 1248 1726 quam
1274 1683 1354 1714 victi
1379 1683 1592 1725 victoresque
1615 1684 1732 1714 eodem

937 1730 1011 1762 iure
1035 1729 1242 1764 obtinemus.
1270 1732 1403 1762 amate.
1427 1728 1538 1760 colite.

984 1778 1058 1807 136.
1086 1781 1241 1817 operata.
1293 1779 1348 1805 Est
1378 1775 1518 1817 operari
1546 1775 1654 1806 alicui
1685 1775 1734 1806 rei

935 1825 1019 1853 idem
1047 1825 1130 1858 quod
1157 1825 1233 1852 dare
1261 1831 1413 1859 operam,
1454 1829 1485 1851 ut
1513 1824 1573 1852 ΟΥ.
1600 1825 1673 1852 Am.
1700 1823 1732 1859 2,

938 1871 972 1904 7,
995 1869 1039 1898 23
1063 1867 1196 1898 ancilla
1221 1872 1366 1908 operata
1385 1866 1525 1908 capillis
1552 1867 1736 1907 ornandis,

937 1921 966 1944 et
992 1917 1172 1951 scriptores
1201 1916 1415 1950 posteriores.

982 1964 1083 1990 Recte
1105 1962 1212 1990 haesit
1247 1958 1330 2001 Wg.
1357 1961 1388 1988 111
1415 1968 1497 1988 voce
1517 1959 1611 1998 fere,
1647 1962 1733 1995 quod

938 2015 1060 2036 vacare
1096 2008 1182 2036 omni
1216 2014 1319 2035 sensu
1353 2007 1482 2035 videtur
1514 2012 1543 2035 et
1574 2007 1732 2036 coniecit:

941 2051 1014 2082 Iam
1055 2049 1300 2093 Berecyntheo.
1361 2054 1425 2081 Sed
1465 2052 1596 2081 offendit
1636 2053 1734 2082 etiam

936 2099 1029 2136 illud,
1057 2100 1141 2133 quod
1168 2105 1342 2133 postquam
1364 2105 1474 2127 novae
1497 2099 1586 2128 urbis
1612 2099 1733 2127 mentio

939 2144 1024 2173 sacta
1050 2149 1111 2180 est,
1136 2152 1243 2173 naves
1261 2146 1444 2173 subductas
1463 2152 1542 2173 esse
1564 2150 1734 2182 memorat,

939 2191 1023 2224 quod
1051 2190 1174 2218 factum
1200 2194 1266 2223 est.
1294 2195 1325 2218 ut
1352 2191 1489 2224 primum
1515 2191 1731 2219 advenerunt.

941 2237 981 2264 At
1013 2232 1096 2276 Wg.
1124 2236 1156 2263 in
1181 2236 1230 2263 ed.
1257 2235 1380 2263 minore
1407 2235 1491 2263 1861
1516 2234 1596 2273 fere
1619 2236 1735 2265 defen-

940 2281 983 2309 dit
1015 2283 1090 2309 loco
1119 2280 1158 2316 5,
1188 2279 1271 2317 585,
1305 2288 1501 2315 puppesque
1536 2288 1602 2309 non
1640 2282 1733 2316 prius

940 2328 1120 2355 subductas
1149 2334 1227 2354 esse
1263 2327 1373 2363 docet,
1406 2327 1514 2363 „quod
1548 2330 1623 2355 ante
1657 2335 1733 2362 per-

939 2373 1077 2401 ficienda
1101 2376 1192 2400 erant
1216 2370 1376 2406 pastoral-³
1429 2368 1487 2400 Gr.
1511 2368 1562 2400 Pl.
1581 2372 1652 2401 eiic.
1675 2380 1734 2401 ar-

941 2426 1010 2448 cem
1037 2433 1081 2437 —
1105 2415 1277 2447 iuventus.
1325 2419 1488 2446 Haeserat
1517 2417 1550 2446 in
1579 2413 1630 2446 liis
1657 2426 1734 2446 ver-

940 2465 1034 2494 sibus
1048 2469 1078 2492 61
1096 2463 1292 2492 coniecturis
1307 2464 1483 2492 emendare
1498 2463 1620 2492 studuit
1636 2461 1684 2492 W
1713 2486 1733 2501 .,

941 2510 1035 2539 haesi
1061 2514 1090 2538 et
1116 2517 1187 2543 ego.
1237 2509 1386 2538 Defendit
1418 2517 1503 2537 nunc
1536 2506 1586 2537 W
1613 2531 1640 2547 .,
1675 2511 1733 2538 de-

941 2556 1040 2585 fendit
1070 2552 1131 2584 Fd.
1163 2552 1213 2584 lh.
1246 2552 1309 2583 Lrl.

988 2601 1063 2630 137.
1093 2598 1175 2630 Iura
1196 2598 1382 2640 domosque
1402 2596 1527 2628 dabam
1545 2599 1587 2629 cf.
1607 2599 1638 2638 1,
1655 2599 1732 2630 507.

941 2647 1080 2676 Romani
1103 2647 1302 2682 scriptores,
1327 2647 1456 2680 quando
1482 2648 1592 2675 urbem
1618 2647 1733 2676 condi-

942 2698 1006 2722 tam
1029 2697 1083 2722 aut
1109 2693 1269 2721 devictam
1289 2692 1442 2729 indicant,
1464 2692 1545 2721 iuris
1561 2693 1626 2721 dati
1642 2701 1733 2722 men-

942 2740 1062 2768 tionem
1087 2739 1226 2773 faciunt;
1260 2739 1305 2766 ita
1331 2735 1411 2766 iura
1440 2734 1525 2766 dare
1549 2743 1601 2768 est
1627 2739 1733 2774 impe-

943 2792 1016 2813 rare
1040 2786 1116 2813 Hor.
1143 2785 1178 2813 C.
1206 2782 1244 2819 3,
1279 2781 1315 2820 3,
1344 2781 1398 2811 42.
1448 2784 1508 2812 0v.
1536 2786 1572 2814 F.
1604 2783 1643 2823 4,
1677 2783 1732 2814 93.

944 2833 1024 2860 Stat.
1049 2831 1129 2859 Silv.
1154 2829 1194 2868 5,
1229 2827 1267 2867 3,
1301 2828 1374 2858 186.
1403 2844 1448 2849 —-
1483 2826 1620 2860 'rabida
1648 2828 1732 2869 lues,

943 2876 983 2906 cf.
1003 2876 1047 2914 -1,
1073 2875 1152 2905 202.

992 2920 1064 2950 138.
1097 2917 1220 2950 Venire
1244 2920 1341 2948 alicui
1361 2921 1450 2949 mala
1473 2925 1504 2949 et
1525 2922 1732 2951 calamitates

943 2969 1038 2996 etiam
1065 2968 1142 2996 alibi
1169 2967 1326 2994 dicuntur.
1375 2966 1422 2996 ef.
1449 2968 1545 3002 Prop.
1571 2967 1604 3005 2,
1634 2967 1685 3005 18,
1710 2968 1732 2996 2

942 3012 1007 3043 scis
1032 3010 1116 3042 milti
1137 3009 1250 3041 multa
1273 3009 1389 3041 venire
1414 3010 1521 3042 mala.

992 3057 1065 3088 140.
1094 3055 1313 3098 Linquebant
1348 3055 1486 3089 animas
1522 3067 1589 3089 non
1625 3059 1732 3089 minus
