2023 3350
296 121 379 161 650
987 116 1234 151 Excunsos

295 239 362 267 iam
383 241 456 265 ante
471 234 657 267 Virgilium.
678 232 823 261 maxime
840 230 944 261 modii
963 233 1033 262 Cat.
1050 231 1105 263 76.
1125 232 1155 262 6.
1178 236 1274 270 Isque
1293 245 1374 266 usus
1396 242 1561 273 tantopere
1575 238 1729 275 invaluit,
1753 242 1788 267 ut
1801 239 1937 268 Servius

294 287 422 313 brevem
435 283 573 309 liaberet.
596 279 805 328 Scribitidem
819 280 905 313 apud
914 279 1090 315 Virgilium
1108 282 1206 309 breve
1225 290 1300 311 esse
1315 283 1347 312 in
1359 292 1437 324 ego,
1454 282 1534 321 (Ιηο,
1550 282 1633 319 scio,
1651 281 1778 315 nescio.
1800 285 1855 314 Sic
1868 283 1936 324 ego

293 332 331 365 x,
359 327 409 355 93.
438 328 510 362 ΧΠ,
539 323 593 353 56.
647 322 716 353 duo
742 326 798 357 XI,
830 322 907 353 285.
953 322 1025 354 scio
1049 327 1108 362 111,
1132 324 1208 354 602.
1256 326 1372 357 nescio
1397 332 1439 368 ΙΙ,
1467 328 1544 359 735.
1577 332 1611 359 Ε.
1636 332 1695 367 111,
1740 328 1814 358 103.
1840 331 1934 367 VIII,

296 382 368 413 107.
391 382 429 412 cf.
452 384 483 415 ἕ.
513 378 565 409 12.
616 382 678 410 sed
705 369 860 419 ego—XI,
887 379 964 411 392.
1011 378 1107 410 dub?
1148 383 1183 410 E.
1211 382 1247 419 5,
1276 382 1329 412 68.
1359 400 1400 405 —
1428 387 1488 415 His
1529 391 1638 416 autem
1681 395 1746 416 non
1782 387 1932 417 firmatur

291 427 443 469 spondeo
467 429 523 465 IX,
552 425 632 463 296,
655 428 739 462 quod
767 436 823 463 pro
853 426 985 467 sponde
1008 428 1137 457 illatum
1162 432 1221 466 est,
1248 433 1361 458 contra
1383 435 1528 462 metrum.

404 518 527 558 ltaque
551 514 718 556 Virgilius
741 514 885 556 longum
913 523 984 546 non
1010 514 1121 546 iunxit
1146 514 1253 546 vocali
1281 515 1439 556 sequenti
1459 527 1488 557 o,
1513 517 1575 550 sed
1600 518 1636 550 in
1649 518 1759 557 prima
1784 528 1935 561 persona

288 573 381 607 verbi
400 578 434 605 et
457 572 670 605 nominativo
696 571 816 604 tertiae
839 571 1082 603 declinationis
1111 574 1217 613 (quas
1240 570 1372 603 formas
1389 576 1466 604 ante
1484 573 1669 615 Virgilium
1693 580 1773 609 ante
1799 581 1833 608 et
1856 580 1938 619 post

289 641 368 665 eum
396 629 516 663 breves
537 639 613 663 esse
636 629 811 670 videmus)
839 633 909 660 tam
936 627 1038 661 breve
1063 626 1188 660 habuit
1212 640 1247 666 0,
1274 632 1313 660 ut
1337 627 1481 661 elideret
1503 635 1584 664 ante
1606 633 1760 666 vocalem
1783 632 1936 667 brevem.

291 689 340 722 Cf.
369 689 426 722 Gr.
453 689 484 729 δ.
512 688 564 720 54.

405 757 427 778 η
455 754 641 787 nusquam,
668 753 783 786 neque
807 744 844 776 in
870 742 967 775 hiatu
993 752 1108 786 neque
1135 743 1171 776 in
1199 743 1362 781 elisione;
1400 743 1505 776 cuius
1530 745 1580 777 rei
1606 755 1730 779 caussa
1754 751 1807 780 est
1831 747 1937 780 huius

290 803 550 837 terminationis
578 801 711 834 raritas.

403 863 559 902 Longam
598 858 707 901 igitur
738 857 892 891 vocalem
924 857 1020 890 brevi
1061 857 1145 890 elidi
1186 868 1255 890 non
1288 858 1458 898 vidimus,
1501 858 1572 891 nisi
1607 860 1821 894 vocabulum
1863 868 1936 895 erat

287 920 429 963 longius
455 924 489 951 et
514 918 634 960 plures
660 914 813 958 syllabae
840 915 964 957 longae
987 914 1256 955 antecedebant,
1290 921 1324 948 et
1347 916 1467 959 plures
1492 917 1644 961 syllabae
1663 917 1786 952 breves
1811 929 1934 962 seque-

286 979 424 1012 bantur.
451 978 572 1018 Itaque
591 974 698 1007 etiam
719 972 763 1005 ob
782 978 932 1005 metrum
950 976 1096 1016 corpore?
1111 974 1277 1006 inhaeret
1304 973 1534 1016 improbatur.
1559 975 1613 1008 Ac
1633 975 1766 1009 formae
1781 995 1827 999 —-
1843 989 1876 1007 υ
1890 995 1935 1001 -

288 1038 322 1070 in
361 1040 510 1069 extrema
550 1031 682 1075 syllaba
728 1030 827 1064 elisio
865 1031 1028 1073 pessima.
1079 1032 1199 1074 Neque
1233 1035 1289 1063 est
1329 1035 1467 1074 praeter
1502 1031 1595 1065 hunc
1626 1032 1745 1066 locum
1771 1042 1826 1076 ap.
1853 1033 1932 1076 Vgl.

288 1104 403 1136 neque
428 1097 480 1125 est
504 1101 558 1134 ap.
580 1089 692 1129 Ovid.,
717 1098 772 1132 ap.
797 1089 883 1122 Hor.
913 1087 968 1121 bis
996 1088 1030 1122 S.
1060 1090 1087 1128 1,
1118 1091 1145 1129 l,
1172 1090 1225 1122 59.
1252 1090 1283 1129 2,
1310 1090 1340 1128 7,
1365 1090 1424 1127 53;
1451 1099 1533 1122 nam
1565 1099 1637 1122 non
1664 1089 1735 1123 huc
1762 1089 1936 1123 referendi

288 1156 373 1185 sunt
397 1150 480 1187 loci,
512 1149 548 1181 in
574 1146 707 1189 quibus
733 1158 752 1179 ο
770 1146 903 1189 primae
929 1156 1099 1189 personae
1123 1147 1173 1180 sic
1199 1147 1363 1187 eliditur,
1390 1145 1485 1188 quod
1511 1145 1550 1178 fit
1570 1146 1605 1179 S.
1638 1148 1667 1189 1,
1694 1147 1726 1188 9,
1752 1148 1783 1180 6.
1809 1147 1876 1192 Ep.
1907 1150 1934 1188 l,

293 1212 321 1251 1,
353 1210 403 1242 tl.
432 1209 461 1245 7,
490 1207 545 1240 95.

403 1265 466 1298 Vel
487 1270 557 1297 tres
584 1262 749 1295 elisiones
784 1272 855 1295 uno
878 1263 915 1295 in
945 1273 1047 1296 versu
1083 1262 1329 1296 admittuntur.
1381 1261 1438 1294 Sic
1475 1262 1503 1303 1,
1541 1262 1618 1296 626.
1645 1263 1715 1304 111,
1748 1263 1826 1296 658.
1854 1263 1938 1303 XII,

291 1326 366 1357 739.
397 1324 478 1360 512;
506 1321 595 1353 duae
630 1320 665 1352 in
690 1329 761 1352 uno
787 1329 889 1353 versu
915 1321 1131 1364 saepissime.
1182 1319 1381 1361 Quinquies
1407 1329 1479 1352 uno
1500 1319 1535 1351 in
1554 1323 1772 1362 pentametro
1796 1319 1939 1353 eliditur

290 1380 384 1425 apud
409 1379 587 1413 Catullum
615 1380 674 1418 73,
711 1380 730 1411 6
765 1379 880 1420 Quam
922 1379 1026 1411 modo
1071 1381 1136 1422 qni
1175 1388 1231 1410 me
1278 1388 1391 1408 unum
1435 1379 1546 1419 alque
1588 1378 1736 1410 unicum
1779 1379 1938 1410 amicum

292 1439 431 1471 habult.

405 1494 581 1538 syllabam
606 1495 642 1527 in
666 1505 699 1528 m
727 1494 947 1528 desinentem
976 1493 1200 1526 antecedente
1233 1494 1365 1537 syllaba
1388 1494 1482 1528 brevi
1512 1506 1584 1528 non
1610 1494 1710 1528 facile
1735 1494 1773 1527 in
1796 1492 1938 1526 brevem

289 1553 469 1587 elidebant
488 1557 527 1585 ut
553 1554 605 1594 10,
632 1554 699 1586 514
730 1552 890 1584 limitem
911 1551 1002 1594 agit.

404 1627 466 1655 An.
490 1624 523 1654 2.
577 1625 632 1652 Dr.
655 1625 720 1653 Jul.
744 1624 880 1652 Schultz
906 1622 1021 1656 Progr.
1046 1621 1177 1656 Danzig
1214 1622 1347 1656 quoties
1386 1624 1622 1658 monosyllaba
1659 1623 1748 1658 apud
1784 1621 1937 1657 singulos

289 1677 406 1708 poetas
433 1672 643 1706 eliderentur,
677 1668 933 1703 diligentissime
956 1667 1141 1701 inquisivit.
1192 1669 1261 1696 Hoc
1287 1667 1387 1698 facile
1410 1668 1604 1704 intelligitur
1628 1669 1938 1704 monosyllabarum

288 1718 453 1748 elisiones
486 1717 560 1747 sive
597 1716 830 1750 synaloephas
864 1718 1044 1749 propterea
1083 1713 1191 1742 minus
1231 1722 1310 1742 esse
1351 1720 1479 1751 grataS,
1519 1716 1606 1750 quod
1646 1719 1715 1744 tota
1752 1714 1822 1743 fere
1866 1721 1937 1742 vox

289 1763 475 1799 evanescit,
511 1765 587 1791 sch.
621 1761 718 1795 igitur
742 1760 897 1789 numerat
932 1767 985 1794 ap.
1011 1759 1152 1787 Ennium
1187 1759 1217 1787 id
1260 1759 1327 1788 lieri
1365 1761 1398 1788 in
1427 1758 1496 1788 600
1524 1761 1681 1790 versibus
1725 1760 1842 1795 octies,
1883 1765 1938 1794 ap.

288 1811 451 1839 Lucilium
477 1809 509 1837 in
535 1808 602 1837 600
627 1806 799 1842 sexagies,
830 1813 882 1840 ap.
906 1805 1099 1834 Ciceronem
1123 1805 1154 1833 in
1182 1804 1250 1833 700
1274 1813 1305 1834 v.
1331 1806 1470 1843 septies,
1495 1813 1550 1841 ap.
1575 1806 1765 1835 Lucretium
1789 1806 1822 1835 ln
1847 1803 1938 1834 7400

287 1857 433 1892 centies,
475 1863 527 1890 ap.
557 1853 729 1888 Virgilium
754 1853 786 1881 in
810 1851 948 1887 Eclogis
974 1851 1007 1879 in
1031 1849 1099 1880 829
1127 1859 1157 1880 v.
1186 1851 1300 1881 decies
1333 1852 1480 1888 septies,
1518 1853 1551 1881 in
1580 1852 1753 1888 Georgicis
1788 1852 1819 1881 in
1847 1848 1938 1880 2158

287 1911 319 1932 v.
347 1903 454 1931 vicies
479 1902 596 1936 semel,
623 1900 655 1928 in
684 1899 835 1928 Aeneide
861 1898 893 1926 in
920 1905 951 1926 v.
970 1895 1059 1925 9896
1088 1898 1215 1927 centies
1242 1898 1348 1926 vicies
1375 1899 1514 1935 septieS,
1536 1907 1589 1934 ap.
1604 1899 1768 1928 Tibullum
1795 1898 1829 1927 in
1850 1896 1934 1926 1921

289 1958 321 1979 v.
348 1948 524 1984 terdecies,
551 1954 604 1982 ap.
629 1945 783 1974 Ovidium
808 1945 840 1973 in
867 1947 1000 1973 Metam.
1024 1941 1210 1980 c.712000,
1247 1945 1427 1973 duodecies
1457 1950 1519 1973 etc.
1548 1945 1579 1974 in
1602 1944 1713 1974 Fastis
1740 1949 1868 1980 quater,
1905 1943 1938 1972 in

288 1995 455 2024 Tristibus
481 1993 626 2029 septies,
670 2000 713 2020 ex
739 1993 844 2020 Ponto
875 1989 924 2019 bis
951 1995 1013 2019 etc.
1064 1991 1135 2018 Hoc
1166 1990 1266 2021 etiam
1293 1992 1369 2020 loco
1405 1992 1523 2020 addam
1549 1999 1614 2020 non
1641 1995 1708 2020 tam
1730 1991 1763 2020 jn
1789 1990 1938 2021 numeris

287 2044 405 2071 inesse
433 2041 612 2077 cardinem,
639 2039 698 2067 sed
723 2038 756 2067 in
781 2039 959 2066 verborum
985 2036 1218 2065 collocatione.

923 2126 957 2162 S.
981 2125 1012 2156 S.
1056 2128 1106 2155 De
1131 2127 1309 2162 positione.

405 2198 502 2228 Duae
519 2194 742 2237 potissimum
769 2196 855 2224 sunt
879 2200 951 2231 reS,
998 2191 1041 2224 de
1073 2191 1202 2234 quibus
1239 2192 1306 2226 hoc
1329 2192 1406 2225 loco
1433 2194 1629 2235 quaeritur;
1682 2204 1764 2227 nam
1792 2195 1936 2228 demon—

289 2255 472 2292 strandum
496 2257 547 2285 est
570 2256 603 2284 et
628 2251 769 2293 quando
795 2249 964 2291 Virgilius
990 2249 1206 2291 positionem
1237 2251 1399 2283 admittat
1421 2256 1500 2284 ante
1526 2257 1659 2285 mutam
1686 2263 1765 2285 cum
1791 2253 1937 2295 liquida,

290 2322 325 2349 et
348 2324 434 2347 num
460 2311 575 2345 brevis
601 2307 735 2352 syllaba
760 2307 875 2340 finalis
899 2308 936 2340 in
963 2307 1118 2341 vocalem
1143 2308 1260 2341 exiens
1286 2308 1433 2351 produci
1459 2310 1589 2352 possit,
1639 2311 1669 2343 si
1696 2321 1848 2353 sequens
1873 2322 1936 2344 vox

289 2371 451 2417 pluribus
470 2368 594 2411 incipit
619 2365 908 2400 consonantibus.
957 2367 1043 2399 Nam
1071 2375 1180 2408 quum
1203 2375 1242 2398 ca
1268 2366 1417 2407 positio,
1443 2376 1529 2408 quae
1561 2366 1598 2399 fit
1621 2367 1731 2400 altero
1753 2367 1936 2410 vocabulo,

291 2441 353 2464 nec
379 2428 465 2461 satis
491 2426 591 2458 sortis
617 2429 721 2462 essct,
745 2428 786 2456 ut
810 2428 932 2466 posset
957 2424 1093 2457 efficere
1116 2423 1284 2467 syllabam
1310 2423 1462 2466 longam.
1489 2428 1522 2456 et
1550 2424 1655 2458 nimis
1680 2425 1805 2464 valida,
1830 2436 1935 2468 quam

292 2494 330 2521 ut
354 2485 486 2530 syllaba
513 2492 651 2516 manere
677 2481 854 2515 videretur
880 2482 1014 2514 brevis:
1065 2486 1165 2524 pocta
1202 2482 1359 2524 optimus
1392 2482 1541 2522 quisque
1573 2491 1714 2524 operam
1750 2482 1864 2522 dedit,
1898 2488 1938 2515 ut

289 2547 391 2579 talem
416 2541 665 2576 vocabulorum
692 2540 979 2573 coniunctionem
1005 2539 1134 2572 vitaret.
1184 2539 1240 2571 Sic
1270 2538 1441 2581 Virgilius
1467 2539 1575 2575 cavit,
1609 2549 1651 2571 ne
1679 2539 1746 2572 tale
1769 2540 1853 2582 quid
1874 2540 1933 2573 ad-

290 2605 453 2637 mitteret.
507 2597 754 2633 Afferebantur
799 2596 944 2640 quidem
987 2596 1055 2630 loci
1099 2597 1199 2635 olim,
1244 2596 1306 2629 sed
1356 2605 1449 2628 nunc
1486 2607 1524 2629 ex
1565 2596 1666 2629 libris
1715 2598 1802 2630 Mss.
1853 2603 1936 2630 sunt

291 2660 479 2694 emendati.
528 2658 585 2691 Sic
602 2655 638 2688 in
662 2654 761 2687 libris
788 2654 892 2687 editis
918 2654 1002 2687 olirn
1028 2659 1099 2687 erat
1125 2655 1168 2695 X,
1195 2654 1257 2686 251
1283 2663 1414 2696 supera
1437 2657 1603 2696 spectans
1629 2664 1691 2696 pro
1709 2665 1844 2698 supera
1871 2655 1934 2687 ad-

290 2722 465 2761 spectans.
516 2718 562 2756 V,
601 2714 662 2746 163
700 2712 804 2745 laeva
833 2713 1004 2754 stringat
1034 2714 1111 2744 sine
1140 2710 1316 2754 parmula
1343 2714 1468 2742 cantes
1499 2720 1561 2753 pro
1600 2711 1721 2744 laevas
1757 2714 1933 2755 stringat.

292 2776 364 2808 Ecl.
407 2775 446 2816 V,
470 2775 511 2807 ὃς
551 2775 790 2813 craterasque
837 2769 909 2801 duo
952 2772 1118 2801 statuam
1150 2768 1271 2801 eodem
1304 2768 1408 2800 modo
1441 2777 1505 2810 pro
1537 2767 1626 2800 duos
1652 2773 1830 2802 statuam.
1882 2769 1934 2802 Ac

291 2839 405 2876 potest
430 2845 449 2865 ο
474 2843 537 2877 per
562 2839 599 2862 se
625 2838 702 2861 esse
727 2828 884 2871 longum.
909 2826 959 2860 Cf.
988 2828 1019 2868 ξ.
1042 2828 1058 2858 7
1084 2827 1150 2860 An.
1180 2827 1208 2858 1.
1242 2826 1299 2858 Sic
1324 2825 1401 2858 loco
1426 2826 1484 2865 VI,
1510 2826 1574 2858 687
1603 2818 1930 2869 tuaqussspecmta

289 2892 439 2932 parenti
464 2900 482 2922 a
505 2890 685 2929 xvaguero
713 2895 752 2918 ex
777 2884 876 2917 libris
903 2884 1073 2927 scriptum
1106 2889 1157 2917 cst
1185 2886 1407 2926 eoesperrata.
1456 2883 1516 2923 IX,
1541 2884 1582 2915 37
1608 2883 1693 2916 date
1722 2883 1792 2915 tela
1822 2893 1928 2915 scan-

296 2947 370 2978 dite
395 2958 516 2979 muros
542 2946 584 2979 ab
610 2945 734 2979 eodem
760 2947 855 2976 recte
884 2942 1092 2974 adscendite
1119 2941 1330 2975 restitutum.
1395 2943 1435 2974 ln
1459 2941 1513 2974 his
1535 2941 1621 2974 locis
1647 2939 1810 2974 omnibus
1836 2950 1932 2973 error

295 3002 375 3035 inde
407 3009 504 3035 ortus
538 3008 608 3041 est,
656 3001 750 3044 quod
785 3010 894 3042 quum
928 2998 1061 3032 librarii
1093 3009 1199 3032 unam
1237 2999 1386 3032 litteram
1424 2998 1565 3031 duobus
1595 2997 1772 3031 vocabulis
1803 2999 1932 3032 sortire

296 3059 504 3099 voluissent,
528 3061 589 3102 qui
617 3065 737 3104 postea
762 3057 942 3102 legebant,
967 3058 1162 3101 simplicem
1188 3058 1338 3091 litteram
1363 3056 1600 3100 agnoscebant
1622 3055 1664 3089 cf.
1691 3056 1728 3095 2,
1755 3056 1831 3089 755.
