2023 3350
216 142 294 181 122

209 253 266 294 Et
304 253 463 294 circum
502 253 680 305 Iliades,
727 254 885 296 crinem
922 255 974 298 de
1004 271 1122 300 more
1156 260 1334 303 solutae.

776 142 812 175 P.
840 142 1038 177 VIRGILII
1070 145 1279 180 MARONIS

208 309 434 351 Inferimus
473 311 619 364 tepido
656 312 900 365 spumantia
936 314 1102 367 cymbia
1132 316 1245 359 lacte

210 368 437 420 Sanguinis
467 371 509 409 et
546 368 655 409 sacri
693 372 867 422 pateras
906 371 1176 426 animamque
1215 377 1410 429 sepulcro

209 424 439 466 Condimus
479 428 521 466 et
558 439 715 479 magna
752 440 996 480 supremum
1034 444 1136 471 voce
1175 432 1343 475 ciemus.

205 596 431 638 Deducunt
472 597 576 639 socii
611 612 739 640 naves
778 603 820 641 et
855 600 987 642 litora
1025 603 1249 656 complent.

203 653 484 695 Provehimur
513 659 661 708 portu,
705 660 931 712 terraeque
971 659 1184 714 urbesque
1217 660 1432 704 recedunt.

204 711 336 753 Sacra
369 713 479 753 mari
509 713 665 755 colitur
697 714 838 757 medio
879 717 1123 770 gratissima
1159 719 1286 761 tellus

201 769 432 811 Nereidum
472 772 601 812 matri
636 774 678 813 et
713 773 911 826 Neptuno
944 774 1127 829 Aegaeo,

1786 267 1840 306 65

320 482 441 532 Inde,
484 482 557 523 ubi
591 484 730 537 prima
768 483 872 526 fides
907 486 1060 540 pelago
1095 488 1353 543 placataque
1387 492 1502 533 venti

205 539 321 580 Dant
358 539 495 580 maria
525 543 567 581 et
602 541 708 582 lenis
749 543 964 596 crepitans
1002 549 1129 586 vocat
1165 550 1310 589 auster
1346 549 1390 590 in
1424 549 1572 601 altum,
1785 552 1838 591 70

1783 839 1835 877 75

202 827 338 878 Quam
377 829 473 882 pius
507 829 793 883 Arquitenens
831 846 929 874 oras
967 836 1010 874 et
1044 834 1174 876 litora
1211 834 1371 876 circum

199 1005 345 1034 ustrinae
368 1007 504 1035 odorem.
541 1022 578 1026 —-
610 1005 698 1036 Atra
723 1009 839 1038 dicitur
863 1018 995 1045 cupres-

200 1059 267 1083 suS.
291 1056 324 1080 ut
349 1052 458 1081 omnia
482 1052 597 1081 tristia.
640 1054 687 1082 Cf.
712 1051 741 1091 9,
768 1052 844 1083 719.

246 1095 298 1126 65.
325 1095 368 1125 de
391 1106 484 1127 more
509 1098 546 1127 cf.
575 1096 649 1127 369.
679 1115 716 1119 -—
749 1101 883 1137 Iliades,
916 1103 995 1131 Tro-

199 1143 294 1172 ianae
320 1144 441 1172 crinem
467 1146 613 1181 solvunt,
643 1149 677 1173 ut
701 1147 846 1176 solebant
873 1149 992 1177 Roma-

198 1197 260 1218 nae
286 1190 320 1218 in
344 1191 440 1218 luctu.
484 1190 530 1218 Cf.
558 1187 610 1225 11,
636 1189 688 1219 35.

245 1233 297 1263 66.
328 1232 535 1271 Inferimus3
559 1239 692 1265 verbum
712 1239 892 1274 proprium;
919 1239 993 1268 inde

197 1276 360 1318 inferiae.
379 1296 416 1300 —
441 1279 559 1320 tepido
581 1279 687 1311 lacte.-
713 1285 842 1319 „statim
861 1287 989 1314 1111111310.

200 1341 238 1346 —
281 1323 424 1366 Cymbia
466 1329 582 1361 pocula
618 1328 652 1356 in
688 1331 815 1358 modum
854 1333 990 1366 cymbae

196 1372 291 1401 facta.
330 1388 367 1391 —
412 1370 611 1412 Sanguinis
636 1372 746 1412 sacri,
787 1377 824 1404 de
846 1377 989 1405 victimis

196 1416 336 1453 sumpti*
363 1420 394 1446 S.
442 1419 595 1447 Manibus
627 1420 746 1449 libatur
776 1423 876 1457 lacte,
899 1423 988 1458 vino,

195 1465 265 1492 oleo
297 1465 363 1493 Ecl.
389 1463 420 1497 5,
449 1462 508 1500 66,
549 1466 647 1500 lacte,
677 1466 781 1501 'vino,
820 1469 989 1504 sanguine,

196 1510 281 1537 binis
308 1510 483 1539 carchesiis
508 1511 549 1538 A.
570 1510 600 1545 5,
626 1508 687 1546 77;
730 1514 788 1541 hoc
814 1515 881 1542 loco
906 1516 989 1543 lacte

196 1560 225 1584 et
251 1556 428 1591 sanguine,
451 1564 502 1590 ap.
529 1557 597 1585 Til).
624 1554 659 1591 3,
685 1555 715 1589 2.
745 1555 784 1585 19
811 1560 861 1588 lac
887 1564 913 1587 et
941 1560 989 1588 vi-

195 1609 272 1630 num
306 1606 508 1630 memoratur.
544 1617 581 1621 —-
619 1600 831 1640 Spumantia
857 1602 989 1643 cymbia

196 1643 286 1675 lacre
321 1655 372 1682 ap.
414 1650 536 1676 Nemes.
580 1650 614 1676 E.
644 1645 680 1685 1,
709 1647 761 1678 68.
823 1651 990 1680 Accedunt

195 1700 292 1727 saepe
317 1693 406 1722 flores
432 1694 470 1722 cf.
499 1693 530 1729 5,
556 1691 608 1721 79.

240 1736 292 1767 67.
324 1736 490 1778 Sepulcro
527 1737 680 1767 animum
721 1738 898 1770 condimus
931 1751 988 1771 ex—

193 1785 316 1818 plicare
334 1785 424 1814 licet:
463 1787 610 1819 sepulcro
635 1785 718 1814 facto
741 1787 912 1821 efficimus.
953 1793 986 1816 ut

193 1831 301 1859 anima
327 1831 361 1859 iu
387 1832 502 1859 Orcum
526 1831 665 1860 transire
690 1832 797 1866 ibique
822 1834 986 1867 quiescere

197 1877 314 1912 possit;
342 1885 382 1905 ex
406 1879 541 1913 vulgata
562 1877 621 1905 illa
643 1878 801 1911 opinione.
827 1887 890 1913 qua
913 1880 986 1908 ani-

191 1929 279 1959 mae,
329 1930 464 1956 quarum
507 1930 640 1957 corpora
679 1924 841 1959 insepulta
882 1930 983 1964 erant,

190 1971 264 1995 ante
292 1968 507 1997 Acherontem
541 1971 745 2002 vagabantur
777 1970 815 1999 cf.
844 1968 878 2006 6,
908 1970 983 2000 326.

191 2015 253 2041 Sed
285 2014 414 2048 propius
446 2016 485 2043 ad
517 2017 616 2043 verba
643 2016 765 2044 accedit
787 2017 854 2044 alia
879 2018 984 2051 expli-

190 2059 292 2087 catio:
317 2062 464 2093 sepulcro
492 2060 686 2089 includimus
711 2062 872 2095 animam:
902 2071 984 2097 (ulae

188 2104 342 2140 firmatur,
366 2105 395 2133 si
420 2105 562 2134 confers:
583 2104 611 2138 4.
631 2105 672 2133 34
700 2104 821 2135 Manes
844 2106 983 2146 sepulti.

188 2148 254 2178 427
280 2148 425 2179 cinerem
460 2149 623 2179 Manesve
646 2150 778 2189 revelli,
803 2158 832 2182 et
858 2155 924 2182 Til).
954 2152 981 2186 1,

188 2193 218 2227 2,
246 2194 287 2223 45
320 2193 440 2225 Manes
465 2195 634 2235 sepulcris
660 2195 769 2234 elicit,
798 2202 856 2228 (tv.
882 2203 922 2228 Μ.
950 2198 980 2235 7,

188 2239 252 2269 206
287 2239 407 2270 Manes
434 2240 526 2271 crire
550 2240 716 2282 sepulcris
742 2241 856 2280 iubeo,
894 2247 979 2275 Fast.

185 2286 222 2321 5,
250 2285 310 2314 451
358 2284 528 2315 Romulus
563 2291 599 2316 ut
635 2287 767 2317 tumulo
797 2289 980 2328 fraternas

186 2330 344 2362 condidit
367 2331 516 2362 umbras.
565 2335 656 2363 Adde
691 2335 780 2364 illam
810 2336 979 2366 formulam

184 2379 396 2413 precantium:
442 2377 496 2408 Sit
528 2377 590 2408 tibi
623 2383 716 2409 terra
751 2379 845 2410 levis.
898 2385 977 2411 Nam

184 2425 310 2459 antiqui
342 2425 470 2453 animas
503 2430 556 2454 aut
589 2428 736 2461 sepulcro
768 2436 840 2455 esse
873 2428 977 2457 inclu-

185 2478 241 2499 sas
267 2473 419 2505 putabant
447 2475 503 2499 aut>
521 2473 616 2504 Orco:
652 2473 737 2506 prior
762 2474 889 2507 propria
914 2476 976 2502 Ro-

185 2517 290 2544 manis
316 2517 429 2550 fuisse,
455 2518 559 2545 altera
583 2525 603 2545 a
628 2519 760 2546 Graecis
785 2520 901 2547 tradita
925 2520 978 2548 vi-

184 2563 274 2590 detur
298 2563 415 2596 opinio.
450 2578 487 2581 —
526 2560 612 2591 soce
639 2560 727 2591 ciere
751 2564 770 2591 i.
797 2574 823 2592 e.
848 2573 975 2599 vocare,

184 2607 228 2634 ita
255 2615 304 2642 ap.
331 2609 428 2637 Lucr.
455 2605 491 2641 4,
517 2606 592 2637 580.
631 2624 668 2628 —-
708 2610 769 2637 Ter
800 2613 977 2639 vocabatur

183 2650 275 2689 vale,
301 2650 408 2691 have,
437 2654 489 2682 ubi
512 2656 694 2689 sepulcrum
720 2655 975 2691 relinquebatur·,

184 2698 255 2724 inde
292 2699 384 2727 etiarn
425 2696 537 2728 (licere
574 2697 764 2728 novissima
804 2700 907 2729 verba
946 2700 975 2733 6,

185 2740 259 2770 231.
309 2742 476 2780 ..Ciemus
509 2750 554 2773 est
580 2749 640 2773 hoc
664 2748 751 2781 1000,
789 2749 871 2781 quml
898 2748 975 2776 dici-

183 2796 254 2816 mus
279 2797 364 2816 inore
388 2791 535 2819 sollemni
570 2788 673 2819 lule:
698 2799 760 2819 nos
787 2794 820 2820 tc
843 2791 975 2830 ordine,

183 2841 250 2871 quo
290 2836 416 2862 natura
457 2834 669 2874 permiserit,
707 2834 821 2866 cuncti
860 2847 976 2877 seque-

182 2876 298 2906 mur-‘⁸
323 2881 353 2906 S.
381 2884 407 2907 el
433 2882 472 2908 ad
498 2880 533 2915 2,
557 2880 632 2911 644.

183 2954 224 2985 69
242 2973 285 2976 —
302 2954 355 2986 53.
403 2955 526 2987 Dclurn
553 2958 757 2999 perveniunt
790 2958 832 2991 ad
859 2969 972 3001 regom

510 3002 651 3035 Anium.

228 3056 280 3086 69.
314 3056 378 3087 vbi
403 3057 519 3098 prima
542 3060 628 3098 lidos
656 3064 676 3092 i.
703 3073 730 3092 e.
755 3064 809 3094 ubi
835 3066 971 3100 primum

1042 1011 1119 1040 fiaes
1138 1015 1187 1040 est
1211 1012 1250 1041 cf.
1275 1009 1305 1047 4,
1327 1008 1402 1040 118.
1434 1008 1465 1048 7,
1492 1008 1568 1040 542.
1601 1009 1632 1047 s,
1655 1008 1732 1040 407.
1782 1008 1835 1041 Pl.

1042 1065 1097 1092 pro
1121 1055 1253 1098 pelago
1274 1058 1385 1087 scribit
1409 1054 1518 1086 coelo.

1088 1100 1141 1131 70.
1172 1100 1322 1132 Placala
1357 1100 1444 1131 dant
1482 1106 1528 1132 est
1558 1104 1689 1138 placant
1724 1103 1763 1132 cf.
1794 1104 1836 1131 ad

1042 1145 1078 1185 1,
1105 1147 1156 1177 63.
1205 1150 1342 1178 Placant
1367 1152 1474 1178 autem
1508 1149 1597 1178 venti
1626 1156 1730 1186 mare,
1770 1156 1835 1177 non

1040 1195 1105 1223 nisi
1136 1197 1261 1223 absunt.
1312 1197 1361 1223 Ita
1390 1195 1504 1223 Graeci
1534 1199 1565 1223 et
1588 1195 1699 1223 Latini
1721 1198 1835 1230 poetae

1040 1241 1171 1275 saepius
1197 1243 1236 1269 ab
1261 1241 1373 1275 aliqua
1393 1248 1427 1269 re
1447 1241 1571 1275 aliquid
1594 1240 1678 1270 effici
1702 1240 1833 1277 fingunt,

1036 1287 1118 1320 quod
1147 1288 1237 1315 modo
1268 1287 1299 1314 fit
1331 1287 1376 1314 rei
1401 1286 1533 1315 defectu.
1583 1286 1630 1315 Cf.
1654 1288 1749 1321 Sopli.
1776 1286 1832 1315 Ai.

1037 1329 1102 1359 674
1126 1324 1228 1370 ἅημα
1253 1324 1467 1369 πνευμάτων
1488 1325 1642 1369 ἐκοίμισε
1662 1325 1833 1360 στένοντα

1034 1369 1181 1406 πόντον.
1256 1377 1293 1413 5,
1328 1375 1393 1404 763
1446 1374 1585 1406 Placidi
1632 1378 1832 1405 straverunt

1035 1429 1188 1461 aequora
1212 1420 1317 1452 venti.
1365 1424 1432 1451 Ecl.
1459 1421 1489 1459 2,
1516 1420 1557 1450 26
1589 1419 1698 1460 Quum
1719 1419 1833 1462 placi-

1035 1464 1116 1496 dum
1143 1467 1254 1498 ventis
1279 1470 1386 1496 staret
1412 1476 1517 1497 mare.
1552 1468 1592 1497 cf.
1618 1469 1660 1496 A.
1682 1464 1712 1505 1,
1728 1465 1780 1496 66.
1799 1468 1831 1505 5,

1037 1511 1112 1542 302.
1146 1512 1175 1550 8,
1203 1512 1277 1543 261.
1306 1512 1381 1543 509.
1410 1512 1486 1543 542.
1520 1516 1555 1542 G.
1584 1511 1614 1551 4,
1639 1511 1715 1543 484.
1754 1515 1829 1542 Hor.

1039 1559 1072 1587 C.
1102 1557 1127 1597 1,
1148 1558 1178 1597 3,
1201 1559 1254 1589 69.
1285 1561 1319 1589 C.
1343 1562 1373 1588 S.
1400 1558 1417 1586 9
1450 1557 1521 1595 Sol,
1550 1556 1640 1588 diem
1669 1557 1728 1599 qui
1749 1567 1831 1599 pro-

1036 1602 1100 1633 mis
1120 1607 1150 1635 et
1176 1603 1280 1634 celas.

1082 1648 1134 1679 70.
1164 1648 1267 1680 Lenis
1285 1649 1460 1690 crepitans
1478 1653 1577 1679 vocat
1597 1652 1733 1684 auster3
1747 1651 1830 1688 „duo

1035 1697 1173 1731 epitheta
1206 1697 1312 1731 posuit
1338 1697 1466 1726 vitiose.
1515 1696 1603 1726 Fecit
1634 1700 1741 1725 autem
1770 1698 1830 1726 hoc

1034 1751 1131 1777 prope
1168 1743 1201 1770 in
1231 1745 1338 1772 decern
1368 1741 1553 1772 versibus.“
1585 1744 1616 1770 S.
1674 1743 1736 1770 Sed
1765 1750 1829 1770 non

1033 1792 1105 1816 sunt
1133 1788 1272 1825 vitiosa,
1303 1797 1399 1823 quum
1424 1796 1487 1817 non
1508 1789 1617 1817 eodem
1642 1789 1733 1816 modo
1754 1788 1828 1816 iun-

1033 1838 1165 1868 gantur.
1189 1838 1218 1862 et
1240 1837 1269 1862 h.
1295 1836 1315 1863 l.
1340 1835 1435 1863 facile
1458 1838 1583 1863 vertes:
1615 1831 1676 1862 cler
1701 1830 1835 1861 weil-lle>

1037 1878 1110 1907 sim
1148 1879 1221 1916 ruft
1257 1877 1439 1915 sc'iusclnd,
1488 1884 1516 1908 et
1554 1879 1751 1908 adiectivum
1786 1880 1826 1907 ad

1031 1926 1289 1963 substantivum,
1316 1926 1521 1961 participium
1545 1927 1585 1954 ad
1607 1925 1825 1959 praedicatum

1032 1972 1174 2006 pertinet.
1223 1973 1273 2000 Ita
1306 1974 1340 2000 G.
1370 1969 1401 2007 1,
1429 1969 1492 1998 449
1535 1968 1618 1999 'lum
1650 1969 1761 1999 multa
1789 1968 1825 1999 in

1031 2015 1129 2046 tectis
1146 2015 1320 2056 crepitans
1339 2015 1421 2046 salit
1441 2014 1620 2046 horrida
1643 2024 1752 2055 gran
1764 2014 1823 2045 do.

1030 2063 1071 2091 A.
1106 2062 1141 2098 5,
1174 2061 1238 2090 764
1289 2061 1439 2092 Creber
1480 2059 1668 2102 adspirans
1704 2070 1824 2090 rurs-us

1030 2111 1129 2137 vocnt
1158 2111 1307 2137 auster
1341 2107 1373 2137 in
1408 2105 1527 2137 altum.
1577 2105 1630 2143 11,
1656 2105 1721 2136 832
1757 2105 1823 2136 lm-

1028 2162 1164 2182 mcnsns
1193 2163 1341 2192 surgens
1365 2151 1447 2189 ferit
1475 2161 1582 2182 aurea
1609 2150 1724 2182 sidera
1751 2151 1822 2181 cla-

1027 2207 1109 2228 mor.
1152 2198 1178 2237 1,
1210 2198 1268 2228 102
1296 2198 1446 2228 stridens
1475 2196 1645 2237 Aquilone
1667 2196 1820 2237 procella

1026 2243 1139 2273 velum
1166 2244 1315 2275 adversa
1341 2243 1439 2283 ferit.
1489 2241 1541 2273 Pl.
1568 2252 1624 2278 pro
1646 2240 1734 2273 lenis
1757 2252 1819 2274 scr.

1026 2288 1122 2320 velis.

1071 2335 1123 2365 71.
1152 2333 1324 2365 deducunt
1350 2344 1459 2364 naves
1482 2335 1521 2364 cf.
1555 2331 1580 2371 l,
1606 2333 1682 2364 573.

1070 2380 1123 2410 73.
1151 2379 1253 2411 lellus
1281 2382 1318 2411 cf.
1345 2379 1374 2415 1,
1401 2379 1453 2409 34.

1071 2425 1123 2455 74.
1155 2425 1268 2456 Mater
1300 2425 1486 2456 ,Nereidum
1514 2426 1608 2455 Doris
1632 2430 1697 2463 est,
1724 2428 1817 2456 Nerei

1024 2474 1152 2502 coniux.
1182 2489 1219 2492 ——
1248 2476 1414 2508 Neptunus
1438 2473 1469 2500 in
1494 2473 1575 2501 mari
1602 2473 1732 2509 Aegaeo
1758 2476 1818 2502 lia-

1024 2519 1126 2547 bitare
1147 2519 1284 2547 creditus
1311 2525 1367 2548 cst.
1404 2535 1440 2538 ——
1475 2519 1521 2547 De
1544 2518 1635 2547 niatu
1658 2520 1679 2553 ᾗ
1706 2517 1736 2548 6.
1776 2535 1813 2538 -

1023 2566 1120 2593 Delos
1161 2565 1270 2594 insula
1303 2570 1397 2594 antea
1429 2565 1536 2594 ventis
1568 2565 1688 2600 agitata
1719 2564 1816 2593 etssin

1022 2611 1104 2639 mari
1140 2616 1276 2649 vagata,
1319 2620 1416 2646 quum
1452 2612 1609 2638 Latonam
1647 2610 1815 2647 profugam

1023 2657 1207 2691 recepisset,
1233 2662 1263 2686 ut
1282 2658 1469 2692 Apollinem
1487 2660 1516 2684 et
1540 2656 1680 2685 Dianam
1703 2657 1814 2693 gigne-

1025 2706 1078 2733 ret.
1109 2707 1234 2737 propter
1257 2706 1316 2731 lioc
1340 2703 1528 2732 beneficium
1552 2702 1616 2730 lbra
1637 2707 1693 2731 est.
1726 2702 1813 2735 Quod

1024 2748 1182 2781 Virgilius
1206 2749 1353 2783 Apollini
1379 2749 1504 2781 tribuit,
1541 2750 1662 2776 Seneca
1687 2747 1813 2775 Dianae

1024 2793 1141 2822 sactum
1168 2799 1317 2823 memorat
1343 2796 1459 2829 Agam.
1488 2791 1551 2822 367
1576 2802 1622 2828 sq.

1069 2837 1120 2867 75.
1152 2837 1236 2868 Pius
1260 2845 1309 2869 est.
1335 2841 1369 2869 in
1393 2841 1542 2875 patriam.
1577 2854 1614 2858 —-
1650 2836 1812 2878 Arquite-

1022 2893 1106 2913 nens
1130 2890 1175 2913 est
1193 2887 1284 2925 MPy.
1301 2889 1386 2921 prob.
1412 2884 1473 2915 m).
1515 2882 1709 2914 arcitenens
1724 2887 1809 2920 prob.

1029 2927 1113 2969 Wg.
1176 2933 1264 2962 ..lloc
1299 2933 1434 2966 epitheto
1467 2937 1548 2960 usus
1583 2933 1633 2958 est
1665 2931 1810 2959 Naevius

1021 2976 1095 3003 belli
1121 2977 1233 3005 Punici
1266 2978 1347 3006 libro
1379 2978 1516 3007 secuudo
1621 2979 1649 3004 et
1677 2977 1810 3005 Hostius

1020 3021 1098 3049 libro
1131 3023 1269 3051 secundo
1303 3024 1378 3052 belli
1406 3021 1562 3052 Histrici*
1598 3024 1697 3052 Macr.
1726 3021 1765 3059 6,
1788 3022 1807 3051 5

1018 3070 1046 3095 et
1067 3067 1212 3096 Ovidius.
