2023 3350
725 138 960 172 AENEIDOS
993 141 1078 172 LIB.
1107 140 1162 172 IV.

1686 141 1766 180 173

129 252 240 294 Hinc
276 252 448 295 deserta
481 253 552 293 siti
591 253 732 306 regio,
774 253 945 307 lateque
983 253 1174 295 furentes

127 310 319 352 Barcaei.

129 367 418 422 Germanique
453 368 590 409 minas
604 368 623 408 ²?

379 309 491 361 Quid
529 309 645 352 bella
679 310 789 365 Tyro
823 312 1043 365 surgentia
1081 311 1220 353 dicam

127 426 205 467 Dis
246 426 444 479 equidem
481 425 727 479 auspicibus
764 439 861 467 reor
897 429 939 467 et
976 426 1137 467 Iunone
1172 424 1359 468 secunda
1712 427 1765 465 45

128 483 253 525 Hunc
292 498 463 525 cursum
502 484 658 525 Iliacas
697 486 821 524 vento
860 483 1046 525 tenuisse
1087 483 1268 525 carinas.

129 542 265 592 Quam
301 545 350 582 tu
384 541 554 593 urbem,
595 555 738 593 soror,
780 541 891 583 hanc
928 555 1089 592 cernes,
1135 556 1244 595 quae
1283 553 1457 594 surgere
1500 551 1632 592 regna

131 599 337 653 Coniugio
380 599 478 641 tali!

539 600 749 641 Teucrum
788 598 1095 640 comitantibus
1134 599 1276 650 armis,

127 657 287 699 Punica
326 671 370 699 se
407 658 579 711 quantis
611 657 780 699 attollet
817 656 954 710 gloria
988 656 1136 698 rebus!

127 715 190 756 Tu
224 714 353 756 modo
392 729 521 769 posce
564 715 665 757 deos
701 715 885 766 veniam,
934 715 1154 768 sacrisque
1191 713 1327 755 litatis
1712 714 1765 752 00

127 773 306 827 Indulge
340 773 549 828 hospitio,
591 786 850 826 caussasque
881 773 1049 814 innecte
1082 771 1290 822 morandi,

126 831 240 872 Dum
274 831 428 885 pelago
468 831 658 873 desaevit
696 830 862 884 hiemps
899 834 940 872 et
976 844 1162 884 aquosus
1196 829 1339 879 Orion,

128 889 451 943 Quassataeque
490 893 626 941 rates,
677 888 778 930 dum
812 903 897 930 non
931 887 1160 929 tractabile
1205 887 1379 928 caelum.

126 947 206 988 His
242 947 368 989 dictis
407 948 627 988 incensum
666 947 853 988 animum
894 946 1174 986 inflammavit
1211 958 1369 995 amore,

129 1004 340 1058 Spemque
379 1005 498 1046 dedit
533 1004 688 1047 dubiae
727 1005 881 1055 menti,
924 1004 1136 1056 solvitque
1170 1002 1389 1056 pudorem.
1712 1003 1763 1041 55

243 1063 458 1117 Principio
500 1062 678 1104 delubra
719 1062 897 1113 adeunt,
943 1074 1180 1114 pacemque
1211 1074 1288 1113 per
1322 1072 1420 1101 aras

127 1120 392 1174 Exquirunt:
436 1123 629 1163 mactant
662 1121 795 1162 lectas
832 1119 884 1161 de
922 1132 1041 1160 more
1079 1117 1276 1159 bidentes

128 1276 187 1303 hoc
222 1276 290 1303 loco
324 1270 501 1313 inhospita
538 1274 653 1302 dieitur
694 1275 732 1302 ol)
765 1274 923 1301 Nasamo-

130 1328 206 1349 num
237 1320 438 1349 incursiones
474 1319 512 1348 cf.
543 1320 620 1348 Luc.
649 1317 684 1356 9,
710 1316 776 1346 4⁴0
809 1316 925 1347 Nasa—

127 1374 206 1394 mon
229 1374 327 1404 quem
353 1362 475 1394 mundi
498 1362 648 1394 barbara
675 1362 813 1393 damnis
841 1364 925 1404 Syr-

128 1408 172 1440 eis
194 1408 271 1440 alit.
308 1412 365 1439 Sil.
397 1408 424 1447 1,
451 1408 515 1438 408
541 1413 572 1440 et
598 1413 717 1440 vastae
746 1407 922 1439 Nasamon

126 1455 315 1496 populator
336 1454 458 1496 Syrtim
502 1457 548 1485 Cf.
576 1458 653 1485 Luc.
677 1454 706 1490 9,
730 1453 923 1485 447—498

128 1503 182 1531 ubi
215 1503 382 1537 splendide
411 1506 461 1531 est
490 1503 521 1531 id
559 1503 635 1531 litus
668 1502 861 1537 descriptum
892 1507 922 1531 et

110 1546 208 1577 'SalL
231 1550 299 1583 lug.
325 1546 377 1577 78.
402 1564 440 1568 —-
469 1549 515 1577 De
539 1549 698 1578 adiectivo
722 1549 760 1577 cf.
790 1547 817 1584 l,
843 1547 918 1577 355.

175 1591 227 1622 42.
254 1592 326 1623 late
353 1593 535 1633 furentes,
573 1599 730 1631 vagantes
764 1598 794 1623 et
827 1601 920 1629 gras-

129 1643 238 1669 santes
263 1641 460 1670 crudelitate.

176 1683 228 1714 43.
258 1683 425 1715 Barcaei:
464 1687 582 1723 Barce,
617 1688 694 1714 urbs
720 1686 921 1722 Cyrenaicae

128 1736 240 1767 postea
270 1733 411 1768 condita;
451 1731 555 1766 (unde
577 1732 673 1760 etiam
698 1740 782 1761 nuuc
807 1741 922 1761 nomen

130 1778 255 1814 Barca)
281 1778 380 1813 potuit
408 1782 512 1807 tamen
538 1782 629 1813 poeta
651 1786 706 1806 eos
730 1787 921 1807 commemo-

129 1831 202 1852 rare
235 1823 274 1853 cf.
307 1822 341 1861 3,
371 1822 447 1852 690.
496 1825 563 1861 „Hi
588 1824 775 1853 Phoenicen]
806 1824 922 1854 navali

128 1871 288 1904 quondam
309 1877 507 1904 superavere
530 1868 724 1900 certamine*
750 1872 782 1898 S.

135 1930 172 1934 —
207 1913 295 1954 Tyro
323 1915 362 1944 cf.
387 1914 439 1943 36.

176 1957 228 1988 44.
260 1958 494 2000 Germanique
540 1958 653 1990 minas
700 1961 738 1990 cf.
776 1959 810 1999 1,
846 1959 921 1990 361.

130 2007 377 2042 Pygmalionem
406 2007 491 2035 enim
524 2009 561 2034 ol)
593 2010 720 2041 ereptas
750 2008 813 2035 sibi
845 2016 922 2043 opes

130 2054 249 2081 bellum
271 2057 431 2081 moturum
455 2060 527 2080 esse
553 2053 717 2086 probabile
740 2057 817 2081 erat.

177 2095 229 2126 45.
257 2095 325 2127 diis
353 2095 552 2138 auspicibus
576 2098 614 2126 cf.
633 2097 662 2134 3,
679 2096 730 2126 20.
765 2099 925 2135 „Nuptiae

131 2144 217 2173 euim
250 2144 387 2179 captatis
412 2144 525 2173 fiebant
551 2142 732 2179 auguriis.“
764 2146 795 2172 S.
827 2144 865 2173 cf.
893 2140 923 2181 1,

129 2187 206 2218 3⁴5.
235 2205 272 2209 —
296 2192 450 2219 Iunonem
469 2197 546 2225 prae
567 2190 645 2218 aliis
666 2189 818 2225 nominat,
841 2191 924 2223 quod

132 2236 340 2271 Carthaginis
366 2237 515 2271 princeps
540 2236 600 2264 dea
629 2239 677 2264 est
708 2235 746 2264 cf.
777 2233 804 2271 1,
834 2234 869 2263 15
895 2239 925 2264 et

131 2285 285 2319 pronuba,
311 2283 447 2320 Lucina,
472 2282 618 2311 antistita
637 2282 786 2310 connubii
811 2281 849 2310 cf.
870 2278 922 2309 59.

178 2325 231 2356 46.
256 2324 346 2356 hunc
372 2336 522 2356 cursum.
577 2329 622 2355 Ne
653 2324 719 2356 huc
747 2327 924 2364 praeferaS,

131 2372 169 2402 cf.
200 2370 226 2410 1,
250 2370 326 2402 534.
352 2389 390 2393 -
417 2371 506 2402 hunc
530 2376 572 2402 M.
603 2374 645 2401 al.

176 2417 229 2447 50.
254 2427 355 2458 posce
380 2417 460 2448 cleos
485 2417 621 2448 veniam
653 2418 692 2448 cf.
720 2414 745 2453 1,
775 2415 851 2446 519.
883 2433 921 2437 —

137 2461 255 2493 Litare
290 2465 449 2501 signifieat
483 2465 640 2494 sacrificio
670 2464 754 2493 facto
794 2466 924 2498 placare

132 2511 209 2538 deos
237 2509 355 2544 [Macr.
383 2513 447 2540 Sat.
475 2510 510 2549 3,
535 2511 604 2547 5.)‚
634 2515 663 2539 et
689 2511 830 2546 iungitur
852 2517 924 2539 cum

132 2557 244 2584 dativo
269 2556 333 2592 dei,
361 2557 428 2593 cui,
452 2561 483 2585 et
505 2558 649 2586 ablativo
675 2556 738 2591 rei,
760 2564 824 2591 qua
848 2556 924 2584 lita-

131 2606 182 2630 tur
204 2601 242 2630 cf.
271 2604 322 2630 Gr.
342 2603 363 2635 ς
382 2601 456 2639 326,
472 2600 508 2631 S:
539 2600 643 2631 litare
669 2599 777 2630 alicui
802 2599 925 2641 aliqua

130 2655 179 2683 re,
206 2656 267 2675 uon
293 2645 443 2686 aliquem
463 2650 517 2677 vel
542 2645 688 2688 aliquid.
738 2649 797 2676 Sed
822 2654 924 2676 nova-

130 2694 179 2721 vit.
205 2694 293 2729 Virg.
325 2698 354 2721 et
385 2691 488 2722 litare
518 2701 618 2722 sacra
649 2693 730 2721 dixit
764 2702 818 2728 pro
850 2695 924 2722 vul-

130 2740 201 2776 gari
227 2747 327 2768 sacra
359 2737 500 2776 ἴαυεν-6,·
534 2742 663 2768 secutus
693 2742 741 2767 est
772 2740 865 2774 Prop.
893 2738 924 2776 4,

133 2783 161 2823 l,
190 2782 231 2813 24
266 2786 344 2814 esta
370 2782 496 2814 litabat
523 2783 615 2820 onis,
650 2788 680 2813 et
712 2786 769 2814 Ov.
795 2787 838 2813 M.
872 2782 924 2823 14,

131 2828 195 2859 156
222 2828 331 2860 sacris
357 2838 397 2860 ex
419 2839 512 2860 more
534 2828 658 2860 litatis.
681 2832 722 2859 al.

177 2873 230 2905 51.
262 2874 380 2905 Morus
404 2874 576 2906 innectere
606 2876 703 2905 etiam
738 2877 816 2905 Stat.
844 2876 926 2905 dixit

133 2923 229 2951 Theb.
254 2922 285 2959 5,
308 2919 384 2950 743.

179 2966 231 2997 52.
259 2964 415 2997 desaevit
446 2967 466 2996 i.
491 2976 518 2996 e.
544 2968 641 2996 valde
665 2967 772 2996 saevit
805 2967 842 2996 cf.
873 2965 923 3004 10,

133 3012 196 3041 569
218 3011 276 3043 Sic
294 3016 363 3043 toto
383 3012 518 3043 „leneas
538 3011 693 3042 desaevit
713 3011 748 3041 in
774 3021 925 3053 aequore

133 3057 260 3095 victor3
297 3060 342 3088 ita
372 3061 450 3089 Luc.
479 3058 508 3097 6,
536 3058 612 3088 540.
651 3060 725 3088 Hor.
752 3060 808 3094 Ep.
838 3056 866 3096 1,
894 3058 923 3097 3,

973 1269 1025 1301 14.
1075 1274 1125 1301 Ita
1158 1272 1190 1300 in
1217 1271 1402 1306 compositis
1430 1267 1471 1299 de
1496 1270 1693 1298 intensivum
1719 1273 1767 1298 est

972 1319 1010 1347 cf.
1044 1315 1177 1355 1,106.
1251 1320 1297 1346 Ea
1340 1321 1387 1345 est
1428 1317 1548 1345 Annae
1589 1317 1766 1345 sententia:

971 1366 1141 1401 Tempore,
1187 1373 1241 1399 per
1279 1365 1360 1398 quod
1401 1367 1428 1391 et
1469 1362 1710 1396 tempestatibus
1746 1369 1767 1391 a

971 1411 1052 1439 mari
1086 1414 1210 1439 arcetur
1248 1413 1276 1438 et
1317 1417 1420 1438 naves
1456 1416 1605 1442 reparare
1634 1409 1767 1446 cogitur,

970 1461 1068 1490 utere,
1092 1460 1123 1485 ut
1149 1456 1245 1485 etiam
1274 1461 1340 1484 tum
1365 1455 1443 1483 nolit
1468 1454 1643 1492 navigare,
1668 1463 1767 1489 quum

970 1503 1091 1538 poterit.

1013 1558 1065 1588 53.
1099 1557 1139 1588 Ι).
1165 1568 1199 1587 n.
1226 1559 1250 1589 t.
1270 1566 1296 1586 c.
1320 1555 1382 1586 ΠΙ).
1403 1561 1510 1586 censet
1534 1565 1644 1586 carere
1665 1566 1766 1586 sensu

967 1610 997 1635 et
1019 1606 1116 1639 eiicit.
1140 1613 1178 1634 ac
1203 1612 1319 1633 revera
1342 1606 1421 1632 haec
1445 1606 1545 1632 verba
1567 1606 1682 1633 abesse
1711 1613 1766 1632 ve—

968 1653 1035 1688 liin,
1061 1660 1158 1686 quum
1183 1651 1265 1679 idem
1288 1651 1475 1687 significent,
1502 1651 1583 1684 quod
1611 1648 1643 1678 d.
1668 1658 1702 1689 p.
1729 1647 1764 1679 tl.

968 1695 1000 1727 Ιι.
1030 1695 1082 1727 Pl.
1114 1699 1167 1726 dat
1191 1695 1325 1725 innecte
1351 1693 1531 1729 morandi,
1565 1697 1768 1735 quassatas-

969 1752 1035 1783 que
1061 1746 1153 1772 rates
1183 1744 1213 1772 ct
1240 1751 1320 1771 non.
1354 1744 1377 1771 t.
1405 1751 1430 1770 c.
1483 1742 1542 1770 llis
1575 1742 1767 1771 coniecturis

969 1792 1081 1819 volunt
1106 1797 1270 1818 removere
1294 1796 1366 1816 eam
1392 1796 1476 1823 quae
1502 1788 1609 1816 inesse
1640 1788 1768 1816 videtur

967 1837 1178 1865 iterationem.
1208 1849 1245 1854 -—
1271 1842 1424 1873 aquosus
1453 1831 1560 1862 Orion
1582 1834 1620 1863 cf.
1645 1832 1671 1868 1,
1691 1832 1767 1862 535.

1014 1891 1068 1922 54.
1095 1890 1221 1922 Amore
1253 1896 1282 1920 et
1312 1893 1353 1919 ad
1385 1889 1558 1919 incensum
1588 1895 1617 1919 et
1648 1892 1688 1918 ad
1715 1888 1768 1918 ιἰι-

959 1936 1164 1979 flammavit
1186 1938 1349 1966 traxerim.
1398 1938 1497 1965 Anna
1524 1937 1626 1972 enim,
1670 1945 1768 1971 quum

968 1993 1086 2014 curam
1114 1993 1144 2013 v.
1173 1982 1201 2012 1.
1226 1983 1256 2011 5.
1289 1983 1498 2019 removisset,
1541 1990 1683 2011 amorem
1717 1983 1768 2011 in-

969 2032 1120 2059 domitum
1165 2030 1331 2059 excitavit.
1407 2027 1586 2057 Incensura
1630 2030 1766 2067 MRlec.

970 2078 1031 2105 Sed
1060 2073 1124 2105 ΒΖ).
1152 2084 1193 2104 ex
1219 2077 1242 2102 F
1267 2080 1297 2104 et
1320 2077 1355 2104 P.
1387 2075 1481 2103 varie
1505 2075 1657 2104 correctis
1689 2075 1768 2103 facit

969 2119 1123 2160 impenso
1147 2126 1177 2149 et
1202 2129 1257 2156 pro
1282 2118 1532 2159 inflammavit,
1556 2122 1638 2155 quod
1664 2125 1711 2149 est
1735 2122 1769 2149 in

969 2170 1053 2206 ΜγΙ).
1079 2169 1188 2203 Serv.,
1218 2167 1336 2200 recepit
1353 2164 1556 2205 flammavit
1584 2165 1639 2203 (in
1671 2166 1768 2196 facile

971 2221 1001 2240 m
1035 2213 1226 2241 antecedens
1257 2213 1357 2246 potuit
1386 2212 1571 2247 absorberi]
1602 2214 1685 2247 quod
1716 2217 1765 2241 est

969 2259 1044 2287 FRc
1070 2262 1100 2286 et
1125 2258 1251 2285 illatum
1277 2257 1311 2284 in
1338 2258 1373 2285 P.
1402 2273 1441 2276 —
1466 2254 1518 2286 Pl.
1543 2258 1598 2291 qui
1623 2265 1765 2295 „amore,

968 2304 1086 2339 inquit,
1112 2302 1264 2338 lauguet“
1297 2304 1349 2330 dat
1375 2300 1627 2340 inflammavit,
1655 2301 1768 2331 amori

967 2357 1129 2389 spemque
1154 2346 1267 2384 dedit,
1303 2344 1429 2376 dubiae
1460 2345 1567 2376 menti
1597 2345 1770 2387 solvitque

968 2392 1136 2434 pudorem
1165 2398 1192 2423 et
1224 2394 1416 2429 particulam
1449 2400 1512 2433 que
1551 2395 1621 2422 loco
1661 2395 1770 2429 posuit

971 2440 1183 2470 alienissimo.

1017 2498 1070 2526 55.
1101 2496 1309 2536 Spemque:
1358 2496 1425 2524 Hoc
1456 2503 1555 2524 versu
1585 2496 1767 2531 explicatur

971 2553 1002 2573 v.
1039 2545 1249 2579 praecedens3
1301 2549 1359 2575 spe
1397 2541 1483 2569 enim
1519 2542 1612 2570 illata
1649 2543 1767 2571 Didoni

971 2591 1070 2619 Anna
1103 2594 1208 2618 movet
1238 2595 1379 2616 amorem
1414 2590 1443 2615 et
1477 2588 1575 2616 solvit
1615 2590 1765 2623 pudorem

969 2644 1060 2671 eum,
1086 2636 1141 2671 qui
1169 2635 1301 2664 viduam
1328 2634 1441 2662 retinet
1463 2640 1484 2662 a
1511 2633 1576 2662 viri
1601 2635 1765 2664 societate.

997 2759 1164 2791 56—89.
1213 2756 1302 2789 Dido
1326 2755 1424 2788 ardet
1449 2765 1566 2788 amore
1597 2755 1742 2789 Aeneae.

1018 2817 1071 2847 56.
1094 2826 1157 2859 per
1179 2825 1262 2846 aras
1288 2816 1326 2845 cf.
1354 2815 1384 2850 5,
1409 2813 1464 2844 86.

1018 2874 1071 2905 57.
1103 2872 1261 2904 Mactant
1293 2875 1449 2909 „verbum
1473 2880 1656 2910 sacrorum,
1687 2866 1766 2902 κατ’

971 2914 1200 2961 εὐφημισμὸν
1229 2919 1364 2955 dicuun,
1401 2922 1435 2946 ut
1468 2916 1610 2948 adolere
1641 2918 1700 2954 (cf.
1736 2916 1765 2957 1,

972 2965 1069 3003 704).
1124 2964 1281 2995 Mactare
1316 2968 1365 2993 est-
1401 2965 1527 2999 proprie
1564 2965 1668 3001 magis
1707 2972 1766 2993 au-

971 3012 1078 3050 gere.“
1105 3014 1135 3040 S.
1186 3011 1232 3040 Cf.
1265 3013 1370 3039 Macte
1396 3011 1516 3039 virtute
1540 3016 1617 3039 esto.
1665 3011 1710 3039 At
1735 3011 1763 3039 si

972 3056 1174 3094 macellum,
1209 3057 1239 3085 si
1267 3063 1382 3086 macer
1409 3064 1595 3095 comparas,
1632 3059 1767 3086 subesse
