2023 3350
734 118 971 152 AENEIDOS
1002 119 1087 152 LIB.
1114 120 1172 152 111.

130 235 243 277 Nam
285 234 411 276 simul
446 232 639 287 expletus
673 232 855 287 dapibus
890 234 1074 287 vinoque
1109 233 1299 288 sepultus

1691 118 1767 157 161

1691 234 1772 272 630

134 293 354 335 Cei-vicem
390 291 591 333 inflexam
624 292 767 345 posuit
806 292 1023 345 iacuitque
1057 306 1134 346 per
1173 296 1346 333 ant-rum

129 351 370 392 Immensus
409 349 571 391 saniem
609 353 808 391 eructans
847 363 899 392 ac
934 350 1073 391 frusta
1107 354 1281 391 cruento

129 409 212 450 Per
252 422 445 450 somnum
479 407 711 449 commixta
743 422 881 459 mero,
929 422 1005 449 nos
1041 421 1198 461 magna
1232 407 1396 461 precati

132 466 318 508 Numina
353 465 580 519 sortitique
616 465 729 507 vices
765 480 852 507 una
882 466 1073 519 undique
1107 466 1266 506 circum

128 524 363 566 Fundimur
398 527 440 565 et
481 523 566 565 telo
608 523 751 564 lumen
784 523 1051 565 terebramus
1083 527 1210 565 acuto

1689 522 1769 560 635

128 583 309 636 Ingens,
357 580 473 635 quod
514 584 638 623 torva
674 582 811 623 solum
852 581 930 623 sul)
963 581 1105 623 fronte
1139 580 1315 631 latebat,

127 640 318 694 Argolici
362 639 487 693 clipei
527 644 601 680 aut
641 639 864 681 Phoebeae
901 639 1112 693 lampadis
1151 639 1300 689 instar,

127 698 183 739 Et
222 697 398 739 tandem
436 697 543 738 laeti
584 697 797 739 sociorum
830 697 1074 738 ulciscimur
1104 696 1289 738 umbras.

127 754 209 797 Sed
249 755 401 809 fugite,
452 769 475 797 o
509 755 669 806 miseri,
714 755 868 809 fugite,
907 759 1036 809 atque
1071 769 1097 796 a
1130 755 1259 796 litore
1294 752 1437 795 sunem

128 813 343 867 Rumpite.

1687 811 1769 849 640

132 871 243 913 Nam
284 870 424 925 qualis
463 874 735 924 quantusque
776 883 878 911 cavo
918 869 1204 924 Polyphemus
1242 869 1286 910 in
1316 872 1442 910 antro

125 1040 154 1064 et
181 1036 298 1064 artium
324 1035 362 1064 cf.
391 1036 463 1064 Val.
488 1037 533 1064 Fl.
559 1033 589 1073 3,
610 1032 674 1063 664
700 1031 808 1064 oblita
840 1032 924 1063 Iuno

125 1079 193 1115 sui,
218 1078 362 1110 numine
373 1079 484 1119 fes-so.

172 1125 248 1155 630.
279 1123 392 1155 Simul
420 1135 474 1162 pro
504 1127 699 1161 simulatque
731 1127 815 1160 apud
843 1125 923 1161 opti-

126 1181 213 1202 mum
239 1181 395 1208 quemque
420 1173 623 1209 scriptorem,
654 1172 814 1206 imprimis
839 1172 925 1206 apud

125 1219 328 1247 Sallustium.
378 1218 425 1247 Cf.
468 1219 533 1247 Cic.
570 1219 636 1246 An.
676 1215 714 1253 S,
748 1214 763 1245 l
808 1214 923 1246 Simul

123 1261 261 1304 aliquid
283 1261 440 1299 audiero,
461 1261 610 1293 scribam
634 1260 680 1291 ad
701 1264 744 1292 te.
772 1277 816 1282 ——
841 1260 922 1292 vino

125 1307 280 1351 sepultus
305 1309 344 1339 cf.
370 1307 400 1346 2,
430 1307 505 1337 265.

169 1352 244 1384 631.
274 1352 386 1384 Iacuit
417 1363 480 1395 per
512 1356 662 1383 antrum.
720 1355 845 1391 „Varro
876 1355 921 1382 ait

122 1401 155 1429 in
179 1403 261 1431 lecto
288 1403 477 1430 temulentos
503 1401 625 1434 iacere,
651 1401 776 1429 sobrios
802 1402 920 1429 cubare

122 1451 368 1477 consuescere.··
384 1449 414 1476 S.
445 1463 481 1466 —
505 1444 690 1475 immensus
710 1448 751 1474 M.
778 1444 919 1474 immen-

121 1501 195 1521 sum
246 1495 280 1522 P.
353 1490 587 1529 „Immensum
636 1493 676 1520 ad
728 1493 920 1528 Polyphemi

122 1540 374 1573 magnitudinem
400 1539 551 1574 pertinet,
590 1539 685 1573 quasi
711 1538 744 1566 in
771 1543 833 1567 toto
860 1547 920 1567 an-

121 1589 167 1614 tro
190 1585 357 1615 iacueris-⁸
386 1587 416 1613 S.
439 1599 482 1604 —
513 1582 717 1613 immensam
743 1587 785 1613 al.
798 1585 851 1621 U)
876 1585 921 1613 ita

119 1636 153 1660 ut
179 1632 219 1660 ad
249 1630 380 1659 saniem
409 1633 605 1664 retrahatur,
643 1631 851 1667 signeturque
883 1640 919 1659 eo

119 1677 284 1706 adiectivo
333 1684 452 1713 magna
500 1677 692 1712 Potyphvmi
745 1678 918 1713 voracitas,

118 1730 201 1758 quae
233 1723 427 1758 saepissime
460 1728 595 1752 notatur.
654 1724 868 1758 Comparatur
899 1731 919 1752 a

118 1769 341 1804 Peerlkampio
369 1770 478 1798 Boeth.
508 1767 526 1797 4
560 1771 696 1798 Mettum
723 1767 760 1798 7:
808 1767 920 1799 Fleuit

117 1814 263 1844 amissos
290 1812 430 1844 ithacus
458 1813 595 1843 sodales
614 1812 706 1853 Quos
728 1814 831 1853 ferus
860 1823 919 1844 υα-

116 1863 168 1890 sto
200 1859 370 1890 recubans
405 1858 440 1890 in
478 1863 580 1890 antro
618 1858 739 1890 Mersit
773 1859 920 1890 immani

123 1903 354 1947 Polyphemus
376 1904 467 1936 alvo.
516 1907 620 1941 Quare
641 1904 836 1936 immersam
863 1916 918 1942 pro

118 1950 321 1982 immensam
370 1953 563 1981 substituere
605 1953 669 1981 iam
716 1954 786 1982 viro
827 1954 917 1983 docto

118 1999 258 2034 placuit!
309 1999 402 2028 Hunc
434 2000 540 2027 locum
570 1999 717 2027 laudavit
744 2000 916 2033 Quintilia-

115 2053 177 2073 nus
202 2043 234 2081 8,
260 2042 290 2080 3,
317 2042 377 2072 841
419 2045 555 2081 „Virtus
586 2049 634 2073 est
670 2039 841 2083 ἔμφασις,
866 2048 916 2074 al-

119 2091 232 2119 tiorem
264 2093 421 2125 praebens
450 2091 663 2126 intellectum,
702 2098 798 2125 quam
823 2100 916 2126 quem

118 2139 219 2166 verba
251 2145 306 2171 per
339 2145 375 2166 se
406 2137 479 2171 ipsa
511 2138 685 2165 declarant.
735 2137 813 2164 Eius
845 2142 919 2165 sunt

117 2183 199 2212 duae
218 2183 364 2221 species,
409 2184 510 2211 altera
536 2189 618 2217 quae
650 2184 723 2217 plus
749 2183 918 2220 significat,

118 2236 215 2263 quam
239 2229 332 2267 dicit,
370 2230 492 2265 altera,
525 2236 607 2263 quae
633 2228 729 2257 etiam
756 2229 803 2265 id,
838 2230 919 2263 quod

117 2282 182 2302 non
207 2275 292 2303 dicit.
336 2275 429 2303 Prior
449 2280 498 2304 est
522 2276 607 2310 apud
620 2275 802 2303 Homerum.
822 2283 919 2310 quum

117 2321 288 2348 Menelaus
319 2321 434 2350 Graios
471 2321 505 2350 in
540 2329 658 2355 equum
700 2319 917 2350 descendisse

117 2365 181 2401 ait3
224 2373 297 2394 nam
330 2369 428 2395 verbo
466 2375 530 2396 uno
559 2367 814 2403 magnitudinem
845 2367 916 2395 eius

117 2411 272 2439 ostendit:
318 2415 347 2440 et
384 2414 467 2447 apud
501 2414 677 2450 Virgilium
718 2410 916 2441 nemim-um

117 2454 213 2496 lapsi
241 2464 302 2496 per
324 2456 458 2493 funem.
506 2461 588 2488 Nam
615 2459 663 2488 sic
690 2467 815 2495 quoque
839 2460 915 2488 alti-

118 2503 191 2531 tudo
217 2504 434 2532 demonstrata
457 2508 514 2533 est.
545 2507 634 2534 Idem
650 2506 796 2541 Cyclopa
818 2513 916 2540 quum

116 2546 267 2577 iat-uisse
296 2548 376 2577 dixit
405 2557 467 2588 per
499 2552 660 2589 antrum,
697 2552 916 2588 prodigiosum

116 2595 197 2623 illud
228 2602 344 2629 corpus
366 2595 471 2629 spatio
495 2596 558 2625 loci
583 2605 715 2626 mensus
737 2598 818 2626 est.“
869 2599 916 2626 De

116 2648 155 2669 ea
180 2640 416 2677 significatione
448 2643 697 2676 praepositionis
727 2651 789 2682 per
820 2644 858 2673 cf.
884 2643 916 2679 5,

120 2684 195 2715 102.
218 2702 256 2706 -
285 2687 393 2715 Verba
417 2691 523 2715 autem
539 2688 731 2722 Quintiliani
751 2693 917 2724 propterea

113 2733 222 2769 attuli,
252 2737 285 2761 ut
311 2732 562 2771 intelligeretur,
584 2734 665 2762 nihil
688 2742 729 2763 ex
754 2735 796 2763 iis
821 2743 917 2770 posse

116 2779 154 2807 de
178 2779 339 2814 scriptura
362 2779 490 2815 confici;
524 2786 624 2814 quare
647 2784 677 2809 et
704 2780 746 2814 ii,
771 2781 826 2816 qui
853 2779 917 2809 im-

113 2831 291 2862 mensam,
327 2829 356 2854 et
380 2825 435 2860 qui
461 2822 682 2861 immensum,
719 2830 749 2854 et
774 2827 829 2862 qui
854 2824 917 2855 im-

114 2877 252 2899 mensus
276 2873 428 2907 probant,
454 2872 496 2899 ad
520 2879 593 2900 eum
618 2877 803 2906 provocant.
852 2874 916 2902 'l'a-

116 2923 189 2945 men
213 2917 243 2945 si
264 2919 367 2946 verba
387 2918 575 2954 premimuS,
597 2925 695 2952 quum
719 2919 803 2947 dicat
823 2927 916 2947 meu-

115 2969 173 2990 sus
198 2965 263 2998 est,
290 2971 353 2991 non
381 2961 503 3003 signat
530 2964 582 2992 vel
613 2961 765 2994 indicat:
801 2967 916 2999 proba-

115 3007 180 3036 bile
212 3013 261 3037 est
293 3009 425 3044 aliquod
455 3018 528 3038 eum
559 3010 681 3045 legisse
709 3013 915 3047 vocabulum,

115 3059 176 3087 quo
201 3054 262 3083 illa
286 3056 472 3092 magnitudo
498 3056 712 3093 indicaretur;
750 3056 844 3092 idque
868 3062 917 3086 est

972 1032 1167 1063 immensus.
1229 1035 1316 1068 Quod
1355 1037 1510 1061 mutatum
1549 1036 1596 1060 est
1635 1031 1667 1059 in
1706 1027 1769 1059 im-

971 1088 1123 1109 mensum
1151 1084 1276 1114 propter
1299 1081 1438 1107 antrum
1459 1082 1488 1105 et
1509 1077 1541 1105 in
1567 1075 1768 1105 immensam

971 1130 1099 1161 propter
1125 1123 1277 1159 saniem,·
1314 1125 1395 1159 quod
1427 1123 1620 1157 saepissime
1651 1122 1769 1151 factum

971 1172 1119 1200 videmus
1141 1178 1162 1199 a
1186 1171 1323 1202 libariis.
1349 1175 1382 1199 ut
1405 1169 1601 1198 adiectivum
1627 1170 1668 1197 ad
1695 1176 1769 1203 pro-

970 1218 1095 1246 ximum
1116 1225 1231 1245 nomen
1255 1217 1418 1245 referrent.
1458 1215 1505 1244 Cf.
1535 1211 1689 1254 Totoque
1715 1211 1768 1243 in-

968 1271 1058 1303 gens
1079 1260 1278 1291 extenditur
1305 1264 1407 1291 antro
1435 1258 1465 1297 6,
1486 1257 1562 1288 423.

1021 1306 1094 1336 634.
1124 1306 1239 1337 sortiti
1264 1306 1354 1337 vices
1388 1315 1449 1343 quo
1475 1307 1547 1341 quis
1576 1307 1646 1335 loco
1670 1310 1769 1334 staret

968 1354 1006 1383 cf.
1033 1352 1069 1389 S,
1094 1352 1168 1382 445.
1219 1356 1321 1389 Quum
1357 1354 1654 1388 composuissemus
1685 1359 1768 1387 quae

968 1401 1124 1435 cuiusque
1143 1406 1251 1430 essent
1275 1405 1384 1437 partes
1412 1401 1445 1428 in
1471 1399 1684 1436 aggrediendo
1703 1399 1766 1426 Po-

966 1448 1127 1483 lyphemo.

1013 1491 1089 1520 635.
1117 1489 1253 1529 lumen,
1297 1493 1442 1527 oculum,
1480 1491 1674 1526 saepissime
1714 1499 1766 1526 ap.

966 1543 1087 1574 poetas.
1136 1539 1182 1567 Cf.
1207 1536 1237 1574 2,
1262 1536 1338 1566 405.
1389 1535 1704 1575 circumfundimur
1728 1537 1766 1567 cf.

968 1583 997 1621 2,
1023 1583 1097 1613 39⁴3.

1014 1630 1089 1659 636.
1123 1626 1271 1659 Latebat
1313 1630 1485 1665 supercilio
1527 1634 1556 1657 et
1602 1630 1767 1665 palpebris

968 1682 1068 1706 tectus
1094 1678 1207 1706 oculus
1235 1680 1361 1711 tantus,
1395 1677 1477 1704 unde
1501 1676 1600 1704 totius
1626 1676 1691 1705 oris
1716 1676 1766 1704 in-

967 1724 1121 1757 telligitur
1145 1722 1342 1751 terribilitas.

1015 1767 1090 1798 637.
1117 1769 1232 1803 Qualis
1260 1768 1384 1803 clipeus
1409 1768 1586 1804 Argolicus
1616 1773 1680 1801 est,
1712 1768 1766 1803 qui

967 1817 1124 1844 rotundus
1156 1819 1222 1843 erat
1262 1818 1291 1843 et
1326 1819 1434 1843 tantae
1467 1815 1699 1848 magnitudinis
1733 1820 1766 1843 ut

967 1862 1127 1890 hominem
1157 1865 1283 1897 tegeret.
1332 1860 1379 1889 Cf.
1411 1859 1488 1888 256.
1546 1861 1600 1889 Sic
1626 1869 1676 1896 ap.
1704 1863 1763 1889 Ov.

966 1910 1008 1936 M.
1040 1906 1088 1942 13,
1114 1906 1174 1936 851
1208 1908 1446 1943 Polyphemus,
1488 1903 1619 1941 Unum,
1651 1907 1764 1942 inquit,

966 1956 1015 1983 est
1043 1952 1077 1982 in
1114 1951 1228 1982 media
1265 1951 1378 1981 lumen
1410 1949 1495 1981 mihi
1519 1951 1660 1990 fronte,
1705 1950 1764 1981 sert

964 1998 1078 2028 instar
1105 1997 1261 2039 ingentis
1286 1996 1400 2039 clipei.
1424 2014 1469 2018 —-
1495 1995 1651 2027 Phoebea
1677 1996 1766 2027 lom-

962 2054 1029 2085 pas
1056 2050 1103 2074 est
1131 2047 1184 2073 sol
1221 2045 1260 2074 cf.
1289 2044 1319 2079 4,
1347 2046 1382 2075 6:
1416 2045 1523 2080 itaque
1545 2050 1686 2080 quantus
1709 2046 1765 2073 Sol

964 2092 1150 2120 videntibus
1189 2097 1253 2121 est.
1292 2095 1399 2120 tantus
1437 2096 1486 2120 est
1524 2091 1595 2119 eius
1637 2093 1763 2120 oculus.

966 2138 1144 2171 Quominus
1160 2139 1261 2165 solem
1282 2145 1355 2166 cum
1379 2139 1549 2172 splendore
1573 2138 1657 2166 oculi
1677 2145 1764 2166 cotn—

968 2187 1116 2217 paratum
1144 2183 1305 2217 accipiaS,
1338 2183 1469 2217 impedit
1494 2183 1559 2211 iam
1577 2185 1640 2212 aut
1665 2183 1765 2218 parti-

969 2230 1043 2257 cula
1070 2233 1098 2257 et
1120 2237 1224 2257 nexus
1251 2229 1491 2257 sententiarum.

1013 2272 1088 2302 638.
1115 2276 1146 2303 et
1172 2272 1334 2302 tandem.-
1353 2275 1519 2309 Cognosce
1535 2274 1620 2303 oculi
1638 2274 1764 2307 magni-

968 2321 1107 2349 tudinem
1136 2329 1177 2348 ex
1201 2328 1255 2354 eo,
1281 2321 1362 2353 quod
1388 2323 1429 2347 tot
1449 2320 1613 2357 homines,
1639 2320 1763 2348 machi-

964 2367 1016 2395 nis
1061 2367 1158 2395 etiam
1197 2366 1363 2401 instructi,
1403 2366 1494 2393 modo
1529 2369 1598 2399 post
1632 2367 1762 2401 longum

965 2417 1090 2447 tempus
1116 2412 1285 2440 dormienti
1311 2415 1444 2446 possunt
1472 2410 1615 2440 effodere.

1011 2456 1086 2486 639.
1114 2455 1172 2486 sed
1199 2456 1342 2497 fugite:
1378 2457 1483 2485 Media
1514 2457 1546 2485 in
1576 2457 1762 2485 narratione

963 2512 1061 2540 quam
1086 2504 1248 2533 terribiles
1272 2504 1337 2532 sint
1355 2504 1514 2539 Cyclopes
1533 2503 1760 2531 reminiscitur.

1011 2549 1087 2579 640.
1121 2547 1284 2589 Rumpite
1308 2549 1545 2578 festinationem
1563 2550 1674 2577 suadet
1693 2556 1761 2578 ma-

961 2597 1013 2633 gis
1041 2604 1136 2631 quam
1163 2593 1286 2624 solvite
1311 2595 1350 2624 cf.
1375 2592 1405 2633 4,
1431 2592 1506 2622 575.

1010 2641 1085 2671 641.
1112 2643 1163 2670 Ad
1200 2639 1316 2680 qualis
1347 2642 1567 2680 quantusque
1603 2640 1762 2669 sufficeret

964 2690 1039 2717 addi
1065 2691 1135 2722 eet,-
1178 2687 1295 2716 vitavit
1322 2691 1429 2715 tamen
1457 2690 1549 2721 poeta
1580 2687 1761 2721 simplicem

963 2742 1033 2763 eam
1065 2735 1221 2763 rationem
1256 2734 1345 2762 verbi
1380 2732 1578 2761 substantivi
1612 2733 1761 2767 additque

964 2781 1132 2815 singulare
1161 2780 1302 2814 aliquid3
1342 2780 1425 2813 quod
1454 2778 1519 2807 iam
1544 2778 1686 2807 vidimus
1711 2778 1761 2807 fa-

963 2832 1048 2856 ctum
1076 2835 1150 2855 esse
1183 2824 1208 2859 i.
1237 2824 1312 2852 316.
1341 2822 1416 2852 ⁴98.
1445 2828 1474 2852 et
1500 2824 1531 2852 fit
1562 2821 1593 2861 7,
1619 2822 1694 2852 720.
1729 2824 1760 2858 9,

968 2871 1029 2900 102
1051 2875 1094 2901 al.
1144 2874 1219 2900 Erat
1242 2871 1327 2899 enim
1350 2871 1569 2906 Polyphemus
1593 2871 1760 2899 studiosus

963 2919 1010 2947 rei
1035 2918 1224 2954 pecuariae:
1251 2920 1333 2945 banc
1359 2917 1456 2953 igitur
1477 2921 1630 2945 memorat
1657 2921 1760 2951 poeta,

963 2973 1066 2999 neque
1091 2964 1235 2998 curavit,
1279 2963 1360 2997 quod
1394 2963 1427 2990 in
1451 2970 1489 2991 ea
1520 2963 1601 2991 nihil
1627 2963 1759 2995 inesset,

964 3012 1047 3045 quod
1078 3015 1229 3039 terrorem
1260 3012 1411 3037 moveret.
1467 3010 1499 3037 Is
1537 3013 1643 3037 tamen
1678 3009 1759 3037 satis

964 3057 1031 3086 iam
1058 3057 1220 3086 indicatus
1250 3059 1308 3092 est,
1331 3063 1435 3090 neque
1456 3055 1572 3084 eiicere
1590 3055 1664 3084 licet
1685 3062 1758 3083 ver-

1425 3100 1483 3143 11
