<?xml version="1.0" encoding="UTF-8"?>
<!DOCTYPE html PUBLIC "-//W3C//DTD XHTML 1.0 Transitional//EN"
    "http://www.w3.org/TR/xhtml1/DTD/xhtml1-transitional.dtd">
<html xmlns="http://www.w3.org/1999/xhtml" xml:lang="en" lang="en">
 <head>
  <title>
</title>
<meta http-equiv="Content-Type" content="text/html;charset=utf-8" />
  <meta name='ocr-system' content='tesseract 3.04.00' />
  <meta name='ocr-capabilities' content='ocr_page ocr_carea ocr_par ocr_line ocrx_word'/>
</head>
<body>
  <div class='ocr_page' id='page_1' title='image "aeneisvi00virguoft_0583.png"; bbox 0 0 2023 3350; ppageno 0'>
   <div class='ocr_carea' id='block_1_1' title="bbox 756 59 1189 95">
    <p class='ocr_par' dir='ltr' id='par_1_1' title="bbox 756 59 1189 95">
     <span class='ocr_line' id='line_1_1' title="bbox 756 59 1189 95; baseline 0.007 -3"><span class='ocrx_word' id='word_1_1' title='bbox 756 59 992 94; x_wconf 88' lang='lat' dir='ltr'>AENEIDOS</span> <span class='ocrx_word' id='word_1_2' title='bbox 1018 62 1105 94; x_wconf 87' lang='lat' dir='ltr'>LIB.</span> <span class='ocrx_word' id='word_1_3' title='bbox 1129 62 1189 95; x_wconf 83' lang='lat' dir='ltr'>xl.</span> 
     </span>
    </p>
   </div>
   <div class='ocr_carea' id='block_1_2' title="bbox 145 172 1442 230">
    <p class='ocr_par' dir='ltr' id='par_1_2' title="bbox 145 172 1442 230">
     <span class='ocr_line' id='line_1_2' title="bbox 145 172 1442 230; baseline 0.001 -12"><span class='ocrx_word' id='word_1_4' title='bbox 145 175 284 230; x_wconf 90' lang='lat' dir='ltr'>quue</span> <span class='ocrx_word' id='word_1_5' title='bbox 316 175 476 230; x_wconf 87' lang='lat' dir='ltr'>placet,</span> <span class='ocrx_word' id='word_1_6' title='bbox 512 174 766 228; x_wconf 85' lang='lat' dir='ltr'>tantumque</span> <span class='ocrx_word' id='word_1_7' title='bbox 804 172 927 216; x_wconf 88' lang='lat' dir='ltr'>bonis</span> <span class='ocrx_word' id='word_1_8' title='bbox 959 174 1253 217; x_wconf 88' lang='lat' dir='ltr'>communibus</span> <span class='ocrx_word' id='word_1_9' title='bbox 1290 176 1442 221; x_wconf 86' lang='lat' dir='ltr'>obsto:</span> 
     </span>
    </p>
   </div>
   <div class='ocr_carea' id='block_1_3' title="bbox 1703 69 1783 109">
    <p class='ocr_par' dir='ltr' id='par_1_3' title="bbox 1703 69 1783 109">
     <span class='ocr_line' id='line_1_3' title="bbox 1703 69 1783 109; baseline 0 -1"><span class='ocrx_word' id='word_1_10' title='bbox 1703 69 1783 109; x_wconf 84' lang='lat'>557</span> 
     </span>
    </p>
   </div>
   <div class='ocr_carea' id='block_1_4' title="bbox 1701 183 1784 223">
    <p class='ocr_par' dir='ltr' id='par_1_4' title="bbox 1701 183 1784 223">
     <span class='ocr_line' id='line_1_4' title="bbox 1701 183 1784 223; baseline 0 -1"><span class='ocrx_word' id='word_1_11' title='bbox 1701 183 1784 223; x_wconf 85' lang='lat'>435</span> 
     </span>
    </p>
   </div>
   <div class='ocr_carea' id='block_1_5' title="bbox 146 232 1310 344">
    <p class='ocr_par' dir='ltr' id='par_1_5' title="bbox 146 232 1310 344">
     <span class='ocr_line' id='line_1_5' title="bbox 146 232 1260 287; baseline -0.002 -11"><span class='ocrx_word' id='word_1_12' title='bbox 146 235 244 276; x_wconf 90' lang='lat' dir='ltr'>Non</span> <span class='ocrx_word' id='word_1_13' title='bbox 284 235 392 276; x_wconf 88' lang='lat' dir='ltr'>adeo</span> <span class='ocrx_word' id='word_1_14' title='bbox 429 233 509 273; x_wconf 89' lang='lat' dir='ltr'>has</span> <span class='ocrx_word' id='word_1_15' title='bbox 546 245 676 273; x_wconf 83' lang='lat' dir='ltr'>exosa</span> <span class='ocrx_word' id='word_1_16' title='bbox 713 246 865 274; x_wconf 89' lang='lat' dir='ltr'>manus</span> <span class='ocrx_word' id='word_1_17' title='bbox 902 232 1097 274; x_wconf 86' lang='lat' dir='ltr'>Victoria</span> <span class='ocrx_word' id='word_1_18' title='bbox 1135 232 1260 287; x_wconf 82' lang='lat' dir='ltr'>fugit,</span> 
     </span>
     <span class='ocr_line' id='line_1_6' title="bbox 147 288 1310 344; baseline -0.002 -10"><span class='ocrx_word' id='word_1_19' title='bbox 147 293 206 334; x_wconf 89' lang='lat' dir='ltr'>Ut</span> <span class='ocrx_word' id='word_1_20' title='bbox 244 295 368 334; x_wconf 85' lang='lat' dir='ltr'>tanta</span> <span class='ocrx_word' id='word_1_21' title='bbox 403 288 637 343; x_wconf 84' lang='lat' dir='ltr'>quidquam</span> <span class='ocrx_word' id='word_1_22' title='bbox 670 303 750 343; x_wconf 89' lang='lat' dir='ltr'>pro</span> <span class='ocrx_word' id='word_1_23' title='bbox 786 304 861 344; x_wconf 87' lang='lat' dir='ltr'>spe</span> <span class='ocrx_word' id='word_1_24' title='bbox 900 293 1070 332; x_wconf 87' lang='lat' dir='ltr'>tentare</span> <span class='ocrx_word' id='word_1_25' title='bbox 1106 304 1310 332; x_wconf 81' lang='lat' dir='ltr'>recusem.</span> 
     </span>
    </p>
   </div>
   <div class='ocr_carea' id='block_1_6' title="bbox 147 347 1433 402">
    <p class='ocr_par' dir='ltr' id='par_1_6' title="bbox 147 347 1433 402">
     <span class='ocr_line' id='line_1_7' title="bbox 147 347 1433 402; baseline 0.001 -11"><span class='ocrx_word' id='word_1_26' title='bbox 147 350 227 391; x_wconf 88' lang='lat' dir='ltr'>Ibo</span> <span class='ocrx_word' id='word_1_27' title='bbox 268 348 420 391; x_wconf 86' lang='lat' dir='ltr'>animis</span> <span class='ocrx_word' id='word_1_28' title='bbox 453 350 624 388; x_wconf 88' lang='lat' dir='ltr'>contra:</span> <span class='ocrx_word' id='word_1_29' title='bbox 661 347 726 388; x_wconf 86' lang='lat' dir='ltr'>vel</span> <span class='ocrx_word' id='word_1_30' title='bbox 761 362 964 401; x_wconf 85' lang='lat' dir='ltr'>magnum</span> <span class='ocrx_word' id='word_1_31' title='bbox 997 351 1190 402; x_wconf 86' lang='lat' dir='ltr'>praestet</span> <span class='ocrx_word' id='word_1_32' title='bbox 1225 349 1433 392; x_wconf 83' lang='lat' dir='ltr'><strong>Achillem</strong></span> 
     </span>
    </p>
   </div>
   <div class='ocr_carea' id='block_1_7' title="bbox 1436 384 1446 403">
    <p class='ocr_par' dir='ltr' id='par_1_7' title="bbox 1436 384 1446 403">
     <span class='ocr_line' id='line_1_8' title="bbox 1436 384 1446 403; baseline 0 0"><span class='ocrx_word' id='word_1_33' title='bbox 1436 384 1446 403; x_wconf 79' lang='grc' dir='ltr'><em>Ὶ</em></span> 
     </span>
    </p>
   </div>
   <div class='ocr_carea' id='block_1_8' title="bbox 146 404 1312 459">
    <p class='ocr_par' dir='ltr' id='par_1_8' title="bbox 146 404 1312 459">
     <span class='ocr_line' id='line_1_9' title="bbox 146 404 1312 459; baseline -0.001 -10"><span class='ocrx_word' id='word_1_34' title='bbox 146 408 361 459; x_wconf 77' lang='lat' dir='ltr'>Factaque</span> <span class='ocrx_word' id='word_1_35' title='bbox 398 404 577 446; x_wconf 77' lang='lat' dir='ltr'>Volcani</span> <span class='ocrx_word' id='word_1_36' title='bbox 610 404 807 447; x_wconf 88' lang='lat' dir='ltr'>manibus</span> <span class='ocrx_word' id='word_1_37' title='bbox 845 406 968 459; x_wconf 85' lang='lat' dir='ltr'>paria</span> <span class='ocrx_word' id='word_1_38' title='bbox 1000 405 1153 446; x_wconf 87' lang='lat' dir='ltr'>induat</span> <span class='ocrx_word' id='word_1_39' title='bbox 1190 419 1312 448; x_wconf 89' lang='lat' dir='ltr'>arma</span> 
     </span>
    </p>
   </div>
   <div class='ocr_carea' id='block_1_9' title="bbox 147 464 370 507">
    <p class='ocr_par' dir='ltr' id='par_1_9' title="bbox 147 464 370 507">
     <span class='ocr_line' id='line_1_10' title="bbox 147 464 370 507; baseline -0.018 0"><span class='ocrx_word' id='word_1_40' title='bbox 147 465 226 507; x_wconf 91' lang='lat' dir='ltr'>Ille</span> <span class='ocrx_word' id='word_1_41' title='bbox 260 464 370 504; x_wconf 87' lang='lat' dir='ltr'>licet.</span> 
     </span>
    </p>
   </div>
   <div class='ocr_carea' id='block_1_10' title="bbox 429 461 1383 516">
    <p class='ocr_par' dir='ltr' id='par_1_10' title="bbox 429 461 1383 516">
     <span class='ocr_line' id='line_1_11' title="bbox 429 461 1383 516; baseline 0.003 -14"><span class='ocrx_word' id='word_1_42' title='bbox 429 461 561 503; x_wconf 83' lang='lat' dir='ltr'>Vobis</span> <span class='ocrx_word' id='word_1_43' title='bbox 598 463 785 504; x_wconf 82' lang='lat' dir='ltr'>animam</span> <span class='ocrx_word' id='word_1_44' title='bbox 819 463 929 505; x_wconf 88' lang='lat' dir='ltr'>hanc</span> <span class='ocrx_word' id='word_1_45' title='bbox 966 476 1198 516; x_wconf 83' lang='lat' dir='ltr'>soceroque</span> <span class='ocrx_word' id='word_1_46' title='bbox 1228 463 1383 505; x_wconf 85' lang='lat' dir='ltr'>Latino</span> 
     </span>
    </p>
   </div>
   <div class='ocr_carea' id='block_1_11' title="bbox 1703 472 1787 511">
    <p class='ocr_par' dir='ltr' id='par_1_11' title="bbox 1703 472 1787 511">
     <span class='ocr_line' id='line_1_12' title="bbox 1703 472 1787 511; baseline -0.012 0"><span class='ocrx_word' id='word_1_47' title='bbox 1703 472 1787 511; x_wconf 88' lang='grc'>440</span> 
     </span>
    </p>
   </div>
   <div class='ocr_carea' id='block_1_12' title="bbox 146 519 1399 575">
    <p class='ocr_par' dir='ltr' id='par_1_12' title="bbox 146 519 1399 575">
     <span class='ocr_line' id='line_1_13' title="bbox 146 519 1399 575; baseline 0 -12"><span class='ocrx_word' id='word_1_48' title='bbox 146 522 309 563; x_wconf 90' lang='lat' dir='ltr'>Turnus</span> <span class='ocrx_word' id='word_1_49' title='bbox 351 533 450 573; x_wconf 83' lang='lat' dir='ltr'>ego⁷</span> <span class='ocrx_word' id='word_1_50' title='bbox 481 519 598 562; x_wconf 91' lang='lat' dir='ltr'>haud</span> <span class='ocrx_word' id='word_1_51' title='bbox 635 520 712 561; x_wconf 89' lang='lat' dir='ltr'>ulli</span> <span class='ocrx_word' id='word_1_52' title='bbox 750 524 943 562; x_wconf 89' lang='lat' dir='ltr'>veterum</span> <span class='ocrx_word' id='word_1_53' title='bbox 979 520 1137 562; x_wconf 86' lang='lat' dir='ltr'>virtute</span> <span class='ocrx_word' id='word_1_54' title='bbox 1174 521 1399 575; x_wconf 86' lang='lat' dir='ltr'>secundus,</span> 
     </span>
    </p>
   </div>
   <div class='ocr_carea' id='block_1_13' title="bbox 144 577 902 620">
    <p class='ocr_par' dir='ltr' id='par_1_13' title="bbox 144 577 902 620">
     <span class='ocr_line' id='line_1_14' title="bbox 144 577 902 620; baseline 0 0"><span class='ocrx_word' id='word_1_55' title='bbox 144 578 318 620; x_wconf 84' lang='lat' dir='ltr'>Devovi.</span> <span class='ocrx_word' id='word_1_56' title='bbox 378 577 523 619; x_wconf 84' lang='lat' dir='ltr'>Solum</span> <span class='ocrx_word' id='word_1_57' title='bbox 559 578 725 620; x_wconf 84' lang='lat' dir='ltr'>Aeneas</span> <span class='ocrx_word' id='word_1_58' title='bbox 765 582 902 620; x_wconf 80' lang='lat' dir='ltr'>vocat.</span> 
     </span>
    </p>
   </div>
   <div class='ocr_carea' id='block_1_14' title="bbox 962 578 1342 629">
    <p class='ocr_par' dir='ltr' id='par_1_14' title="bbox 962 578 1342 629">
     <span class='ocr_line' id='line_1_15' title="bbox 962 578 1342 629; baseline 0.003 -10"><span class='ocrx_word' id='word_1_59' title='bbox 962 578 1037 629; x_wconf 87' lang='lat' dir='ltr'>Et,</span> <span class='ocrx_word' id='word_1_60' title='bbox 1076 581 1217 629; x_wconf 84' lang='lat' dir='ltr'>vocet,</span> <span class='ocrx_word' id='word_1_61' title='bbox 1253 592 1342 620; x_wconf 86' lang='lat' dir='ltr'>oro.</span> 
     </span>
    </p>
   </div>
   <div class='ocr_carea' id='block_1_15' title="bbox 143 635 1374 747">
    <p class='ocr_par' dir='ltr' id='par_1_15' title="bbox 143 635 1374 747">
     <span class='ocr_line' id='line_1_16' title="bbox 143 635 1374 690; baseline 0.001 -13"><span class='ocrx_word' id='word_1_62' title='bbox 143 637 235 677; x_wconf 89' lang='lat' dir='ltr'>Nec</span> <span class='ocrx_word' id='word_1_63' title='bbox 272 635 466 677; x_wconf 83' lang='lat' dir='ltr'>Drances</span> <span class='ocrx_word' id='word_1_64' title='bbox 507 635 675 689; x_wconf 87' lang='lat' dir='ltr'>potius,</span> <span class='ocrx_word' id='word_1_65' title='bbox 711 636 799 678; x_wconf 87' lang='lat' dir='ltr'>sive</span> <span class='ocrx_word' id='word_1_66' title='bbox 831 640 896 678; x_wconf 92' lang='lat' dir='ltr'>est</span> <span class='ocrx_word' id='word_1_67' title='bbox 935 636 1040 677; x_wconf 87' lang='lat' dir='ltr'>haec</span> <span class='ocrx_word' id='word_1_68' title='bbox 1079 635 1147 677; x_wconf 89' lang='lat' dir='ltr'>ira</span> <span class='ocrx_word' id='word_1_69' title='bbox 1183 635 1374 690; x_wconf 89' lang='lat' dir='ltr'>deorum,</span> 
     </span>
     <span class='ocr_line' id='line_1_17' title="bbox 144 693 1286 747; baseline 0.001 -13"><span class='ocrx_word' id='word_1_70' title='bbox 144 693 287 734; x_wconf 88' lang='lat' dir='ltr'>Morte</span> <span class='ocrx_word' id='word_1_71' title='bbox 322 693 433 744; x_wconf 86' lang='lat' dir='ltr'>luat,</span> <span class='ocrx_word' id='word_1_72' title='bbox 467 694 555 735; x_wconf 84' lang='lat' dir='ltr'>sive</span> <span class='ocrx_word' id='word_1_73' title='bbox 591 698 656 736; x_wconf 88' lang='lat' dir='ltr'>est</span> <span class='ocrx_word' id='word_1_74' title='bbox 693 695 828 735; x_wconf 87' lang='lat' dir='ltr'>virtus</span> <span class='ocrx_word' id='word_1_75' title='bbox 867 697 909 735; x_wconf 93' lang='lat' dir='ltr'>et</span> <span class='ocrx_word' id='word_1_76' title='bbox 949 693 1106 747; x_wconf 83' lang='lat' dir='ltr'>gloria,</span> <span class='ocrx_word' id='word_1_77' title='bbox 1147 693 1286 735; x_wconf 86' lang='lat' dir='ltr'>tollat.</span> 
     </span>
    </p>
   </div>
   <div class='ocr_carea' id='block_1_16' title="bbox 259 750 1365 805">
    <p class='ocr_par' dir='ltr' id='par_1_16' title="bbox 259 750 1365 805">
     <span class='ocr_line' id='line_1_18' title="bbox 259 750 1365 805; baseline 0.002 -14"><span class='ocrx_word' id='word_1_78' title='bbox 259 750 329 792; x_wconf 91' lang='lat' dir='ltr'>Illi</span> <span class='ocrx_word' id='word_1_79' title='bbox 367 751 472 793; x_wconf 85' lang='lat' dir='ltr'>haec</span> <span class='ocrx_word' id='word_1_80' title='bbox 509 751 622 793; x_wconf 89' lang='lat' dir='ltr'>inter</span> <span class='ocrx_word' id='word_1_81' title='bbox 657 765 702 793; x_wconf 90' lang='lat' dir='ltr'>se</span> <span class='ocrx_word' id='word_1_82' title='bbox 742 751 883 794; x_wconf 89' lang='lat' dir='ltr'>dubiis</span> <span class='ocrx_word' id='word_1_83' title='bbox 923 751 975 793; x_wconf 92' lang='lat' dir='ltr'>de</span> <span class='ocrx_word' id='word_1_84' title='bbox 1009 750 1138 793; x_wconf 88' lang='lat' dir='ltr'>rebus</span> <span class='ocrx_word' id='word_1_85' title='bbox 1175 751 1365 805; x_wconf 75' lang='lat' dir='ltr'>agebant</span> 
     </span>
    </p>
   </div>
   <div class='ocr_carea' id='block_1_17' title="bbox 1702 758 1786 796">
    <p class='ocr_par' dir='ltr' id='par_1_17' title="bbox 1702 758 1786 796">
     <span class='ocr_line' id='line_1_19' title="bbox 1702 758 1786 796; baseline -0.012 0"><span class='ocrx_word' id='word_1_86' title='bbox 1702 758 1786 796; x_wconf 81' lang='lat'>445</span> 
     </span>
    </p>
   </div>
   <div class='ocr_carea' id='block_1_18' title="bbox 141 808 1360 1024">
    <p class='ocr_par' dir='ltr' id='par_1_18' title="bbox 141 808 1276 921">
     <span class='ocr_line' id='line_1_20' title="bbox 144 808 1276 864; baseline 0 -13"><span class='ocrx_word' id='word_1_87' title='bbox 144 808 387 851; x_wconf 87' lang='lat' dir='ltr'>Certantes:</span> <span class='ocrx_word' id='word_1_88' title='bbox 429 812 573 851; x_wconf 82' lang='lat' dir='ltr'>castra</span> <span class='ocrx_word' id='word_1_89' title='bbox 607 810 773 851; x_wconf 86' lang='lat' dir='ltr'>Aeneas</span> <span class='ocrx_word' id='word_1_90' title='bbox 809 810 1029 864; x_wconf 87' lang='lat' dir='ltr'>aciemque</span> <span class='ocrx_word' id='word_1_91' title='bbox 1067 809 1276 851; x_wconf 86' lang='lat' dir='ltr'>movebat.</span> 
     </span>
     <span class='ocr_line' id='line_1_21' title="bbox 141 866 1176 921; baseline 0 -14"><span class='ocrx_word' id='word_1_92' title='bbox 141 866 328 908; x_wconf 80' lang='lat' dir='ltr'>Nuntius</span> <span class='ocrx_word' id='word_1_93' title='bbox 367 867 530 921; x_wconf 78' lang='lat' dir='ltr'>ingenti</span> <span class='ocrx_word' id='word_1_94' title='bbox 567 881 645 921; x_wconf 86' lang='lat' dir='ltr'>per</span> <span class='ocrx_word' id='word_1_95' title='bbox 680 868 801 921; x_wconf 84' lang='lat' dir='ltr'>regia</span> <span class='ocrx_word' id='word_1_96' title='bbox 834 870 951 909; x_wconf 86' lang='lat' dir='ltr'>tecta</span> <span class='ocrx_word' id='word_1_97' title='bbox 989 867 1176 908; x_wconf 89' lang='lat' dir='ltr'>tumultu</span> 
     </span>
    </p>

    <p class='ocr_par' dir='ltr' id='par_1_19' title="bbox 142 924 1360 1024">
     <span class='ocr_line' id='line_1_22' title="bbox 142 924 1360 979; baseline 0.002 -14"><span class='ocrx_word' id='word_1_98' title='bbox 142 924 253 966; x_wconf 89' lang='lat' dir='ltr'>Ecce</span> <span class='ocrx_word' id='word_1_99' title='bbox 287 924 395 977; x_wconf 87' lang='lat' dir='ltr'>ruit,</span> <span class='ocrx_word' id='word_1_100' title='bbox 434 925 685 979; x_wconf 80' lang='lat' dir='ltr'>magnisque</span> <span class='ocrx_word' id='word_1_101' title='bbox 723 925 872 966; x_wconf 88' lang='lat' dir='ltr'>urbem</span> <span class='ocrx_word' id='word_1_102' title='bbox 916 925 1158 966; x_wconf 84' lang='lat' dir='ltr'>terroribus</span> <span class='ocrx_word' id='word_1_103' title='bbox 1192 924 1360 979; x_wconf 88' lang='lat' dir='ltr'>implet:</span> 
     </span>
     <span class='ocr_line' id='line_1_23' title="bbox 142 982 1227 1024; baseline 0.001 -1"><span class='ocrx_word' id='word_1_104' title='bbox 142 982 383 1024; x_wconf 87' lang='lat' dir='ltr'>Instructos</span> <span class='ocrx_word' id='word_1_105' title='bbox 416 983 506 1024; x_wconf 80' lang='lat' dir='ltr'>acie</span> <span class='ocrx_word' id='word_1_106' title='bbox 540 982 738 1024; x_wconf 86' lang='lat' dir='ltr'>Tiberino</span> <span class='ocrx_word' id='word_1_107' title='bbox 776 996 802 1024; x_wconf 87' lang='lat' dir='ltr'>a</span> <span class='ocrx_word' id='word_1_108' title='bbox 833 982 1005 1024; x_wconf 90' lang='lat' dir='ltr'>flumine</span> <span class='ocrx_word' id='word_1_109' title='bbox 1041 983 1227 1024; x_wconf 90' lang='lat' dir='ltr'>Teucros</span> 
     </span>
    </p>
   </div>
   <div class='ocr_carea' id='block_1_19' title="bbox 142 1039 1358 1094">
    <p class='ocr_par' dir='ltr' id='par_1_20' title="bbox 142 1039 1358 1094">
     <span class='ocr_line' id='line_1_24' title="bbox 142 1039 1358 1094; baseline -0.001 -12"><span class='ocrx_word' id='word_1_110' title='bbox 142 1039 493 1094; x_wconf 84' lang='lat' dir='ltr'>Tyrrhenamque</span> <span class='ocrx_word' id='word_1_111' title='bbox 530 1054 703 1082; x_wconf 88' lang='lat' dir='ltr'>manum</span> <span class='ocrx_word' id='word_1_112' title='bbox 739 1041 845 1082; x_wconf 89' lang='lat' dir='ltr'>totis</span> <span class='ocrx_word' id='word_1_113' title='bbox 884 1040 1141 1082; x_wconf 85' lang='lat' dir='ltr'>descendere</span> <span class='ocrx_word' id='word_1_114' title='bbox 1182 1040 1358 1094; x_wconf 86' lang='lat' dir='ltr'>campis.</span> 
     </span>
    </p>
   </div>
   <div class='ocr_carea' id='block_1_20' title="bbox 141 1097 1455 1267">
    <p class='ocr_par' dir='ltr' id='par_1_21' title="bbox 141 1097 1455 1267">
     <span class='ocr_line' id='line_1_25' title="bbox 141 1097 1221 1151; baseline -0.002 -11"><span class='ocrx_word' id='word_1_115' title='bbox 141 1098 368 1151; x_wconf 81' lang='lat' dir='ltr'>Extemplo</span> <span class='ocrx_word' id='word_1_116' title='bbox 406 1097 572 1140; x_wconf 87' lang='lat' dir='ltr'>turbati</span> <span class='ocrx_word' id='word_1_117' title='bbox 606 1098 739 1139; x_wconf 86' lang='lat' dir='ltr'>animi</span> <span class='ocrx_word' id='word_1_118' title='bbox 778 1111 1071 1151; x_wconf 86' lang='lat' dir='ltr'>concussaque</span> <span class='ocrx_word' id='word_1_119' title='bbox 1106 1097 1221 1151; x_wconf 81' lang='lat' dir='ltr'>volgi</span> 
     </span>
     <span class='ocr_line' id='line_1_26' title="bbox 141 1155 1378 1198; baseline 0 -1"><span class='ocrx_word' id='word_1_120' title='bbox 141 1155 326 1197; x_wconf 84' lang='lat' dir='ltr'>Pectora</span> <span class='ocrx_word' id='word_1_121' title='bbox 361 1159 404 1197; x_wconf 90' lang='lat' dir='ltr'>et</span> <span class='ocrx_word' id='word_1_122' title='bbox 441 1159 637 1198; x_wconf 87' lang='lat' dir='ltr'>arrectae</span> <span class='ocrx_word' id='word_1_123' title='bbox 670 1156 854 1197; x_wconf 89' lang='lat' dir='ltr'>stimulis</span> <span class='ocrx_word' id='word_1_124' title='bbox 890 1155 1006 1197; x_wconf 87' lang='lat' dir='ltr'>haud</span> <span class='ocrx_word' id='word_1_125' title='bbox 1043 1155 1244 1198; x_wconf 89' lang='lat' dir='ltr'>mollibus</span> <span class='ocrx_word' id='word_1_126' title='bbox 1276 1155 1378 1198; x_wconf 87' lang='lat' dir='ltr'>irae.</span> 
     </span>
     <span class='ocr_line' id='line_1_27' title="bbox 141 1213 1455 1267; baseline 0.001 -13"><span class='ocrx_word' id='word_1_127' title='bbox 141 1214 276 1255; x_wconf 87' lang='lat' dir='ltr'>Arma</span> <span class='ocrx_word' id='word_1_128' title='bbox 307 1227 438 1254; x_wconf 89' lang='lat' dir='ltr'>manu</span> <span class='ocrx_word' id='word_1_129' title='bbox 471 1213 630 1266; x_wconf 86' lang='lat' dir='ltr'>trepidi</span> <span class='ocrx_word' id='word_1_130' title='bbox 668 1216 870 1267; x_wconf 86' lang='lat' dir='ltr'>poscunt,</span> <span class='ocrx_word' id='word_1_131' title='bbox 906 1213 1050 1255; x_wconf 87' lang='lat' dir='ltr'>fremit</span> <span class='ocrx_word' id='word_1_132' title='bbox 1090 1227 1212 1255; x_wconf 87' lang='lat' dir='ltr'>arma</span> <span class='ocrx_word' id='word_1_133' title='bbox 1247 1213 1455 1255; x_wconf 87' lang='lat' dir='ltr'>iuventus.</span> 
     </span>
    </p>
   </div>
   <div class='ocr_carea' id='block_1_21' title="bbox 140 1271 1768 1384">
    <p class='ocr_par' dir='ltr' id='par_1_22' title="bbox 140 1271 1768 1384">
     <span class='ocr_line' id='line_1_28' title="bbox 144 1271 968 1325; baseline 0 -13"><span class='ocrx_word' id='word_1_134' title='bbox 144 1271 271 1313; x_wconf 87' lang='lat' dir='ltr'>Flent</span> <span class='ocrx_word' id='word_1_135' title='bbox 305 1271 459 1313; x_wconf 88' lang='lat' dir='ltr'>maesti</span> <span class='ocrx_word' id='word_1_136' title='bbox 494 1275 775 1324; x_wconf 88' lang='lat' dir='ltr'>mussantque</span> <span class='ocrx_word' id='word_1_137' title='bbox 811 1274 968 1325; x_wconf 88' lang='lat' dir='ltr'>patres.</span> 
     </span>
     <span class='ocr_line' id='line_1_29' title="bbox 140 1328 1768 1384; baseline 0.001 -13"><span class='ocrx_word' id='word_1_138' title='bbox 140 1329 349 1372; x_wconf 87' lang='lat' dir='ltr'>Dissensu</span> <span class='ocrx_word' id='word_1_139' title='bbox 386 1328 504 1372; x_wconf 84' lang='lat' dir='ltr'>vario</span> <span class='ocrx_word' id='word_1_140' title='bbox 539 1343 719 1384; x_wconf 88' lang='lat' dir='ltr'>magnus</span> <span class='ocrx_word' id='word_1_141' title='bbox 752 1342 798 1371; x_wconf 90' lang='lat' dir='ltr'>se</span> <span class='ocrx_word' id='word_1_142' title='bbox 832 1328 948 1371; x_wconf 91' lang='lat' dir='ltr'>tollit</span> <span class='ocrx_word' id='word_1_143' title='bbox 986 1328 1042 1370; x_wconf 88' lang='lat' dir='ltr'>ad</span> <span class='ocrx_word' id='word_1_144' title='bbox 1082 1343 1224 1371; x_wconf 85' lang='lat' dir='ltr'>auras.</span> <span class='ocrx_word' id='word_1_145' title='bbox 1702 1333 1728 1372; x_wconf 87' lang='grc'>4</span> <span class='ocrx_word' id='word_1_146' title='bbox 1763 1344 1768 1354; x_wconf 84' lang='grc'><em>’</em></span> 
     </span>
    </p>
   </div>
   <div class='ocr_carea' id='block_1_22' title="bbox 139 1501 939 1680">
    <p class='ocr_par' dir='ltr' id='par_1_23' title="bbox 139 1501 939 1680">
     <span class='ocr_line' id='line_1_30' title="bbox 187 1501 939 1545; baseline -0.001 -11"><span class='ocrx_word' id='word_1_147' title='bbox 187 1503 264 1535; x_wconf 83' lang='lat'>435.</span> <span class='ocrx_word' id='word_1_148' title='bbox 285 1502 392 1545; x_wconf 79' lang='lat' dir='ltr'>idque</span> <span class='ocrx_word' id='word_1_149' title='bbox 414 1501 556 1545; x_wconf 83' lang='lat' dir='ltr'>placet:</span> <span class='ocrx_word' id='word_1_150' title='bbox 580 1504 615 1534; x_wconf 88' lang='lat' dir='ltr'>Si</span> <span class='ocrx_word' id='word_1_151' title='bbox 640 1505 670 1533; x_wconf 82' lang='lat' dir='ltr'>id</span> <span class='ocrx_word' id='word_1_152' title='bbox 696 1512 758 1534; x_wconf 85' lang='lat' dir='ltr'>vos</span> <span class='ocrx_word' id='word_1_153' title='bbox 780 1504 844 1541; x_wconf 75' lang='lat' dir='ltr'>ipsi</span> <span class='ocrx_word' id='word_1_154' title='bbox 864 1506 939 1534; x_wconf 85' lang='lat' dir='ltr'>vul·</span> 
     </span>
     <span class='ocr_line' id='line_1_31' title="bbox 141 1551 938 1587; baseline -0.001 -7"><span class='ocrx_word' id='word_1_155' title='bbox 141 1551 198 1587; x_wconf 84' lang='lat' dir='ltr'>tis,</span> <span class='ocrx_word' id='word_1_156' title='bbox 238 1555 269 1580; x_wconf 85' lang='lat' dir='ltr'>et</span> <span class='ocrx_word' id='word_1_157' title='bbox 303 1551 332 1581; x_wconf 89' lang='lat' dir='ltr'>si</span> <span class='ocrx_word' id='word_1_158' title='bbox 357 1558 442 1580; x_wconf 87' lang='lat' dir='ltr'>unus</span> <span class='ocrx_word' id='word_1_159' title='bbox 466 1553 583 1580; x_wconf 83' lang='lat' dir='ltr'>obsunt</span> <span class='ocrx_word' id='word_1_160' title='bbox 608 1551 771 1580; x_wconf 86' lang='lat' dir='ltr'>communi</span> <span class='ocrx_word' id='word_1_161' title='bbox 797 1551 938 1580; x_wconf 71' lang='lat' dir='ltr'>utilitati.</span> 
     </span>
     <span class='ocr_line' id='line_1_32' title="bbox 139 1597 937 1635; baseline 0.001 -10"><span class='ocrx_word' id='word_1_162' title='bbox 139 1597 301 1635; x_wconf 75' lang='lat' dir='ltr'>„oblique</span> <span class='ocrx_word' id='word_1_163' title='bbox 327 1597 480 1632; x_wconf 82' lang='lat' dir='ltr'>promittit</span> <span class='ocrx_word' id='word_1_164' title='bbox 511 1605 549 1626; x_wconf 88' lang='lat' dir='ltr'>se</span> <span class='ocrx_word' id='word_1_165' title='bbox 571 1597 732 1632; x_wconf 83' lang='lat' dir='ltr'>singulari</span> <span class='ocrx_word' id='word_1_166' title='bbox 758 1598 937 1626; x_wconf 78' lang='lat' dir='ltr'>certamine</span> 
     </span>
     <span class='ocr_line' id='line_1_33' title="bbox 140 1642 754 1680; baseline 0 -8"><span class='ocrx_word' id='word_1_167' title='bbox 140 1643 295 1672; x_wconf 83' lang='lat' dir='ltr'>dimicare</span> <span class='ocrx_word' id='word_1_168' title='bbox 320 1644 422 1680; x_wconf 83' lang='lat' dir='ltr'>velte,</span> <span class='ocrx_word' id='word_1_169' title='bbox 447 1651 545 1678; x_wconf 82' lang='lat' dir='ltr'>quum</span> <span class='ocrx_word' id='word_1_170' title='bbox 576 1642 693 1672; x_wconf 82' lang='lat' dir='ltr'>nolit.“</span> <span class='ocrx_word' id='word_1_171' title='bbox 721 1646 754 1672; x_wconf 88' lang='lat' dir='ltr'>S.</span> 
     </span>
    </p>
   </div>
   <div class='ocr_carea' id='block_1_23' title="bbox 139 1699 938 1872">
    <p class='ocr_par' dir='ltr' id='par_1_24' title="bbox 139 1699 938 1781">
     <span class='ocr_line' id='line_1_34' title="bbox 185 1699 938 1737; baseline -0.001 -8"><span class='ocrx_word' id='word_1_172' title='bbox 185 1699 261 1729; x_wconf 75' lang='lat'>436.</span> <span class='ocrx_word' id='word_1_173' title='bbox 288 1702 395 1735; x_wconf 69' lang='lat' dir='ltr'>Saepe</span> <span class='ocrx_word' id='word_1_174' title='bbox 421 1700 596 1729; x_wconf 84' lang='lat' dir='ltr'>victoriam</span> <span class='ocrx_word' id='word_1_175' title='bbox 621 1700 805 1737; x_wconf 81' lang='lat' dir='ltr'>reportavi;</span> <span class='ocrx_word' id='word_1_176' title='bbox 853 1701 938 1735; x_wconf 78' lang='lat' dir='ltr'>quod</span> 
     </span>
     <span class='ocr_line' id='line_1_35' title="bbox 139 1745 878 1781; baseline 0 -7"><span class='ocrx_word' id='word_1_177' title='bbox 139 1745 255 1774; x_wconf 87' lang='lat' dir='ltr'>iterum</span> <span class='ocrx_word' id='word_1_178' title='bbox 277 1745 400 1774; x_wconf 81' lang='lat' dir='ltr'>factum</span> <span class='ocrx_word' id='word_1_179' title='bbox 424 1746 463 1774; x_wconf 89' lang='lat' dir='ltr'>iri</span> <span class='ocrx_word' id='word_1_180' title='bbox 487 1754 553 1775; x_wconf 89' lang='lat' dir='ltr'>non</span> <span class='ocrx_word' id='word_1_181' title='bbox 577 1751 628 1775; x_wconf 90' lang='lat' dir='ltr'>est</span> <span class='ocrx_word' id='word_1_182' title='bbox 653 1746 878 1781; x_wconf 77' lang='lat' dir='ltr'>improbabile.</span> 
     </span>
    </p>

    <p class='ocr_par' dir='ltr' id='par_1_25' title="bbox 142 1791 936 1872">
     <span class='ocr_line' id='line_1_36' title="bbox 187 1791 936 1831; baseline 0 -11"><span class='ocrx_word' id='word_1_183' title='bbox 187 1791 265 1821; x_wconf 77' lang='lat'>437.</span> <span class='ocrx_word' id='word_1_184' title='bbox 291 1793 392 1821; x_wconf 79' lang='lat' dir='ltr'>tanta</span> <span class='ocrx_word' id='word_1_185' title='bbox 424 1799 488 1831; x_wconf 85' lang='lat' dir='ltr'>pro</span> <span class='ocrx_word' id='word_1_186' title='bbox 521 1799 593 1831; x_wconf 81' lang='lat' dir='ltr'>spe.</span> <span class='ocrx_word' id='word_1_187' title='bbox 642 1794 746 1827; x_wconf 82' lang='lat' dir='ltr'>Spero</span> <span class='ocrx_word' id='word_1_188' title='bbox 769 1792 854 1820; x_wconf 81' lang='lat' dir='ltr'>enirn</span> <span class='ocrx_word' id='word_1_189' title='bbox 885 1800 936 1820; x_wconf 89' lang='lat' dir='ltr'>me</span> 
     </span>
     <span class='ocr_line' id='line_1_37' title="bbox 142 1837 713 1872; baseline 0.002 -6"><span class='ocrx_word' id='word_1_190' title='bbox 142 1845 242 1867; x_wconf 91' lang='lat' dir='ltr'>unum</span> <span class='ocrx_word' id='word_1_191' title='bbox 268 1845 369 1872; x_wconf 78' lang='lat' dir='ltr'>posse</span> <span class='ocrx_word' id='word_1_192' title='bbox 396 1837 538 1866; x_wconf 76' lang='lat' dir='ltr'>liberare</span> <span class='ocrx_word' id='word_1_193' title='bbox 564 1838 713 1872; x_wconf 81' lang='lat' dir='ltr'>patriam.</span> 
     </span>
    </p>
   </div>
   <div class='ocr_carea' id='block_1_24' title="bbox 140 1892 944 2207">
    <p class='ocr_par' dir='ltr' id='par_1_26' title="bbox 140 1892 944 2207">
     <span class='ocr_line' id='line_1_38' title="bbox 187 1892 937 1929; baseline 0 -6"><span class='ocrx_word' id='word_1_194' title='bbox 187 1892 264 1924; x_wconf 75' lang='lat'>4⁴0.</span> <span class='ocrx_word' id='word_1_195' title='bbox 291 1895 359 1924; x_wconf 59' lang='lat' dir='ltr'>Euo</span> <span class='ocrx_word' id='word_1_196' title='bbox 389 1902 446 1929; x_wconf 79' lang='lat' dir='ltr'>pro</span> <span class='ocrx_word' id='word_1_197' title='bbox 473 1899 586 1923; x_wconf 86' lang='lat' dir='ltr'>vestra</span> <span class='ocrx_word' id='word_1_198' title='bbox 608 1896 717 1923; x_wconf 87' lang='lat' dir='ltr'>salute</span> <span class='ocrx_word' id='word_1_199' title='bbox 750 1902 800 1922; x_wconf 90' lang='lat' dir='ltr'>me</span> <span class='ocrx_word' id='word_1_200' title='bbox 834 1895 937 1923; x_wconf 89' lang='lat' dir='ltr'>devo-</span> 
     </span>
     <span class='ocr_line' id='line_1_39' title="bbox 142 1940 936 1977; baseline -0.001 -8"><span class='ocrx_word' id='word_1_201' title='bbox 142 1948 205 1969; x_wconf 80' lang='lat' dir='ltr'>veo</span> <span class='ocrx_word' id='word_1_202' title='bbox 237 1945 269 1969; x_wconf 82' lang='lat' dir='ltr'>et</span> <span class='ocrx_word' id='word_1_203' title='bbox 303 1942 409 1977; x_wconf 79' lang='lat' dir='ltr'>„bene</span> <span class='ocrx_word' id='word_1_204' title='bbox 445 1940 505 1968; x_wconf 81' lang='lat' dir='ltr'>sibi</span> <span class='ocrx_word' id='word_1_205' title='bbox 543 1945 573 1968; x_wconf 92' lang='lat' dir='ltr'>et</span> <span class='ocrx_word' id='word_1_206' title='bbox 605 1940 754 1969; x_wconf 80' lang='lat' dir='ltr'>favorem</span> <span class='ocrx_word' id='word_1_207' title='bbox 784 1941 936 1969; x_wconf 82' lang='lat' dir='ltr'>conciliat</span> 
     </span>
     <span class='ocr_line' id='line_1_40' title="bbox 142 1986 937 2022; baseline 0.001 -8"><span class='ocrx_word' id='word_1_208' title='bbox 142 1987 255 2022; x_wconf 74' lang='lat' dir='ltr'>populi</span> <span class='ocrx_word' id='word_1_209' title='bbox 293 1991 324 2014; x_wconf 87' lang='lat' dir='ltr'>et</span> <span class='ocrx_word' id='word_1_210' title='bbox 365 1993 384 2014; x_wconf 83' lang='lat' dir='ltr'>a</span> <span class='ocrx_word' id='word_1_211' title='bbox 418 1986 527 2015; x_wconf 87' lang='lat' dir='ltr'>soceri</span> <span class='ocrx_word' id='word_1_212' title='bbox 562 1986 703 2015; x_wconf 90' lang='lat' dir='ltr'>nominis</span> <span class='ocrx_word' id='word_1_213' title='bbox 735 1986 937 2021; x_wconf 82' lang='lat' dir='ltr'>praeiudicio</span> 
     </span>
     <span class='ocr_line' id='line_1_41' title="bbox 140 2030 944 2067; baseline 0 -6"><span class='ocrx_word' id='word_1_214' title='bbox 140 2032 246 2061; x_wconf 80' lang='lat' dir='ltr'>Latini</span> <span class='ocrx_word' id='word_1_215' title='bbox 281 2032 426 2067; x_wconf 77' lang='lat' dir='ltr'>implicat</span> <span class='ocrx_word' id='word_1_216' title='bbox 466 2030 703 2061; x_wconf 79' lang='lat' dir='ltr'>voluntatem.“</span> <span class='ocrx_word' id='word_1_217' title='bbox 737 2035 770 2061; x_wconf 85' lang='lat' dir='ltr'>S.</span> <span class='ocrx_word' id='word_1_218' title='bbox 819 2032 944 2061; x_wconf 83' lang='lat' dir='ltr'>Deinde</span> 
     </span>
     <span class='ocr_line' id='line_1_42' title="bbox 142 2078 942 2113; baseline -0.001 -6"><span class='ocrx_word' id='word_1_219' title='bbox 142 2086 217 2107; x_wconf 87' lang='lat' dir='ltr'>cum</span> <span class='ocrx_word' id='word_1_220' title='bbox 242 2078 397 2107; x_wconf 85' lang='lat' dir='ltr'>irrisione</span> <span class='ocrx_word' id='word_1_221' title='bbox 422 2078 528 2106; x_wconf 76' lang='lat' dir='ltr'>addit:</span> <span class='ocrx_word' id='word_1_222' title='bbox 555 2081 625 2107; x_wconf 80' lang='lat' dir='ltr'>Non</span> <span class='ocrx_word' id='word_1_223' title='bbox 652 2078 757 2113; x_wconf 81' lang='lat' dir='ltr'>patiar</span> <span class='ocrx_word' id='word_1_224' title='bbox 780 2079 942 2107; x_wconf 85' lang='lat' dir='ltr'>Drancem</span> 
     </span>
     <span class='ocr_line' id='line_1_43' title="bbox 143 2124 943 2162; baseline 0 -9"><span class='ocrx_word' id='word_1_225' title='bbox 143 2131 291 2160; x_wconf 78' lang='lat' dir='ltr'>pugnare</span> <span class='ocrx_word' id='word_1_226' title='bbox 318 2127 365 2162; x_wconf 91' lang='lat' dir='ltr'>et,</span> <span class='ocrx_word' id='word_1_227' title='bbox 408 2124 483 2152; x_wconf 81' lang='lat' dir='ltr'>sive</span> <span class='ocrx_word' id='word_1_228' title='bbox 509 2125 657 2153; x_wconf 75' lang='lat' dir='ltr'>secunda</span> <span class='ocrx_word' id='word_1_229' title='bbox 696 2124 770 2153; x_wconf 81' lang='lat' dir='ltr'>sive</span> <span class='ocrx_word' id='word_1_230' title='bbox 796 2126 943 2153; x_wconf 82' lang='lat' dir='ltr'>adversa</span> 
     </span>
     <span class='ocr_line' id='line_1_44' title="bbox 142 2170 941 2207; baseline 0.001 -9"><span class='ocrx_word' id='word_1_231' title='bbox 142 2170 184 2199; x_wconf 88' lang='lat' dir='ltr'>sit</span> <span class='ocrx_word' id='word_1_232' title='bbox 205 2170 353 2207; x_wconf 79' lang='lat' dir='ltr'>fortuna,</span> <span class='ocrx_word' id='word_1_233' title='bbox 391 2174 447 2199; x_wconf 83' lang='lat' dir='ltr'>aut</span> <span class='ocrx_word' id='word_1_234' title='bbox 472 2171 580 2199; x_wconf 81' lang='lat' dir='ltr'>laudis</span> <span class='ocrx_word' id='word_1_235' title='bbox 605 2174 660 2199; x_wconf 87' lang='lat' dir='ltr'>aut</span> <span class='ocrx_word' id='word_1_236' title='bbox 685 2170 799 2199; x_wconf 88' lang='lat' dir='ltr'>mortis</span> <span class='ocrx_word' id='word_1_237' title='bbox 818 2172 941 2199; x_wconf 80' lang='lat' dir='ltr'>habere</span> 
     </span>
    </p>
   </div>
   <div class='ocr_carea' id='block_1_25' title="bbox 145 2221 281 2252">
    <p class='ocr_par' dir='ltr' id='par_1_27' title="bbox 145 2221 281 2252">
     <span class='ocr_line' id='line_1_45' title="bbox 145 2221 281 2252; baseline 0 -7"><span class='ocrx_word' id='word_1_238' title='bbox 145 2221 281 2252; x_wconf 81' lang='lat' dir='ltr'>partem.</span> 
     </span>
    </p>
   </div>
   <div class='ocr_carea' id='block_1_26' title="bbox 141 2269 943 2404">
    <p class='ocr_par' dir='ltr' id='par_1_28' title="bbox 141 2269 943 2404">
     <span class='ocr_line' id='line_1_46' title="bbox 188 2269 940 2311; baseline 0 -10"><span class='ocrx_word' id='word_1_239' title='bbox 188 2271 264 2302; x_wconf 79' lang='lat'>441.</span> <span class='ocrx_word' id='word_1_240' title='bbox 291 2270 384 2301; x_wconf 84' lang='lat' dir='ltr'>nulli</span> <span class='ocrx_word' id='word_1_241' title='bbox 408 2269 591 2302; x_wconf 83' lang='lat' dir='ltr'>secundus.</span> <span class='ocrx_word' id='word_1_242' title='bbox 632 2273 679 2302; x_wconf 83' lang='lat' dir='ltr'>ef.</span> <span class='ocrx_word' id='word_1_243' title='bbox 704 2273 776 2302; x_wconf 84' lang='lat' dir='ltr'>Liv.</span> <span class='ocrx_word' id='word_1_244' title='bbox 803 2272 864 2311; x_wconf 84' lang='lat'>23,</span> <span class='ocrx_word' id='word_1_245' title='bbox 898 2273 940 2302; x_wconf 86' lang='grc'>10</span> 
     </span>
     <span class='ocr_line' id='line_1_47' title="bbox 141 2315 943 2358; baseline 0.001 -11"><span class='ocrx_word' id='word_1_246' title='bbox 141 2315 235 2347; x_wconf 83' lang='lat' dir='ltr'>nulli</span> <span class='ocrx_word' id='word_1_247' title='bbox 264 2316 519 2358; x_wconf 77' lang='lat' dir='ltr'>Campanorum</span> <span class='ocrx_word' id='word_1_248' title='bbox 544 2316 728 2348; x_wconf 78' lang='lat' dir='ltr'>secundus.</span> <span class='ocrx_word' id='word_1_249' title='bbox 759 2320 817 2348; x_wconf 93' lang='lat' dir='ltr'>Sil.</span> <span class='ocrx_word' id='word_1_250' title='bbox 842 2320 873 2358; x_wconf 79' lang='lat'>7,</span> <span class='ocrx_word' id='word_1_251' title='bbox 898 2318 943 2348; x_wconf 85' lang='lat'>55</span> 
     </span>
     <span class='ocr_line' id='line_1_48' title="bbox 141 2361 804 2404; baseline 0.006 -12"><span class='ocrx_word' id='word_1_252' title='bbox 141 2361 234 2393; x_wconf 83' lang='lat' dir='ltr'>nulli</span> <span class='ocrx_word' id='word_1_253' title='bbox 259 2361 443 2404; x_wconf 82' lang='lat' dir='ltr'>quisquam</span> <span class='ocrx_word' id='word_1_254' title='bbox 471 2362 600 2395; x_wconf 78' lang='lat' dir='ltr'>virtute</span> <span class='ocrx_word' id='word_1_255' title='bbox 624 2363 804 2396; x_wconf 81' lang='lat' dir='ltr'>secundus.</span> 
     </span>
    </p>
   </div>
   <div class='ocr_carea' id='block_1_27' title="bbox 144 2450 940 2553">
    <p class='ocr_par' dir='ltr' id='par_1_29' title="bbox 144 2450 940 2553">
     <span class='ocr_line' id='line_1_49' title="bbox 144 2450 940 2488; baseline 0.005 -4"><span class='ocrx_word' id='word_1_256' title='bbox 144 2450 349 2485; x_wconf 74' lang='lat'>445—531.</span> <span class='ocrx_word' id='word_1_257' title='bbox 398 2454 535 2485; x_wconf 85' lang='lat' dir='ltr'>Interea</span> <span class='ocrx_word' id='word_1_258' title='bbox 564 2453 702 2486; x_wconf 84' lang='lat' dir='ltr'>Aeneas</span> <span class='ocrx_word' id='word_1_259' title='bbox 741 2454 784 2487; x_wconf 82' lang='lat' dir='ltr'>ad</span> <span class='ocrx_word' id='word_1_260' title='bbox 817 2454 940 2488; x_wconf 87' lang='lat' dir='ltr'>urbem</span> 
     </span>
     <span class='ocr_line' id='line_1_50' title="bbox 237 2510 854 2553; baseline 0.005 -12"><span class='ocrx_word' id='word_1_261' title='bbox 237 2513 361 2542; x_wconf 84' lang='lat' dir='ltr'>movet.</span> <span class='ocrx_word' id='word_1_262' title='bbox 387 2510 529 2542; x_wconf 89' lang='lat' dir='ltr'>Turnus</span> <span class='ocrx_word' id='word_1_263' title='bbox 556 2511 673 2553; x_wconf 81' lang='lat' dir='ltr'>copias</span> <span class='ocrx_word' id='word_1_264' title='bbox 696 2511 854 2544; x_wconf 80' lang='lat' dir='ltr'>instruit.</span> 
     </span>
    </p>
   </div>
   <div class='ocr_carea' id='block_1_28' title="bbox 140 2566 940 3022">
    <p class='ocr_par' dir='ltr' id='par_1_30' title="bbox 141 2566 939 2743">
     <span class='ocr_line' id='line_1_51' title="bbox 188 2566 937 2609; baseline 0.005 -12"><span class='ocrx_word' id='word_1_265' title='bbox 188 2566 264 2598; x_wconf 77' lang='lat'>446.</span> <span class='ocrx_word' id='word_1_266' title='bbox 295 2566 421 2599; x_wconf 81' lang='lat' dir='ltr'>Castra</span> <span class='ocrx_word' id='word_1_267' title='bbox 463 2578 598 2600; x_wconf 84' lang='lat' dir='ltr'>movere</span> <span class='ocrx_word' id='word_1_268' title='bbox 635 2572 720 2601; x_wconf 84' lang='lat' dir='ltr'>satis</span> <span class='ocrx_word' id='word_1_269' title='bbox 765 2572 937 2609; x_wconf 80' lang='lat' dir='ltr'>usitatum3</span> 
     </span>
     <span class='ocr_line' id='line_1_52' title="bbox 142 2612 939 2652; baseline 0.006 -9"><span class='ocrx_word' id='word_1_270' title='bbox 142 2615 291 2644; x_wconf 80' lang='lat' dir='ltr'>adiunxit</span> <span class='ocrx_word' id='word_1_271' title='bbox 317 2612 444 2652; x_wconf 81' lang='lat' dir='ltr'>aciem;</span> <span class='ocrx_word' id='word_1_272' title='bbox 496 2615 605 2652; x_wconf 79' lang='lat' dir='ltr'>itaque</span> <span class='ocrx_word' id='word_1_273' title='bbox 636 2617 727 2647; x_wconf 83' lang='lat' dir='ltr'>duxit</span> <span class='ocrx_word' id='word_1_274' title='bbox 757 2619 939 2648; x_wconf 85' lang='lat' dir='ltr'>exercitum</span> 
     </span>
     <span class='ocr_line' id='line_1_53' title="bbox 141 2661 938 2700; baseline 0.005 -10"><span class='ocrx_word' id='word_1_275' title='bbox 141 2661 304 2690; x_wconf 87' lang='lat' dir='ltr'>instructa</span> <span class='ocrx_word' id='word_1_276' title='bbox 327 2661 417 2699; x_wconf 84' lang='lat' dir='ltr'>acie,</span> <span class='ocrx_word' id='word_1_277' title='bbox 458 2662 576 2696; x_wconf 82' lang='lat' dir='ltr'>quovis</span> <span class='ocrx_word' id='word_1_278' title='bbox 613 2663 644 2692; x_wconf 90' lang='lat' dir='ltr'>in</span> <span class='ocrx_word' id='word_1_279' title='bbox 680 2665 756 2693; x_wconf 87' lang='lat' dir='ltr'>loco</span> <span class='ocrx_word' id='word_1_280' title='bbox 790 2672 938 2700; x_wconf 75' lang='lat' dir='ltr'>pugnare</span> 
     </span>
     <span class='ocr_line' id='line_1_54' title="bbox 141 2712 293 2743; baseline -0.007 -7"><span class='ocrx_word' id='word_1_281' title='bbox 141 2712 293 2743; x_wconf 77' lang='lat' dir='ltr'>paratus.</span> 
     </span>
    </p>

    <p class='ocr_par' dir='ltr' id='par_1_31' title="bbox 141 2751 939 2926">
     <span class='ocr_line' id='line_1_55' title="bbox 186 2751 939 2785; baseline 0.004 -3"><span class='ocrx_word' id='word_1_282' title='bbox 186 2752 264 2782; x_wconf 81' lang='lat'>448.</span> <span class='ocrx_word' id='word_1_283' title='bbox 289 2760 365 2782; x_wconf 84' lang='lat' dir='ltr'>ecce</span> <span class='ocrx_word' id='word_1_284' title='bbox 388 2751 428 2781; x_wconf 86' lang='lat' dir='ltr'>cf.</span> <span class='ocrx_word' id='word_1_285' title='bbox 449 2751 525 2781; x_wconf 84' lang='lat'>266.</span> <span class='ocrx_word' id='word_1_286' title='bbox 550 2754 689 2784; x_wconf 77' lang='lat' dir='ltr'>Nuntius</span> <span class='ocrx_word' id='word_1_287' title='bbox 715 2756 824 2784; x_wconf 85' lang='lat' dir='ltr'>statim</span> <span class='ocrx_word' id='word_1_288' title='bbox 837 2763 939 2785; x_wconf 83' lang='lat' dir='ltr'>acce—</span> 
     </span>
     <span class='ocr_line' id='line_1_56' title="bbox 141 2799 939 2837; baseline 0.004 -9"><span class='ocrx_word' id='word_1_289' title='bbox 141 2799 186 2828; x_wconf 86' lang='lat' dir='ltr'>dit</span> <span class='ocrx_word' id='word_1_290' title='bbox 211 2801 253 2828; x_wconf 85' lang='lat' dir='ltr'>ad</span> <span class='ocrx_word' id='word_1_291' title='bbox 278 2805 389 2833; x_wconf 81' lang='lat' dir='ltr'>regem</span> <span class='ocrx_word' id='word_1_292' title='bbox 408 2802 439 2827; x_wconf 83' lang='lat' dir='ltr'>et</span> <span class='ocrx_word' id='word_1_293' title='bbox 465 2800 628 2836; x_wconf 81' lang='lat' dir='ltr'>Turnum3</span> <span class='ocrx_word' id='word_1_294' title='bbox 670 2803 711 2830; x_wconf 82' lang='lat' dir='ltr'>ab</span> <span class='ocrx_word' id='word_1_295' title='bbox 745 2801 787 2830; x_wconf 90' lang='lat' dir='ltr'>iis</span> <span class='ocrx_word' id='word_1_296' title='bbox 814 2810 939 2837; x_wconf 83' lang='lat' dir='ltr'>cogno-</span> 
     </span>
     <span class='ocr_line' id='line_1_57' title="bbox 141 2844 937 2883; baseline 0.005 -10"><span class='ocrx_word' id='word_1_297' title='bbox 141 2850 252 2883; x_wconf 85' lang='lat' dir='ltr'>scunt,</span> <span class='ocrx_word' id='word_1_298' title='bbox 292 2844 348 2880; x_wconf 82' lang='lat' dir='ltr'>qui</span> <span class='ocrx_word' id='word_1_299' title='bbox 370 2851 388 2873; x_wconf 82' lang='lat' dir='ltr'>a</span> <span class='ocrx_word' id='word_1_300' title='bbox 411 2845 562 2874; x_wconf 85' lang='lat' dir='ltr'>consiliis</span> <span class='ocrx_word' id='word_1_301' title='bbox 587 2849 684 2882; x_wconf 76' lang='lat' dir='ltr'>sunt3</span> <span class='ocrx_word' id='word_1_302' title='bbox 725 2848 766 2876; x_wconf 81' lang='lat' dir='ltr'>ad</span> <span class='ocrx_word' id='word_1_303' title='bbox 789 2848 937 2883; x_wconf 80' lang='lat' dir='ltr'>reliquos</span> 
     </span>
     <span class='ocr_line' id='line_1_58' title="bbox 141 2890 435 2926; baseline -0.003 -6"><span class='ocrx_word' id='word_1_304' title='bbox 141 2898 252 2920; x_wconf 86' lang='lat' dir='ltr'>rumor</span> <span class='ocrx_word' id='word_1_305' title='bbox 274 2890 435 2926; x_wconf 80' lang='lat' dir='ltr'>pervenit.</span> 
     </span>
    </p>

    <p class='ocr_par' dir='ltr' id='par_1_32' title="bbox 140 2934 940 3022">
     <span class='ocr_line' id='line_1_59' title="bbox 184 2934 939 2976; baseline 0.003 -11"><span class='ocrx_word' id='word_1_306' title='bbox 184 2935 263 2966; x_wconf 80' lang='lat'>453.</span> <span class='ocrx_word' id='word_1_307' title='bbox 287 2934 417 2976; x_wconf 81' lang='lat' dir='ltr'>trepidi</span> <span class='ocrx_word' id='word_1_308' title='bbox 427 2938 586 2976; x_wconf 75' lang='lat' dir='ltr'>poscunt,</span> <span class='ocrx_word' id='word_1_309' title='bbox 602 2936 761 2972; x_wconf 77' lang='lat' dir='ltr'>trepidant</span> <span class='ocrx_word' id='word_1_310' title='bbox 772 2945 816 2967; x_wconf 87' lang='lat' dir='ltr'>ex</span> <span class='ocrx_word' id='word_1_311' title='bbox 840 2938 939 2967; x_wconf 79' lang='lat' dir='ltr'>nimia</span> 
     </span>
     <span class='ocr_line' id='line_1_60' title="bbox 140 2980 940 3022; baseline 0.003 -10"><span class='ocrx_word' id='word_1_312' title='bbox 140 2983 370 3018; x_wconf 75' lang='lat' dir='ltr'>proficiscendi</span> <span class='ocrx_word' id='word_1_313' title='bbox 382 2982 571 3019; x_wconf 79' lang='lat' dir='ltr'>cupiditate.</span> <span class='ocrx_word' id='word_1_314' title='bbox 591 2983 630 3013; x_wconf 84' lang='lat' dir='ltr'>cf.</span> <span class='ocrx_word' id='word_1_315' title='bbox 643 2980 696 3022; x_wconf 83' lang='lat'>10,</span> <span class='ocrx_word' id='word_1_316' title='bbox 708 2981 783 3013; x_wconf 71' lang='lat'>283.</span> <span class='ocrx_word' id='word_1_317' title='bbox 795 2984 940 3014; x_wconf 85' lang='lat' dir='ltr'>Plebeiis</span> 
     </span>
    </p>
   </div>
   <div class='ocr_carea' id='block_1_29' title="bbox 1027 1270 1529 1326">
    <p class='ocr_par' dir='ltr' id='par_1_33' title="bbox 1027 1270 1529 1326">
     <span class='ocr_line' id='line_1_61' title="bbox 1027 1270 1529 1326; baseline 0.006 -15"><span class='ocrx_word' id='word_1_318' title='bbox 1027 1270 1109 1312; x_wconf 91' lang='lat' dir='ltr'>Hic</span> <span class='ocrx_word' id='word_1_319' title='bbox 1146 1271 1335 1326; x_wconf 89' lang='lat' dir='ltr'>undique</span> <span class='ocrx_word' id='word_1_320' title='bbox 1365 1272 1529 1314; x_wconf 88' lang='lat' dir='ltr'>clamor</span> 
     </span>
    </p>
   </div>
   <div class='ocr_carea' id='block_1_30' title="bbox 1733 1334 1784 1372">
    <p class='ocr_par' dir='ltr' id='par_1_34' title="bbox 1733 1334 1784 1372">
     <span class='ocr_line' id='line_1_62' title="bbox 1733 1335 1756 1372; textangle 90"><span class='ocrx_word' id='word_1_321' title='bbox 1733 1335 1756 1372; x_wconf 63' lang='lat'>(21</span> 
     </span>
     <span class='ocr_line' id='line_1_63' title="bbox 1762 1334 1784 1372; textangle 90"><span class='ocrx_word' id='word_1_322' title='bbox 1762 1347 1784 1372; x_wconf 56' lang='grc' dir='ltr'>Ω.</span> <span class='ocrx_word' id='word_1_323' title='bbox 1765 1334 1781 1342; x_wconf 62' lang='lat' dir='ltr'>l</span> 
     </span>
    </p>
   </div>
   <div class='ocr_carea' id='block_1_31' title="bbox 981 1505 1786 2686">
    <p class='ocr_par' dir='ltr' id='par_1_35' title="bbox 981 1505 1786 2686">
     <span class='ocr_line' id='line_1_64' title="bbox 983 1505 1785 1541; baseline 0.004 -6"><span class='ocrx_word' id='word_1_324' title='bbox 983 1514 1074 1535; x_wconf 84' lang='lat' dir='ltr'>arma</span> <span class='ocrx_word' id='word_1_325' title='bbox 1100 1505 1217 1534; x_wconf 82' lang='lat' dir='ltr'>dantur</span> <span class='ocrx_word' id='word_1_326' title='bbox 1242 1506 1328 1534; x_wconf 87' lang='lat' dir='ltr'>bello</span> <span class='ocrx_word' id='word_1_327' title='bbox 1357 1505 1538 1541; x_wconf 78' lang='lat' dir='ltr'>ingruente.</span> <span class='ocrx_word' id='word_1_328' title='bbox 1589 1522 1633 1527; x_wconf 80' lang='lat'>—</span> <span class='ocrx_word' id='word_1_329' title='bbox 1678 1515 1785 1538; x_wconf 80' lang='lat' dir='ltr'>manu</span> 
     </span>
     <span class='ocr_line' id='line_1_65' title="bbox 982 1552 1785 1593; baseline 0.002 -11"><span class='ocrx_word' id='word_1_330' title='bbox 982 1555 1149 1593; x_wconf 80' lang='lat' dir='ltr'>poscunt:</span> <span class='ocrx_word' id='word_1_331' title='bbox 1171 1554 1332 1589; x_wconf 85' lang='lat' dir='ltr'>„Gestum</span> <span class='ocrx_word' id='word_1_332' title='bbox 1350 1553 1448 1581; x_wconf 84' lang='lat' dir='ltr'>etiam</span> <span class='ocrx_word' id='word_1_333' title='bbox 1470 1552 1647 1588; x_wconf 83' lang='lat' dir='ltr'>flagitantis</span> <span class='ocrx_word' id='word_1_334' title='bbox 1673 1556 1785 1590; x_wconf 83' lang='lat' dir='ltr'>expri-</span> 
     </span>
     <span class='ocr_line' id='line_1_66' title="bbox 981 1595 1785 1630; baseline 0.004 -3"><span class='ocrx_word' id='word_1_335' title='bbox 981 1599 1104 1628; x_wconf 76' lang='lat' dir='ltr'>munt.“</span> <span class='ocrx_word' id='word_1_336' title='bbox 1134 1600 1167 1627; x_wconf 90' lang='lat' dir='ltr'>S.</span> <span class='ocrx_word' id='word_1_337' title='bbox 1204 1595 1257 1627; x_wconf 80' lang='lat' dir='ltr'>Pl.</span> <span class='ocrx_word' id='word_1_338' title='bbox 1284 1599 1369 1627; x_wconf 88' lang='lat' dir='ltr'>coni.</span> <span class='ocrx_word' id='word_1_339' title='bbox 1401 1607 1501 1627; x_wconf 84' lang='lat' dir='ltr'>arma</span> <span class='ocrx_word' id='word_1_340' title='bbox 1535 1607 1636 1629; x_wconf 82' lang='lat' dir='ltr'>arma</span> <span class='ocrx_word' id='word_1_341' title='bbox 1675 1598 1785 1630; x_wconf 75' lang='lat' dir='ltr'>intre-</span> 
     </span>
     <span class='ocr_line' id='line_1_67' title="bbox 981 1641 1786 1685; baseline 0.004 -12"><span class='ocrx_word' id='word_1_342' title='bbox 981 1642 1061 1685; x_wconf 83' lang='lat' dir='ltr'>pidi</span> <span class='ocrx_word' id='word_1_343' title='bbox 1095 1653 1130 1684; x_wconf 79' lang='lat' dir='ltr'>p.</span> <span class='ocrx_word' id='word_1_344' title='bbox 1176 1646 1289 1673; x_wconf 82' lang='lat' dir='ltr'>Nonne</span> <span class='ocrx_word' id='word_1_345' title='bbox 1320 1641 1489 1685; x_wconf 77' lang='lat' dir='ltr'>intrepidi</span> <span class='ocrx_word' id='word_1_346' title='bbox 1521 1646 1578 1674; x_wconf 88' lang='lat' dir='ltr'>toti</span> <span class='ocrx_word' id='word_1_347' title='bbox 1607 1648 1786 1676; x_wconf 86' lang='lat' dir='ltr'>narrationi</span> 
     </span>
     <span class='ocr_line' id='line_1_68' title="bbox 984 1687 1784 1724; baseline 0.005 -6"><span class='ocrx_word' id='word_1_348' title='bbox 984 1691 1130 1724; x_wconf 72' lang='lat' dir='ltr'>ineptum</span> <span class='ocrx_word' id='word_1_349' title='bbox 1154 1691 1227 1718; x_wconf 67' lang='lat' dir='ltr'>est?</span> <span class='ocrx_word' id='word_1_350' title='bbox 1266 1706 1309 1710; x_wconf 92' lang='lat'>-—</span> <span class='ocrx_word' id='word_1_351' title='bbox 1354 1687 1482 1721; x_wconf 76' lang='lat' dir='ltr'>Fremit</span> <span class='ocrx_word' id='word_1_352' title='bbox 1508 1691 1528 1720; x_wconf 88' lang='lat' dir='ltr'>i.</span> <span class='ocrx_word' id='word_1_353' title='bbox 1559 1700 1587 1720; x_wconf 88' lang='lat' dir='ltr'>e.</span> <span class='ocrx_word' id='word_1_354' title='bbox 1616 1700 1690 1721; x_wconf 85' lang='lat' dir='ltr'>cum</span> <span class='ocrx_word' id='word_1_355' title='bbox 1718 1693 1784 1722; x_wconf 85' lang='lat' dir='ltr'>fre-</span> 
     </span>
     <span class='ocr_line' id='line_1_69' title="bbox 985 1734 1782 1777; baseline 0.003 -12"><span class='ocrx_word' id='word_1_356' title='bbox 985 1737 1063 1765; x_wconf 89' lang='lat' dir='ltr'>mitu</span> <span class='ocrx_word' id='word_1_357' title='bbox 1086 1736 1202 1773; x_wconf 83' lang='lat' dir='ltr'>poscit,</span> <span class='ocrx_word' id='word_1_358' title='bbox 1220 1740 1251 1764; x_wconf 92' lang='lat' dir='ltr'>ut</span> <span class='ocrx_word' id='word_1_359' title='bbox 1269 1736 1299 1771; x_wconf 76' lang='lat'>7,</span> <span class='ocrx_word' id='word_1_360' title='bbox 1317 1734 1385 1763; x_wconf 73' lang='lat'>460</span> <span class='ocrx_word' id='word_1_361' title='bbox 1411 1742 1441 1765; x_wconf 83' lang='lat' dir='ltr'>et</span> <span class='ocrx_word' id='word_1_362' title='bbox 1456 1740 1536 1766; x_wconf 81' lang='lat' dir='ltr'>Stat.</span> <span class='ocrx_word' id='word_1_363' title='bbox 1552 1739 1653 1767; x_wconf 84' lang='lat' dir='ltr'>Theb.</span> <span class='ocrx_word' id='word_1_364' title='bbox 1667 1738 1698 1777; x_wconf 87' lang='lat'>3,</span> <span class='ocrx_word' id='word_1_365' title='bbox 1717 1738 1782 1767; x_wconf 85' lang='grc'><strong>593</strong></span> 
     </span>
     <span class='ocr_line' id='line_1_70' title="bbox 988 1779 1785 1823; baseline 0.005 -13"><span class='ocrx_word' id='word_1_366' title='bbox 988 1779 1092 1810; x_wconf 84' lang='lat' dir='ltr'>Bella</span> <span class='ocrx_word' id='word_1_367' title='bbox 1118 1779 1256 1819; x_wconf 80' lang='lat' dir='ltr'>animis,</span> <span class='ocrx_word' id='word_1_368' title='bbox 1279 1779 1370 1811; x_wconf 82' lang='lat' dir='ltr'>bella</span> <span class='ocrx_word' id='word_1_369' title='bbox 1394 1790 1453 1811; x_wconf 86' lang='lat' dir='ltr'>ore</span> <span class='ocrx_word' id='word_1_370' title='bbox 1471 1782 1642 1821; x_wconf 83' lang='lat' dir='ltr'>fremunt.</span> <span class='ocrx_word' id='word_1_371' title='bbox 1685 1786 1785 1823; x_wconf 77' lang='lat' dir='ltr'>„vox</span> 
     </span>
     <span class='ocr_line' id='line_1_71' title="bbox 984 1828 1783 1868; baseline 0.006 -13"><span class='ocrx_word' id='word_1_372' title='bbox 984 1828 1137 1856; x_wconf 82' lang='lat' dir='ltr'>militaris</span> <span class='ocrx_word' id='word_1_373' title='bbox 1179 1828 1263 1856; x_wconf 72' lang='lat' dir='ltr'>est.“</span> <span class='ocrx_word' id='word_1_374' title='bbox 1298 1831 1331 1857; x_wconf 87' lang='lat' dir='ltr'>S.</span> <span class='ocrx_word' id='word_1_375' title='bbox 1381 1829 1429 1857; x_wconf 89' lang='lat' dir='ltr'>De</span> <span class='ocrx_word' id='word_1_376' title='bbox 1471 1836 1542 1858; x_wconf 81' lang='lat' dir='ltr'>acc.</span> <span class='ocrx_word' id='word_1_377' title='bbox 1578 1829 1619 1858; x_wconf 86' lang='lat' dir='ltr'>cf.</span> <span class='ocrx_word' id='word_1_378' title='bbox 1648 1829 1680 1868; x_wconf 85' lang='lat'>2,</span> <span class='ocrx_word' id='word_1_379' title='bbox 1727 1830 1783 1861; x_wconf 86' lang='lat'>31.</span> 
     </span>
     <span class='ocr_line' id='line_1_72' title="bbox 987 1870 1784 1906; baseline 0.006 -5"><span class='ocrx_word' id='word_1_380' title='bbox 987 1870 1148 1902; x_wconf 83' lang='lat' dir='ltr'>Fremerc</span> <span class='ocrx_word' id='word_1_381' title='bbox 1189 1874 1318 1902; x_wconf 87' lang='lat' dir='ltr'>omnino</span> <span class='ocrx_word' id='word_1_382' title='bbox 1360 1878 1411 1903; x_wconf 84' lang='lat' dir='ltr'>est</span> <span class='ocrx_word' id='word_1_383' title='bbox 1449 1877 1625 1905; x_wconf 87' lang='lat' dir='ltr'>obscurum</span> <span class='ocrx_word' id='word_1_384' title='bbox 1665 1885 1784 1906; x_wconf 87' lang='lat' dir='ltr'>sonum</span> 
     </span>
     <span class='ocr_line' id='line_1_73' title="bbox 984 1919 1786 1959; baseline 0.002 -12"><span class='ocrx_word' id='word_1_385' title='bbox 984 1919 1137 1955; x_wconf 83' lang='lat' dir='ltr'>fundere3</span> <span class='ocrx_word' id='word_1_386' title='bbox 1166 1919 1241 1949; x_wconf 83' lang='lat' dir='ltr'>inde</span> <span class='ocrx_word' id='word_1_387' title='bbox 1263 1925 1312 1948; x_wconf 88' lang='lat' dir='ltr'>est</span> <span class='ocrx_word' id='word_1_388' title='bbox 1330 1921 1541 1950; x_wconf 83' lang='lat' dir='ltr'>multitudinis</span> <span class='ocrx_word' id='word_1_389' title='bbox 1557 1923 1786 1959; x_wconf 74' lang='lat' dir='ltr'>assentientis,</span> 
     </span>
     <span class='ocr_line' id='line_1_74' title="bbox 985 1964 1782 2005; baseline 0.005 -11"><span class='ocrx_word' id='word_1_390' title='bbox 985 1971 1018 1994; x_wconf 88' lang='lat' dir='ltr'>ut</span> <span class='ocrx_word' id='word_1_391' title='bbox 1040 1965 1067 2003; x_wconf 90' lang='lat' dir='ltr'>l,</span> <span class='ocrx_word' id='word_1_392' title='bbox 1093 1964 1170 1994; x_wconf 86' lang='grc'><strong>559.</strong></span> <span class='ocrx_word' id='word_1_393' title='bbox 1206 1965 1238 2002; x_wconf 86' lang='grc'>5,</span> <span class='ocrx_word' id='word_1_394' title='bbox 1264 1965 1341 1994; x_wconf 77' lang='grc'><strong>385.</strong></span> <span class='ocrx_word' id='word_1_395' title='bbox 1367 1965 1445 1995; x_wconf 82' lang='lat'>555.</span> <span class='ocrx_word' id='word_1_396' title='bbox 1484 1967 1516 2004; x_wconf 85' lang='lat'>9,</span> <span class='ocrx_word' id='word_1_397' title='bbox 1539 1967 1615 1996; x_wconf 76' lang='lat'>637.</span> <span class='ocrx_word' id='word_1_398' title='bbox 1653 1968 1704 2005; x_wconf 84' lang='lat'>10,</span> <span class='ocrx_word' id='word_1_399' title='bbox 1728 1969 1782 1998; x_wconf 88' lang='lat'>96.</span> 
     </span>
     <span class='ocr_line' id='line_1_75' title="bbox 995 2010 1786 2051; baseline 0.005 -12"><span class='ocrx_word' id='word_1_400' title='bbox 995 2010 1046 2047; x_wconf 89' lang='lat' dir='ltr'>ll,</span> <span class='ocrx_word' id='word_1_401' title='bbox 1082 2010 1145 2039; x_wconf 87' lang='lat'>132</span> <span class='ocrx_word' id='word_1_402' title='bbox 1172 2016 1201 2040; x_wconf 86' lang='lat' dir='ltr'>et</span> <span class='ocrx_word' id='word_1_403' title='bbox 1226 2012 1371 2047; x_wconf 81' lang='lat' dir='ltr'>lugentis</span> <span class='ocrx_word' id='word_1_404' title='bbox 1403 2011 1434 2051; x_wconf 88' lang='grc'>6,</span> <span class='ocrx_word' id='word_1_405' title='bbox 1464 2011 1539 2050; x_wconf 77' lang='grc'><strong>175,</strong></span> <span class='ocrx_word' id='word_1_406' title='bbox 1570 2018 1600 2042; x_wconf 93' lang='lat' dir='ltr'>et</span> <span class='ocrx_word' id='word_1_407' title='bbox 1631 2013 1786 2043; x_wconf 82' lang='lat' dir='ltr'>ferociter</span> 
     </span>
     <span class='ocr_line' id='line_1_76' title="bbox 990 2060 1784 2095; baseline 0.004 -9"><span class='ocrx_word' id='word_1_408' title='bbox 990 2064 1081 2086; x_wconf 87' lang='lat' dir='ltr'>arma</span> <span class='ocrx_word' id='word_1_409' title='bbox 1119 2060 1330 2095; x_wconf 81' lang='lat' dir='ltr'>postulantis,</span> <span class='ocrx_word' id='word_1_410' title='bbox 1373 2062 1404 2087; x_wconf 91' lang='lat' dir='ltr'>ut</span> <span class='ocrx_word' id='word_1_411' title='bbox 1444 2060 1525 2088; x_wconf 87' lang='lat'>11.1.</span> <span class='ocrx_word' id='word_1_412' title='bbox 1574 2060 1657 2088; x_wconf 84' lang='lat' dir='ltr'>Hinc</span> <span class='ocrx_word' id='word_1_413' title='bbox 1685 2061 1784 2090; x_wconf 85' lang='lat' dir='ltr'>etiarn</span> 
     </span>
     <span class='ocr_line' id='line_1_77' title="bbox 987 2103 1785 2145; baseline 0.004 -13"><span class='ocrx_word' id='word_1_414' title='bbox 987 2103 1110 2133; x_wconf 80' lang='lat' dir='ltr'>fremor</span> <span class='ocrx_word' id='word_1_415' title='bbox 1142 2105 1197 2132; x_wconf 81' lang='lat' dir='ltr'>est</span> <span class='ocrx_word' id='word_1_416' title='bbox 1228 2104 1360 2133; x_wconf 82' lang='lat' dir='ltr'>diversa</span> <span class='ocrx_word' id='word_1_417' title='bbox 1388 2104 1486 2133; x_wconf 88' lang='lat' dir='ltr'>simul</span> <span class='ocrx_word' id='word_1_418' title='bbox 1517 2106 1720 2145; x_wconf 80' lang='lat' dir='ltr'>agitantium,</span> <span class='ocrx_word' id='word_1_419' title='bbox 1751 2111 1785 2135; x_wconf 93' lang='lat' dir='ltr'>ut</span> 
     </span>
     <span class='ocr_line' id='line_1_78' title="bbox 988 2148 1784 2186; baseline 0.005 -9"><span class='ocrx_word' id='word_1_420' title='bbox 988 2148 1067 2178; x_wconf 74' lang='grc'><strong>297.</strong></span> <span class='ocrx_word' id='word_1_421' title='bbox 1116 2151 1183 2178; x_wconf 80' lang='lat' dir='ltr'>lam</span> <span class='ocrx_word' id='word_1_422' title='bbox 1209 2151 1341 2186; x_wconf 82' lang='lat' dir='ltr'>propria</span> <span class='ocrx_word' id='word_1_423' title='bbox 1366 2158 1435 2179; x_wconf 79' lang='lat' dir='ltr'>vox</span> <span class='ocrx_word' id='word_1_424' title='bbox 1456 2155 1506 2180; x_wconf 86' lang='lat' dir='ltr'>est</span> <span class='ocrx_word' id='word_1_425' title='bbox 1537 2151 1569 2180; x_wconf 90' lang='lat' dir='ltr'>in</span> <span class='ocrx_word' id='word_1_426' title='bbox 1594 2153 1702 2181; x_wconf 88' lang='lat' dir='ltr'>leonis</span> <span class='ocrx_word' id='word_1_427' title='bbox 1728 2161 1784 2181; x_wconf 90' lang='lat' dir='ltr'>ru-</span> 
     </span>
     <span class='ocr_line' id='line_1_79' title="bbox 986 2195 1785 2233; baseline 0.006 -10"><span class='ocrx_word' id='word_1_428' title='bbox 986 2196 1065 2233; x_wconf 87' lang='lat' dir='ltr'>gitu,</span> <span class='ocrx_word' id='word_1_429' title='bbox 1095 2199 1126 2226; x_wconf 84' lang='lat' dir='ltr'>ut</span> <span class='ocrx_word' id='word_1_430' title='bbox 1141 2195 1172 2232; x_wconf 89' lang='lat'>9,</span> <span class='ocrx_word' id='word_1_431' title='bbox 1191 2195 1269 2225; x_wconf 71' lang='lat'>341.</span> <span class='ocrx_word' id='word_1_432' title='bbox 1296 2195 1347 2233; x_wconf 84' lang='lat'>12,</span> <span class='ocrx_word' id='word_1_433' title='bbox 1368 2195 1400 2233; x_wconf 83' lang='grc'>8,</span> <span class='ocrx_word' id='word_1_434' title='bbox 1426 2201 1455 2223; x_wconf 90' lang='lat' dir='ltr'>et</span> <span class='ocrx_word' id='word_1_435' title='bbox 1479 2197 1601 2226; x_wconf 74' lang='lat' dir='ltr'>hInnitu</span> <span class='ocrx_word' id='word_1_436' title='bbox 1626 2206 1785 2232; x_wconf 81' lang='lat' dir='ltr'>equorum</span> 
     </span>
     <span class='ocr_line' id='line_1_80' title="bbox 987 2240 1781 2280; baseline 0.005 -11"><span class='ocrx_word' id='word_1_437' title='bbox 987 2249 1017 2270; x_wconf 92' lang='lat' dir='ltr'>v.</span> <span class='ocrx_word' id='word_1_438' title='bbox 1040 2240 1115 2271; x_wconf 70' lang='lat'>496.</span> <span class='ocrx_word' id='word_1_439' title='bbox 1141 2241 1218 2271; x_wconf 89' lang='lat'>599.</span> <span class='ocrx_word' id='word_1_440' title='bbox 1245 2242 1322 2280; x_wconf 81' lang='lat'>607,</span> <span class='ocrx_word' id='word_1_441' title='bbox 1353 2246 1382 2270; x_wconf 90' lang='lat' dir='ltr'>et</span> <span class='ocrx_word' id='word_1_442' title='bbox 1417 2243 1556 2271; x_wconf 84' lang='lat' dir='ltr'>aliorum</span> <span class='ocrx_word' id='word_1_443' title='bbox 1581 2244 1781 2280; x_wconf 82' lang='lat' dir='ltr'>animalium,</span> 
     </span>
     <span class='ocr_line' id='line_1_81' title="bbox 989 2288 1782 2324; baseline 0.004 -8"><span class='ocrx_word' id='word_1_444' title='bbox 989 2288 1085 2317; x_wconf 79' lang='lat' dir='ltr'>cuius</span> <span class='ocrx_word' id='word_1_445' title='bbox 1110 2295 1190 2318; x_wconf 86' lang='lat' dir='ltr'>usus</span> <span class='ocrx_word' id='word_1_446' title='bbox 1217 2289 1355 2324; x_wconf 84' lang='lat' dir='ltr'>plurima</span> <span class='ocrx_word' id='word_1_447' title='bbox 1386 2294 1518 2317; x_wconf 82' lang='lat' dir='ltr'>exstant</span> <span class='ocrx_word' id='word_1_448' title='bbox 1549 2291 1632 2324; x_wconf 83' lang='lat' dir='ltr'>apud</span> <span class='ocrx_word' id='word_1_449' title='bbox 1668 2298 1782 2319; x_wconf 81' lang='lat' dir='ltr'>omues</span> 
     </span>
     <span class='ocr_line' id='line_1_82' title="bbox 990 2335 1784 2373; baseline 0.004 -11"><span class='ocrx_word' id='word_1_450' title='bbox 990 2337 1153 2370; x_wconf 80' lang='lat' dir='ltr'>exempla.</span> <span class='ocrx_word' id='word_1_451' title='bbox 1203 2335 1306 2364; x_wconf 77' lang='lat' dir='ltr'>Etiam</span> <span class='ocrx_word' id='word_1_452' title='bbox 1331 2335 1478 2364; x_wconf 78' lang='lat' dir='ltr'>inanima</span> <span class='ocrx_word' id='word_1_453' title='bbox 1500 2335 1649 2373; x_wconf 83' lang='lat' dir='ltr'>fremunt,</span> <span class='ocrx_word' id='word_1_454' title='bbox 1677 2344 1784 2371; x_wconf 83' lang='lat' dir='ltr'>neque</span> 
     </span>
     <span class='ocr_line' id='line_1_83' title="bbox 989 2379 1784 2418; baseline 0.004 -10"><span class='ocrx_word' id='word_1_455' title='bbox 989 2380 1073 2408; x_wconf 88' lang='lat' dir='ltr'>enim</span> <span class='ocrx_word' id='word_1_456' title='bbox 1116 2381 1148 2410; x_wconf 91' lang='lat' dir='ltr'>in</span> <span class='ocrx_word' id='word_1_457' title='bbox 1181 2379 1334 2418; x_wconf 85' lang='lat' dir='ltr'>fremere</span> <span class='ocrx_word' id='word_1_458' title='bbox 1371 2381 1456 2410; x_wconf 87' lang='lat' dir='ltr'>inest</span> <span class='ocrx_word' id='word_1_459' title='bbox 1493 2382 1604 2416; x_wconf 83' lang='lat' dir='ltr'>aliqua</span> <span class='ocrx_word' id='word_1_460' title='bbox 1640 2382 1784 2411; x_wconf 76' lang='lat' dir='ltr'>viventis</span> 
     </span>
     <span class='ocr_line' id='line_1_84' title="bbox 988 2426 1784 2463; baseline 0.004 -9"><span class='ocrx_word' id='word_1_461' title='bbox 988 2426 1090 2463; x_wconf 84' lang='lat' dir='ltr'>notio,</span> <span class='ocrx_word' id='word_1_462' title='bbox 1116 2427 1174 2457; x_wconf 86' lang='lat' dir='ltr'>sed</span> <span class='ocrx_word' id='word_1_463' title='bbox 1197 2428 1270 2456; x_wconf 91' lang='lat' dir='ltr'>soni</span> <span class='ocrx_word' id='word_1_464' title='bbox 1297 2427 1405 2463; x_wconf 84' lang='lat' dir='ltr'>surdi;</span> <span class='ocrx_word' id='word_1_465' title='bbox 1439 2427 1511 2456; x_wconf 88' lang='lat' dir='ltr'>inde</span> <span class='ocrx_word' id='word_1_466' title='bbox 1536 2432 1622 2456; x_wconf 75' lang='lat' dir='ltr'>tecta</span> <span class='ocrx_word' id='word_1_467' title='bbox 1644 2428 1784 2457; x_wconf 86' lang='lat' dir='ltr'>fremunt</span> 
     </span>
     <span class='ocr_line' id='line_1_85' title="bbox 989 2471 1784 2512; baseline 0.003 -12"><span class='ocrx_word' id='word_1_468' title='bbox 989 2474 1114 2501; x_wconf 81' lang='lat' dir='ltr'>ululatu</span> <span class='ocrx_word' id='word_1_469' title='bbox 1159 2471 1191 2509; x_wconf 79' lang='lat'>4,</span> <span class='ocrx_word' id='word_1_470' title='bbox 1235 2472 1311 2511; x_wconf 76' lang='lat'>668,</span> <span class='ocrx_word' id='word_1_471' title='bbox 1359 2473 1448 2507; x_wconf 83' lang='lat' dir='ltr'>ripae</span> <span class='ocrx_word' id='word_1_472' title='bbox 1487 2473 1581 2502; x_wconf 84' lang='lat' dir='ltr'>undis</span> <span class='ocrx_word' id='word_1_473' title='bbox 1619 2473 1669 2509; x_wconf 89' lang='lat' dir='ltr'>ll,</span> <span class='ocrx_word' id='word_1_474' title='bbox 1705 2473 1784 2512; x_wconf 87' lang='lat'>299,</span> 
     </span>
     <span class='ocr_line' id='line_1_86' title="bbox 987 2517 1783 2558; baseline 0.003 -12"><span class='ocrx_word' id='word_1_475' title='bbox 987 2523 1146 2548; x_wconf 86' lang='lat' dir='ltr'>tormento</span> <span class='ocrx_word' id='word_1_476' title='bbox 1173 2526 1260 2548; x_wconf 79' lang='lat' dir='ltr'>saxa</span> <span class='ocrx_word' id='word_1_477' title='bbox 1293 2517 1345 2555; x_wconf 86' lang='lat'>12,</span> <span class='ocrx_word' id='word_1_478' title='bbox 1376 2517 1454 2556; x_wconf 83' lang='lat'>922,</span> <span class='ocrx_word' id='word_1_479' title='bbox 1480 2527 1575 2548; x_wconf 84' lang='lat' dir='ltr'>mons</span> <span class='ocrx_word' id='word_1_480' title='bbox 1605 2524 1701 2549; x_wconf 80' lang='lat' dir='ltr'>vento</span> <span class='ocrx_word' id='word_1_481' title='bbox 1730 2519 1783 2558; x_wconf 88' lang='lat'>12,</span> 
     </span>
     <span class='ocr_line' id='line_1_87' title="bbox 985 2561 1783 2602; baseline 0.004 -9"><span class='ocrx_word' id='word_1_482' title='bbox 985 2563 1070 2600; x_wconf 79' lang='lat'>702,</span> <span class='ocrx_word' id='word_1_483' title='bbox 1096 2566 1170 2601; x_wconf 81' lang='lat' dir='ltr'>ipse</span> <span class='ocrx_word' id='word_1_484' title='bbox 1200 2569 1320 2593; x_wconf 82' lang='lat' dir='ltr'>ventus</span> <span class='ocrx_word' id='word_1_485' title='bbox 1350 2561 1400 2602; x_wconf 89' lang='lat'>10,</span> <span class='ocrx_word' id='word_1_486' title='bbox 1432 2564 1486 2594; x_wconf 81' lang='lat'>98.</span> <span class='ocrx_word' id='word_1_487' title='bbox 1535 2581 1575 2585; x_wconf 91' lang='lat'><em>-</em></span> <span class='ocrx_word' id='word_1_488' title='bbox 1624 2568 1783 2596; x_wconf 82' lang='lat' dir='ltr'>Iuventus</span> 
     </span>
     <span class='ocr_line' id='line_1_88' title="bbox 987 2611 1783 2648; baseline 0.001 -8"><span class='ocrx_word' id='word_1_489' title='bbox 987 2612 1098 2640; x_wconf 83' lang='lat' dir='ltr'>audax</span> <span class='ocrx_word' id='word_1_490' title='bbox 1123 2611 1156 2640; x_wconf 85' lang='lat' dir='ltr'>in</span> <span class='ocrx_word' id='word_1_491' title='bbox 1181 2618 1271 2639; x_wconf 85' lang='lat' dir='ltr'>arma</span> <span class='ocrx_word' id='word_1_492' title='bbox 1293 2611 1474 2648; x_wconf 86' lang='lat' dir='ltr'>concurrit,</span> <span class='ocrx_word' id='word_1_493' title='bbox 1519 2612 1593 2640; x_wconf 85' lang='lat' dir='ltr'>dum</span> <span class='ocrx_word' id='word_1_494' title='bbox 1618 2612 1728 2641; x_wconf 89' lang='lat' dir='ltr'>timent</span> <span class='ocrx_word' id='word_1_495' title='bbox 1753 2617 1783 2641; x_wconf 89' lang='lat' dir='ltr'>et</span> 
     </span>
     <span class='ocr_line' id='line_1_89' title="bbox 987 2661 1271 2686; baseline 0 -1"><span class='ocrx_word' id='word_1_496' title='bbox 987 2661 1133 2686; x_wconf 81' lang='lat' dir='ltr'>maerent</span> <span class='ocrx_word' id='word_1_497' title='bbox 1159 2664 1271 2686; x_wconf 88' lang='lat' dir='ltr'>senes.</span> 
     </span>
    </p>
   </div>
   <div class='ocr_carea' id='block_1_32' title="bbox 984 2721 1785 2846">
    <p class='ocr_par' dir='ltr' id='par_1_36' title="bbox 984 2721 1785 2846">
     <span class='ocr_line' id='line_1_90' title="bbox 1032 2721 1785 2762; baseline 0.005 -10"><span class='ocrx_word' id='word_1_498' title='bbox 1032 2722 1108 2753; x_wconf 77' lang='lat'>454.</span> <span class='ocrx_word' id='word_1_499' title='bbox 1135 2721 1268 2754; x_wconf 78' lang='lat' dir='ltr'>clamor</span> <span class='ocrx_word' id='word_1_500' title='bbox 1294 2721 1453 2754; x_wconf 82' lang='lat' dir='ltr'>dissensu</span> <span class='ocrx_word' id='word_1_501' title='bbox 1479 2723 1590 2762; x_wconf 85' lang='lat' dir='ltr'>vario,</span> <span class='ocrx_word' id='word_1_502' title='bbox 1626 2728 1667 2755; x_wconf 83' lang='lat' dir='ltr'>ad</span> <span class='ocrx_word' id='word_1_503' title='bbox 1693 2735 1785 2756; x_wconf 81' lang='lat' dir='ltr'>arma</span> 
     </span>
     <span class='ocr_line' id='line_1_91' title="bbox 984 2770 1688 2802; baseline 0.006 -4"><span class='ocrx_word' id='word_1_504' title='bbox 984 2770 1175 2799; x_wconf 89' lang='lat' dir='ltr'>vocantium</span> <span class='ocrx_word' id='word_1_505' title='bbox 1212 2775 1243 2799; x_wconf 86' lang='lat' dir='ltr'>et</span> <span class='ocrx_word' id='word_1_506' title='bbox 1279 2772 1392 2800; x_wconf 87' lang='lat' dir='ltr'>dolore</span> <span class='ocrx_word' id='word_1_507' title='bbox 1429 2772 1688 2802; x_wconf 83' lang='lat' dir='ltr'>lamentantium.</span> 
     </span>
     <span class='ocr_line' id='line_1_92' title="bbox 986 2815 1317 2846; baseline 0.006 -2"><span class='ocrx_word' id='word_1_508' title='bbox 986 2818 1146 2846; x_wconf 79' lang='lat' dir='ltr'>mussant</span> <span class='ocrx_word' id='word_1_509' title='bbox 1170 2816 1210 2845; x_wconf 85' lang='lat' dir='ltr'>cf.</span> <span class='ocrx_word' id='word_1_510' title='bbox 1239 2815 1317 2846; x_wconf 74' lang='lat'>345.</span> 
     </span>
    </p>
   </div>
   <div class='ocr_carea' id='block_1_33' title="bbox 986 2887 1785 3012">
    <p class='ocr_par' dir='ltr' id='par_1_37' title="bbox 986 2887 1785 3012">
     <span class='ocr_line' id='line_1_93' title="bbox 1031 2887 1784 2929; baseline 0 -10"><span class='ocrx_word' id='word_1_511' title='bbox 1031 2887 1107 2919; x_wconf 79' lang='lat'>455.</span> <span class='ocrx_word' id='word_1_512' title='bbox 1135 2887 1183 2919; x_wconf 79' lang='lat' dir='ltr'>ati</span> <span class='ocrx_word' id='word_1_513' title='bbox 1224 2897 1333 2918; x_wconf 84' lang='lat' dir='ltr'>auras</span> <span class='ocrx_word' id='word_1_514' title='bbox 1372 2892 1413 2919; x_wconf 81' lang='lat' dir='ltr'>M.</span> <span class='ocrx_word' id='word_1_515' title='bbox 1448 2888 1484 2919; x_wconf 80' lang='lat' dir='ltr'>in</span> <span class='ocrx_word' id='word_1_516' title='bbox 1522 2899 1630 2919; x_wconf 82' lang='lat' dir='ltr'>auras</span> <span class='ocrx_word' id='word_1_517' title='bbox 1667 2892 1784 2929; x_wconf 78' lang='lat' dir='ltr'>PRybc</span> 
     </span>
     <span class='ocr_line' id='line_1_94' title="bbox 986 2933 1785 2967; baseline 0.003 -3"><span class='ocrx_word' id='word_1_518' title='bbox 986 2944 1053 2965; x_wconf 91' lang='lat' dir='ltr'>rec.</span> <span class='ocrx_word' id='word_1_519' title='bbox 1078 2933 1141 2965; x_wconf 74' lang='grc' dir='ltr'><strong>ΕΙ).</strong></span> <span class='ocrx_word' id='word_1_520' title='bbox 1189 2937 1301 2965; x_wconf 88' lang='lat' dir='ltr'>Utrum</span> <span class='ocrx_word' id='word_1_521' title='bbox 1329 2938 1392 2966; x_wconf 83' lang='lat' dir='ltr'>hoc</span> <span class='ocrx_word' id='word_1_522' title='bbox 1413 2939 1488 2966; x_wconf 86' lang='lat' dir='ltr'>loco</span> <span class='ocrx_word' id='word_1_523' title='bbox 1508 2937 1716 2967; x_wconf 81' lang='lat' dir='ltr'>scribendum</span> <span class='ocrx_word' id='word_1_524' title='bbox 1742 2938 1785 2967; x_wconf 84' lang='lat' dir='ltr'>sit</span> 
     </span>
     <span class='ocr_line' id='line_1_95' title="bbox 986 2982 1176 3012; baseline 0 -1"><span class='ocrx_word' id='word_1_525' title='bbox 986 2982 1046 3012; x_wconf 88' lang='lat' dir='ltr'>vix</span> <span class='ocrx_word' id='word_1_526' title='bbox 1073 2982 1176 3012; x_wconf 82' lang='lat' dir='ltr'>dicas.</span> 
     </span>
    </p>
   </div>
  </div>
 </body>
</html>
