2023 3350
265 179 343 220 106
819 177 854 208 Ρ.
883 175 1077 209 VIRGILII
1102 176 1311 211 MARONlS

258 291 350 333 Iam
382 289 547 344 pridem
580 288 737 329 invisus
773 286 880 328 divis
914 290 956 329 et
988 287 1150 331 inutilis
1183 303 1315 332 annos

260 349 488 397 Ilemoror,
527 359 577 387 cx
612 358 694 398 quo
731 357 798 385 me
831 343 971 386 divom
1009 349 1131 398 pater
1169 350 1297 400 atque
1335 346 1552 388 hominum
1587 360 1662 388 rex

259 403 462 446 Fulminis
499 401 673 443 adflavit
707 400 842 443 ventis
877 404 920 442 et
957 402 1134 456 contigit
1170 403 1269 457 igni.

374 459 494 501 'l'alia
526 457 749 512 perstabat
784 471 1022 500 memorans
1058 458 1248 513 fixusque
1285 460 1496 502 manebat.
1795 460 1876 500 650

258 518 344 559 Nos
379 520 529 558 contra
565 513 685 556 effusi
719 515 906 556 lacrimis
943 516 1209 570 coniunxque
1244 516 1401 559 Creusa

257 573 546 626 Ascaniusque
582 571 803 625 omnisque
840 571 1006 623 domus,
1045 586 1097 614 ne
1129 577 1293 616 vertere
1326 588 1468 616 secum

258 631 419 673 Cuncta
450 632 572 683 pater
605 628 778 683 fatoque
810 630 1007 682 urguenti
1039 629 1283 673 incumbere
1317 631 1454 673 vellet.

256 687 449 741 Abnegat
486 686 740 739 inceptoque
773 689 815 728 et
849 685 1020 728 sedibus
1051 687 1200 729 haeret
1233 688 1277 729 in
1316 688 1462 729 isdem.

256 746 416 786 Rursus
446 743 490 784 in
522 756 642 784 arma
673 742 789 784 feror
821 747 1084 798 mortemque
1114 745 1377 787 miserrimus
1408 748 1520 798 opto.

1790 746 1872 786 655

256 802 364 843 Nam
399 800 514 854 quod
551 799 772 841 consilium
804 804 879 842 aut
919 814 1029 854 quae
1062 801 1149 843 iam
1184 801 1359 843 fortuna
1391 801 1576 844 dabatur
1585 803 1606 842 ‘?

254 858 376 900 Mene
411 857 560 899 efferre
593 856 762 910 pedem,
803 857 986 912 genitor,
1025 861 1069 900 te
1108 872 1234 913 posse
1267 859 1417 900 relicto

255 915 475 969 Spei-asti?
512 917 764 968 tantumque
796 914 915 957 nefas
949 915 1090 969 patrio
1125 915 1282 957 excidit
1315 916 1418 957 ore?

256 972 301 1014 Si
335 972 440 1014 nihil
473 985 524 1013 ex
556 975 680 1013 tanta
713 972 878 1026 superis
912 972 1055 1025 placet
1085 972 1191 1015 urbe
1222 972 1417 1026 relinqui,

254 1030 310 1071 Et
346 1029 464 1072 sedet
497 1029 579 1070 hoc
611 1029 771 1080 animo,
806 1029 1110 1084 perituraeque
1143 1030 1301 1072 addere
1334 1029 1487 1072 Troiae

1789 1031 1872 1070 660

253 1087 396 1140 Teque
428 1090 609 1140 tuosque
640 1086 776 1127 iuvat:
814 1090 935 1140 patet
969 1087 1040 1128 isti
1073 1088 1202 1129 ianua
1237 1088 1335 1138 leto,

252 1144 428 1198 Iamque
461 1143 601 1186 aderit
630 1143 762 1185 multo
793 1144 949 1185 Priami
988 1144 1040 1185 de
1073 1144 1276 1198 sanguine
1306 1143 1504 1198 Pyrrhus,

255 1201 442 1244 Gnatum
475 1204 575 1243 ante
609 1214 684 1242 ora
715 1201 869 1254 patris,
906 1205 1073 1255 patrem
1109 1202 1181 1255 qui
1217 1201 1444 1244 obtruncat
1476 1199 1533 1242 ad
1566 1213 1676 1242 aras.

253 1306 499 1341 cogitationem:
544 1303 737 1345 insepultus
767 1302 893 1334 iacebis
922 1305 1038 1333 refellit

253 1352 303 1380 his
326 1352 452 1380 verbis:
501 1352 582 1386 Quid
606 1351 694 1380 aliud
715 1352 789 1380 huic
810 1352 1038 1387 respondeam,

253 1404 348 1432 quam
385 1397 594 1432 Virgilianum
631 1397 727 1425 illud:
769 1397 875 1425 facilis
912 1396 1039 1425 iactura

253 1442 407 1478 sepulcri.
449 1442 496 1472 Cf.
515 1445 589 1471 Seu.
610 1444 667 1477 Ep.
684 1441 728 1470 92
749 1445 958 1479 „Maecenas,
977 1449 1037 1469 nec

251 1490 421 1521 tumulum.
468 1488 585 1522 inquit,
630 1495 725 1522 curo,
767 1487 884 1522 sepelit
920 1491 1036 1515 natura

251 1532 418 1562 relictos.‘'·
466 1534 520 1562 Sic
543 1533 706 1561 firmantur
724 1535 825 1561 verba
844 1533 1035 1561 auctoritate

252 1582 409 1607 senecae.
463 1575 514 1608 Pl.
538 1576 708 1607 644—46
735 1579 830 1606 delet.

295 1623 369 1652 647.
397 1621 529 1653 inuisus
548 1620 659 1652 divis.-
687 1624 717 1652 A
732 1625 809 1652 love
831 1622 925 1659 enim,
952 1624 1037 1657 quod

250 1670 388 1699 Veneris
415 1669 651 1698 consuetudine
684 1669 841 1703 gloriatus
875 1673 943 1697 erat
972 1668 1038 1696 ful-

249 1715 334 1744 mine
362 1715 491 1751 petitus,
517 1716 695 1743 secundum
720 1714 804 1743 alios
829 1718 1036 1749 occaecatus,

250 1762 430 1789 secundum
462 1761 631 1794 virgilium
666 1759 818 1788 membris
850 1759 1035 1787 debilitatus

251 1810 319 1841 est;
348 1806 387 1834 cf.
413 1814 443 1834 v.
469 1805 545 1834 699.
570 1803 645 1833 733.
694 1805 742 1834 Cf.
764 1806 855 1833 Hom.
885 1806 978 1839 flym.
1003 1805 1035 1833 iu

250 1853 329 1880 Ven.
358 1850 443 1885 287,
475 1859 574 1885 quare
603 1851 663 1879 diis
696 1850 838 1878 invisum
870 1858 907 1878 se
936 1853 1034 1885 putat.

250 1912 294 1916 —
335 1894 475 1925 Inutilis
507 1901 539 1925 ut
579 1903 630 1930 ap.
667 1896 787 1924 Aescli.
823 1897 928 1923 Proin.
967 1894 1032 1923 371

249 1936 396 1980 α’χρεῖον
423 1935 548 1979 δέμας,
573 1941 626 1969 ubi
649 1941 722 1968 vide
748 1940 861 1969 Blomf.
888 1942 991 1975 gloss.

295 1985 371 2015 648.
402 1986 517 2015 Annos
542 1984 707 2022 demoror,
732 1993 804 2014 nam
829 1993 924 2019 qutun
949 1986 1035 2013 iusto

250 2032 381 2064 longius
406 2032 504 2065 vivat,
535 2032 648 2060 retinet
666 2031 759 2066 quasi
784 2039 895 2059 eorum
920 2032 1036 2059 decur-

251 2085 333 2106 sum.
382 2077 428 2106 Cf.
455 2075 491 2113 3,
514 2075 589 2105 481.

294 2121 368 2150 649.
398 2119 568 2150 Fulminis
591 2118 733 2158 afflavit
759 2118 887 2150 ventis:
933 2122 1035 2150 Vento

251 2168 334 2196 enim
360 2167 480 2195 fulmen
512 2167 586 2196 ferri
618 2168 789 2200 putabatur
815 2167 855 2194 cf.
889 2166 924 2203 8,
958 2165 1034 2195 430.

249 2215 344 2241 Lucr.
370 2212 400 2246 6,
425 2210 500 2241 294.
550 2210 686 2250 Asflare
704 2216 809 2239 autem
837 2212 963 2246 proprie
988 2212 1036 2239 di-

251 2259 331 2287 citur
361 2262 388 2286 et
422 2262 540 2285 ventus
565 2263 594 2285 et
626 2258 711 2291 quod
738 2262 835 2285 vento
865 2257 965 2285 fertur
993 2257 1033 2286 cf.

249 2304 319 2332 Liv.
343 2302 403 2337 28,
430 2301 474 2330 23
504 2299 666 2340 Conrepti
689 2299 754 2330 alii
769 2300 919 2340 flamma
943 2305 1033 2339 sunt,

249 2346 314 2377 alii
350 2345 499 2377 ambusti
539 2345 673 2386 adflatu
712 2345 861 2386 vaporis.
919 2346 980 2384 30,
1012 2347 1033 2376 6

252 2391 372 2422 Saucii
394 2391 586 2433 adflatique
618 2390 775 2421 inccndio
799 2390 963 2432 effugere.
988 2409 1033 2412 —

249 2441 329 2474 Quid
352 2443 459 2467 autem
483 2439 523 2467 sit
549 2438 650 2468 afflari
673 2438 805 2466 fulmine
832 2439 947 2466 docent
970 2439 1029 2466 Ov.

248 2487 300 2514 Tr.
328 2484 362 2520 1,
393 2484 429 2519 9,
461 2483 505 2512 22
529 2481 687 2521 fulmina
718 2491 861 2523 quorum
890 2480 1033 2522 ignibus

248 2527 371 2568 afflari
382 2527 540 2568 proxima
556 2536 709 2569 quaeque
729 2525 837 2557 solent
853 2533 881 2555 et
895 2529 986 2556 Pont.
1001 2526 1032 2565 3,

247 2574 278 2610 6,
306 2574 345 2603 17
370 2572 539 2604 Fulminis
561 2572 704 2612 afflatos
725 2570 896 2602 interdum
919 2570 1034 2602 vivere

248 2617 325 2649 telis
355 2617 522 2651 Vidimus.
553 2622 584 2649 et
605 2616 710 2658 refici,
744 2627 811 2647 non
833 2615 1034 2658 prohibente

254 2662 340 2693 love.

294 2709 488 2738 650.'ra1··a
524 2718 620 2744 quum
659 2716 839 2738 memorare
875 2712 1032 2745 pergeret,

249 2754 332 2782 fixus
357 2755 570 2789 immotusque
598 2756 725 2783 mansit.

294 2798 368 2827 652.
398 2797 448 2827 Ne
475 2808 519 2828 sc.
548 2808 686 2829 oramus
708 2807 768 2835 nc,
795 2800 878 2834 quod
902 2800 978 2827 latet
1001 2799 1031 2827 in

248 2841 349 2882 effusi
372 2841 534 2873 lacrimis.

293 2887 369 2917 653.
402 2886 548 2923 Cuncta.
579 2898 653 2918 nam
682 2898 778 2924 quum
803 2897 868 2918 non
893 2889 955 2918 sint
980 2897 1031 2917 re-

248 2933 353 2962 licturi
383 2934 566 2963 Anchisen.
603 2936 699 2963 simul
732 2943 844 2964 omnes
873 2934 1028 2962 intereant

247 2986 388 3007 necesse
410 2983 469 3007 est.
488 2994 531 2997 -—
552 2976 638 3008 Fato
656 2977 823 3021 urguenti
839 2977 1030 3008 incumbere

247 3024 374 3060 „simile
395 3028 456 3059 est,
482 3028 514 3051 ut
534 3030 714 3054 currentem
731 3026 875 3060 incitare,
903 3025 1029 3059 praeci-

247 3069 343 3104 pitem
368 3067 567 3106 impellere‘,
591 3072 622 3098 S.
651 3075 682 3099 et
708 3076 758 3100 est
782 3070 914 3108 exitium
943 3070 1028 3105 quod

1085 1305 1268 1335 imminebat
1294 1306 1401 1341 ipsum
1425 1308 1623 1335 accelerare.
1672 1304 1718 1335 Cf.
1742 1305 1814 1334 Liv.
1839 1304 1871 1342 3,

1087 1350 1128 1378 16
1155 1348 1195 1380 Id
1215 1352 1372 1387 (malum)
1399 1360 1505 1390 prope
1522 1359 1627 1380 unum
1647 1347 1797 1380 maxime
1816 1347 1872 1379 in-

1084 1393 1223 1425 clinatis
1254 1395 1354 1425 rebus
1381 1394 1544 1426 incubuit.
1593 1396 1658 1426 Cic.
1693 1397 1732 1425 de
1764 1403 1810 1424 or.
1838 1394 1871 1433 2,

1083 1440 1136 1477 79,
1158 1440 1225 1469 324
1249 1439 1424 1481 Oportebit
1441 1439 1574 1481 impelli
1589 1439 1700 1480 primo
1724 1438 1871 1470 iudicem

1084 1483 1221 1522 leviter,
1262 1489 1299 1516 ut
1336 1484 1404 1515 iam
1440 1484 1607 1516 inclinato
1643 1484 1779 1526 reliqua
1817 1484 1871 1514 in-

1081 1529 1218 1561 cumbat
1244 1529 1365 1561 oratio.

1128 1575 1204 1605 654.
1230 1574 1364 1617 incepto
1391 1579 1422 1606 et
1446 1574 1583 1606 sedibus
1608 1573 1725 1606 haeret
1748 1573 1784 1605 iu
1810 1573 1872 1605 iis-

1083 1619 1160 1650 dem
1186 1622 1225 1651 cf.
1250 1623 1314 1652 Cic.
1341 1624 1408 1652 Cat.
1433 1622 1471 1659 2,
1500 1622 1521 1651 5
1551 1619 1591 1651 Si
1616 1624 1647 1652 et
1669 1620 1703 1650 in
1730 1619 1812 1650 urbe
1837 1623 1870 1650 et

1082 1664 1117 1696 in
1141 1665 1261 1696 eadem
1285 1670 1396 1697 mente
1420 1670 1632 1707 permanent.

1127 1723 1202 1752 657.
1228 1732 1325 1753 mene
1363 1726 1539 1758 „probatae
1576 1724 1705 1758 pietatis
1737 1721 1868 1751 filium.“

1082 1785 1125 1788 —
1148 1768 1250 1804 nefas
1276 1767 1420 1798 excidit.-
1446 1770 1557 1804 „Bene
1583 1771 1721 1797 excusat
1746 1773 1868 1803 patrem

1082 1815 1217 1842 dicendo
1244 1815 1376 1852 excidit,
1401 1819 1430 1842 et
1454 1815 1561 1849 ipsam
1582 1818 1738 1849 temperat
1759 1814 1868 1842 obiur-

1081 1860 1276 1894 gatitntem.“
1303 1862 1335 1888 S.
1367 1875 1410 1879 —
1444 1857 1602 1899 Sperasti
1633 1868 1660 1888 c.
1687 1859 1741 1888 inf.
1771 1866 1868 1894 prae—
1902 1893 1905 1895 ,

1081 1906 1182 1934 sentis
1208 1905 1248 1933 cf.
1275 1903 1312 1941 4,
1335 1904 1411 1934 3⁰5.

1127 1960 1201 1989 660.
1229 1958 1320 1990 sedet
1348 1959 1463 1990 animo
1489 1961 1528 1989 cf.
1553 1961 1584 1997 5,
1609 1960 1685 1989 418.
1709 1976 1754 1980 ——
1777 1963 1813 1990 Et
1838 1962 1868 1991 si

1082 2007 1181 2041 iuvat,
1208 2007 1234 2035 si
1261 2007 1354 2041 cupis
1380 2015 1441 2035 nos
1468 2014 1579 2035 omnes
1606 2007 1703 2035 simul
1725 2007 1867 2044 interire,

1081 2052 1177 2080 facile
1203 2058 1336 2080 mortem
1360 2059 1454 2086 quam
1478 2057 1582 2089 optas,
1608 2052 1627 2080 i.
1654 2060 1681 2080 e.
1708 2049 1766 2081 isti
1787 2050 1867 2090 leto,

1081 2098 1280 2133 impetrabis,
1305 2102 1336 2126 et
1361 2098 1450 2126 brevi
1476 2098 1615 2126 oninium
1639 2101 1765 2126 tuorum
1789 2104 1867 2126 cae-

1082 2144 1152 2171 dem
1194 2143 1339 2179 x·itlel›is;
1396 2150 1469 2171 nam
1512 2144 1666 2178 irrumpet
1706 2144 1865 2180 Pyrrhus,

1082 2188 1201 2216 Priami
1233 2189 1393 2223 sanguine
1423 2188 1583 2218 foedatus.
1644 2189 1725 2216 Nolo
1758 2191 1864 2217 tamen

1082 2238 1189 2262 tacere
1224 2234 1287 2262 iam
1321 2234 1470 2262 Servium
1508 2231 1567 2262 isti
1600 2241 1657 2268 per
1683 2233 1864 2268 Apocopen

1080 2280 1197 2307 dictum
1224 2279 1398 2313 accepisse
1424 2288 1480 2314 pro
1509 2275 1596 2313 istic,
1626 2282 1655 2306 et
1676 2279 1864 2307 adverbium

1079 2327 1198 2353 liabent
1222 2321 1372 2359 Ritsclzl,
1403 2322 1513 2359 Neue,
1548 2321 1628 2352 Wd.
1683 2324 1866 2359 Simplicis-

1079 2371 1163 2398 sima
1200 2370 1327 2397 minime
1368 2371 1513 2406 placent,
1560 2369 1714 2398 inusitata
1761 2369 1865 2399 forma

1077 2415 1217 2443 maxime
1242 2415 1369 2443 arridet.

1125 2470 1200 2499 662.
1227 2468 1268 2499 de
1299 2468 1472 2511 sanguine
1503 2468 1617 2500 aderit
1648 2471 1668 2499 i.
1698 2479 1726 2500 e.
1762 2473 1864 2500 adve-

1078 2516 1158 2544 nerit
1196 2516 1236 2544 cf.
1272 2514 1348 2544 442.
1407 2513 1464 2544 l’l:
1506 2516 1564 2551 „si
1594 2519 1655 2545 Ms.
1693 2519 1864 2552 praeberet

1080 2558 1187 2600 Iamq.
1222 2569 1253 2589 a.
1280 2569 1322 2589 m.
1351 2558 1548 2591 maculatus
1579 2570 1603 2590 s.
1633 2559 1671 2591 P.
1702 2564 1764 2591 hoc
1793 2569 1863 2591 am-

1078 2605 1263 2641 pectererl‘·‘

1123 2662 1198 2691 663.
1225 2665 1372 2702 gnatum
1403 2665 1484 2691 ante
1516 2670 1577 2691 ora
1604 2660 1739 2702 patris:
1779 2662 1861 2700 „His

1078 2710 1175 2737 rebus
1201 2712 1296 2736 terret
1317 2716 1405 2745 eum,
1433 2709 1486 2743 qui
1509 2717 1573 2737 non
1598 2712 1704 2742 potest
1726 2712 1859 2736 mortem

1079 2754 1189 2782 timere
1222 2770 1265 2773 —
1303 2750 1512 2788 Obtruncat,
1555 2755 1745 2782 obtruncare
1781 2760 1860 2781 con-

1078 2798 1207 2827 sueviv‘
1233 2801 1264 2827 S.
1297 2807 1344 2827 sc.
1371 2801 1539 2827 obtruncat
1564 2799 1680 2833 quovis
1706 2802 1860 2835 tempore,

1079 2845 1107 2872 si
1138 2844 1205 2872 fors
1233 2845 1277 2873 ita
1300 2844 1369 2873 fert.
1419 2845 1530 2872 Simile
1552 2843 1589 2881 7,
1621 2841 1685 2871 363
1719 2841 1761 2872 At
1791 2851 1859 2871 non

1078 2886 1125 2917 sic
1173 2887 1348 2929 Phrygius
1395 2890 1554 2929 penetrat
1597 2885 1860 2916 Lacedaemona

1074 2930 1221 2973 pastor?
1255 2935 1275 2962 i.
1309 2943 1335 2963 e.
1365 2943 1472 2963 nonne
1505 2935 1550 2962 ita
1581 2934 1666 2961 solet
1695 2934 1858 2968 Phrygius

1075 2981 1170 3007 homo
1202 2983 1325 3008 tentare
1357 2980 1524 3014 virgines?
1570 2979 1661 3006 Adde
1694 2978 1752 3006 Ov.
1782 2981 1858 3006 Mel.

1074 3022 1111 3060 4,
1145 3023 1189 3052 23
1226 3021 1376 3054 Penthea
1409 3027 1447 3054 tu
1478 3019 1671 3052 venerande
1703 3019 1859 3062 bipenni-

1067 3069 1253 3108 ferumque
1272 3066 1467 3110 Lycurgum
1488 3065 1687 3108 Sacrilegos
1705 3065 1859 3098 mactas!
