2023 3350
78 203 143 244 Ne
179 201 358 244 turbata
396 201 543 243 volent
580 201 746 256 rapidis
778 201 969 245 ludibria
1001 202 1159 255 ventis3

78 261 179 314 Ipsa
218 273 352 300 canas
390 272 478 300 oro.

194 317 252 358 At
289 316 452 358 Phoebi
490 316 680 358 nondum
715 319 885 371 patiens

78 374 327 416 Bacchatur
367 378 504 426 vates,
537 377 751 428 'magnum
784 376 819 417 si
850 380 1026 429 pectore
1059 376 1198 429 possit

79 432 332 473 Excussisse
371 431 516 473 deum:
557 436 681 474 tanto
720 433 858 487 magis
895 434 968 475 ille
1003 433 1162 486 fatigat

81 546 204 588 Ostia
242 547 417 600 iamque
457 547 609 589 domus
650 551 831 601 patuere
866 548 1059 602 ingentia
1095 550 1267 589 centum

80 605 241 658 Sponte
279 618 376 656 sua,
421 605 618 659 vatisque
656 605 799 647 ferunt
834 619 1042 659 responsa
1077 619 1156 658 per
1191 618 1344 646 auras:

82 662 116 703 O
152 661 328 703 tandem
363 663 531 716 magnis
566 662 711 717 pelagi
745 662 945 705 defuncte
981 662 1173 716 periclis!

80 719 165 761 Sed
200 723 343 761 terrae
376 721 577 773 graviora
606 725 794 762 manent.

78 776 358 819 Dardanidae
394 778 580 831 venient,
627 778 751 820 mitte
788 778 901 820 hanc
939 778 992 820 de
1031 781 1208 832 pectore
1242 791 1411 830 curam,

81 834 165 877 Sed
202 848 288 876 non
327 838 369 876 et
401 835 567 877 venisse
597 836 754 877 volent.

79 893 136 933 Et
170 891 377 946 Thybrim
415 893 551 935 multo
596 896 866 947 spumantem
905 893 1113 947 sanguine
1155 906 1298 934 cerno.

79 950 176 991 Non
216 950 372 992 Simois
411 950 509 1002 tibi,
550 964 628 992 nec
660 950 882 1002 Xanthus,
920 964 999 991 nec
1034 950 1196 991 Dorica
1231 952 1377 992 castra

79 1007 317 1048 Defuerint.

686 88 1035 122 AENEmos-Lffl.
1062 91 1119 123 vi.
1651 95 1733 136 269

1679 210 1733 250 75

538 259 686 301 Finem
727 259 849 302 dedit
884 274 959 302 ore
993 259 1216 313 loquendi.

924 318 1124 359 immanis
1158 318 1203 359 in
1241 321 1369 362 antro

80 489 138 531 Os
175 489 393 541 rabidum,
440 489 534 531 fera
569 490 702 531 corda
742 490 940 542 domans,
980 490 1189 544 fingitque
1222 490 1469 543 premendo.
1677 496 1732 535 80

854 721 905 762 In
940 734 1074 774 regna
1112 719 1264 761 Lavini

1709 782 1728 804 Γ

814 836 955 888 Bella,
1000 835 1181 877 horrida
1215 834 1343 887 bella,
1677 783 1731 822 Sd

377 1007 499 1049 Alius
536 1008 662 1049 Latio
699 1009 786 1050 iam
825 1011 976 1061 partus
1010 1007 1213 1058 Achilles,

615 1066 703 1107 Nec
739 1065 915 1106 Teucris
951 1064 1102 1106 addita
1140 1064 1250 1104 Iuno
1680 1069 1734 1109 90

84 1065 224 1106 Natus
258 1068 300 1106 et
335 1064 428 1117 ipse
464 1065 555 1106 dea.

79 1122 274 1175 Usquam
315 1122 468 1163 aberit.

529 1123 668 1173 Quum
705 1126 753 1164 tu
788 1122 971 1176 supplex
1010 1122 1055 1162 in
1090 1120 1220 1162 rebus
1260 1119 1406 1172 egenis

80 1180 196 1230 Quas
236 1182 386 1233 gentes
417 1179 576 1221 Italum
616 1183 694 1221 aut
727 1193 834 1233 quas
873 1193 958 1221 non
995 1179 1184 1220 oraveris
1223 1176 1376 1218 urbes!

83 1238 247 1278 Caussa
284 1237 389 1278 mali
422 1237 535 1278 tanti
571 1237 757 1279 coniunx
795 1237 952 1279 iterum
986 1235 1163 1290 hospita
1199 1234 1387 1286 Teucris,

79 1294 347 1347 Externique
382 1294 539 1336 iterum
574 1294 771 1337 thalami.

80 1459 193 1494 aliqua
226 1459 366 1494 precatio
401 1459 474 1488 Liv.
502 1456 566 1497 39,
599 1455 640 1487 15
676 1466 781 1498 quum
815 1455 883 1487 sol-

81 1502 191 1534 lemne
225 1512 365 1533 carmen
399 1501 632 1544 precationis,
679 1501 773 1543 quod
808 1501 885 1540 fari

77 1548 285 1590 priusquam
306 1547 474 1590 populum
500 1547 741 1589 alloquantur,
766 1548 885 1591 magi-

79 1597 211 1625 stratus
237 1592 361 1628 solent.
387 1593 507 1625 consul
528 1593 736 1636 peregisset.

126 1639 179 1670 76.
206 1642 295 1676 Quod
319 1641 415 1679 petit,
457 1641 535 1677 petit
559 1650 601 1670 ex
622 1645 792 1676 praecepto
817 1642 882 1671 He-

78 1687 146 1716 leni
169 1686 209 1716 cf.
237 1684 267 1724 3,
293 1684 370 1715 443.
402 1702 440 1706 —-
477 1694 534 1716 ore
559 1684 655 1727 loqui
681 1687 719 1716 cf.
748 1683 778 1725 1,
805 1684 882 1716 614.

155 1764 197 1796 ’ῖὸ
214 1781 258 1785 -
276 1763 350 1794 101.
403 1762 557 1805 Sibyllae
591 1762 806 1795 vaticinium.

125 1820 180 1850 77.
207 1823 337 1858 Sibylla
361 1828 566 1858 comparatur
591 1831 664 1852 cum
687 1830 787 1859 equo,
825 1822 881 1857 qui

80 1868 274 1896 insidentem
299 1869 402 1897 studet
428 1870 582 1903 deiicere,
606 1873 640 1896 ut
664 1875 716 1903 ap.
742 1869 820 1898 Luc.
849 1868 880 1904 5,

84 1911 148 1941 174
174 1913 306 1948 Pythia.
338 1928 377 1933 —
413 1913 456 1943 At
486 1915 520 1942 in
551 1914 692 1943 transitu
725 1914 764 1943 cf.
791 1911 823 1950 4,
850 1910 880 1942 1.

83 1974 121 1979 —-
161 1955 287 1988 Phoebi
311 1956 466 1988 nondum
495 1957 637 1999 patiens
667 1963 732 1995 est,
767 1966 881 1993 quani-

81 2011 180 2039 (1113111
203 2005 269 2033 13111
288 2005 408 2039 patitur
430 2006 605 2034 Phoebum.
645 2005 699 2034 Sic
717 2006 882 2034 Phoebum

79 2050 147 2085 pati
184 2051 300 2079 dicitur
339 2050 469 2086 Sibylla
498 2052 571 2080 Seu.
607 2051 681 2079 Oed.
719 2047 795 2078 231.
841 2065 879 2070 —

80 2093 246 2125 immanis
268 2096 307 2125 cf.
334 2093 387 2124 49.

126 2139 179 2170 78.
206 2137 398 2171 bacchatur
423 2141 463 2170 cf.
490 2139 521 2179 4,
543 2138 620 2169 301.
652 2156 691 2160 —
727 2137 756 2170 si
783 2140 825 2170 cf.
855 2138 884 2179 1,

126 2230 181 2261 79.
208 2229 400 2262 excussisse
436 2232 475 2262 cf.
506 2230 542 2269 3,
575 2229 651 2260 431.
711 2229 885 2261 Excutere

82 2275 184 2307 deum
207 2277 238 2315 5,
264 2275 339 2307 679.
373 2280 446 2307 Sen.
468 2279 586 2314 Agam.
611 2275 674 2305 791
709 2274 798 2306 Dum
827 2285 884 2306 ex-

81 2320 194 2352 cutiat
238 2321 340 2352 deum
383 2325 591 2360 Cassandra,
634 2320 790 2352 retinete.
839 2338 884 2343 ——

88 2366 202 2397 Tanto
226 2365 356 2408 magis,
380 2373 499 2404 quanto
520 2369 626 2405 magis
650 2369 710 2397 illa
732 2368 864 2397 resistit.

127 2411 181 2442 80.
207 2410 543 2454 domat‚fingitque
564 2412 763 2453 premendo.
814 2416 883 2442 Non

82 2462 132 2487 est
158 2458 298 2493 simplex
322 2460 453 2496 premit,
490 2461 546 2489 sed
580 2461 751 2495 premendo
786 2460 879 2497 cogit,

81 2508 117 2532 ut
148 2504 194 2532 ita
225 2512 261 2532 se
293 2506 410 2533 habeat
433 2505 579 2543 Sibylla,
616 2507 771 2540 quomodo
798 2507 879 2534 vult.

82 2550 265 2578 Similitudo
292 2551 330 2578 de
361 2551 456 2585 equis
484 2555 631 2586 sumpta3
676 2551 723 2579 ita
753 2551 881 2580 varius

81 2602 133 2630 ap.
172 2597 271 2624 Macr.
298 2592 335 2632 6,
365 2593 464 2632 2,19
501 2594 662 2636 Angusto
694 2593 795 2635 prius
825 2604 883 2625 ore

80 2648 240 2670 coercens
269 2637 442 2670 insultare
476 2638 573 2670 docet
604 2640 736 2680 campis
751 2640 886 2683 fingit-

81 2693 147 2726 qne
178 2683 360 2715 morando.
413 2683 565 2726 Fingere
590 2684 766 2724 zureiten‚
804 2695 884 2727 pre-

81 2739 173 2760 mere
196 2729 338 2772 ziigeln.

127 2775 181 2805 81.
205 2779 374 2817 patuere.-
416 2777 589 2805 Poetarum
622 2785 709 2806 more
740 2778 884 2808 effectum

81 2823 191 2852 statim
217 2823 378 2852 indicatur
405 2823 488 2857 quod
514 2822 545 2850 fit
568 2822 607 2851 cf.
634 2821 665 2859 2,
690 2820 767 2852 442.

127 2866 180 2897 82.
207 2870 328 2907 sponte
355 2876 417 2896 sua
439 2868 477 2897 cs.
503 2869 543 2896 ad
567 2876 599 2896 v.
623 2866 676 2896 52.

126 2911 180 2942 83.
209 2911 363 2954 defungi
387 2913 427 2943 cf.
453 2912 483 2951 9,
510 2911 563 2941 98.

126 2957 180 2988 84.
205 2961 319 2989 terrae
343 2960 437 2999 ΜΡγ.
483 2960 577 2988 terra
612 2958 690 2988 Rbc.
740 2956 882 2996 „Terra

80 3003 198 3040 legitur
226 3009 257 3034 et
284 3006 421 3041 terrae;
462 3012 563 3034 unum
592 3007 699 3033 tamen
729 3002 810 3034 est.“
848 3007 880 3034 S.

930 1458 969 1488 cf.
1005 1455 1065 1495 10,
1088 1454 1173 1493 27ος
1215 1456 1270 1486 ubi
1309 1459 1423 1487 terrae
1462 1458 1570 1487 locum
1602 1459 1734 1496 signare

929 1512 1027 1539 posse
1053 1505 1198 1539 docetur3
1241 1504 1298 1531 sed
1328 1506 1472 1538 praestat
1499 1507 1617 1533 habere
1642 1506 1733 1541 geni-

929 1551 1033 1579 tivum
1058 1557 1078 1578 a
1100 1545 1262 1588 pericula
1293 1551 1494 1585 pendentem.
1527 1566 1565 1570 —
1604 1548 1735 1580 Lavini

929 1598 1027 1629 Mss.,
1063 1596 1123 1624 3111
1151 1591 1284 1624 Latini.
1333 1593 1403 1630 „In
1437 1603 1551 1636 regna
1587 1593 1735 1633 Lavini,-

930 1642 989 1670 alii
1017 1637 1141 1670 Latini
1164 1642 1293 1678 legunt,
1320 1641 1415 1670 cuius
1441 1644 1516 1671 tunc
1537 1646 1644 1671 erant:
1677 1644 1734 1672 sed

929 1687 1007 1721 (11113
1032 1687 1147 1715 divina
1171 1687 1330 1723 loquitur3
1355 1687 1465 1716 futura
1484 1686 1733 1724 praeoccupat.“

929 1735 961 1761 S.
985 1732 1024 1762 ef.
1050 1730 1080 1770 4,
1106 1730 1182 1760 236.

973 1776 1028 1806 85.
1054 1775 1152 1806 mitte
1177 1784 1311 1805 curam.
1360 1776 1407 1806 Cf.
1432 1778 1508 1807 Hor.
1531 1779 1565 1808 C.
1589 1777 1620 1815 3,
1637 1777 1668 1816 8,
1690 1777 1732 1808 17

926 1819 1026 1852 mitte
1044 1820 1164 1851 civites
1188 1829 1292 1861 super
1318 1819 1406 1850 Urbe
1422 1831 1536 1852 curas.
1584 1825 1659 1854 Liv.
1679 1823 1733 1864 30,

928 1866 946 1897 3
971 1876 1092 1897 curam
1117 1876 1157 1897 ex
1183 1865 1300 1896 animo
1325 1864 1480 1897 miserat.

973 1912 1028 1942 86.
1054 1910 1188 1942 venisse
1216 1910 1330 1942 volent
1357 1915 1408 1942 Gr.
1435 1914 1456 1949 S
1483 1913 1560 1951 ⁴168,
1585 1914 1615 1944 3.

974 1957 1028 1988 87.
1056 1967 1179 1988 cerno.-
1212 1960 1295 1987 Nam
1317 1960 1401 1994 quod
1421 1960 1521 1989 instat
1545 1961 1612 1991 13111
1636 1963 1732 1997 quasi

929 2012 1088 2040 praesens
1115 2005 1224 2033 animo
1249 2004 1348 2033 videt.

975 2048 1029 2079 88.
1060 2047 1189 2079 Dorica
1215 2052 1335 2079 castra
1360 2051 1398 2080 cf.
1420 2048 1451 2087 2,
1478 2048 1530 2080 27.
1580 2053 1650 2080 Non
1671 2053 1733 2081 mi-

932 2103 995 2124 nus
1015 2100 1110 2124 atrox
1133 2097 1255 2124 bellum
1274 2096 1402 2133 orietur,
1424 2103 1521 2131 quam
1540 2098 1630 2132 prius
1658 2098 1729 2127 fuit.

977 2138 1030 2169 89.
1058 2138 1151 2169 alius
1169 2137 1342 2169 Achilles.-
1366 2143 1506 2179 Turnus,
1530 2143 1616 2172 filius
1636 2152 1732 2179 nym-

931 2188 1015 2221 phae
1039 2186 1192 2214 Veniliae
1227 2185 1266 2214 cf.
1296 2184 1351 2222 10,
1378 2185 1431 2215 76.
1473 2202 1511 2207 —
1552 2186 1732 2225 defuerim

932 2247 978 2252 -
999 2229 1174 2260 oraveris:
1225 2230 1260 2258 Si
1294 2231 1371 2265 quid
1400 2233 1554 2261 volebant
1591 2234 1732 2263 Romani

932 2278 1015 2312 quod
1044 2277 1189 2305 futurum
1212 2280 1296 2312 erat,
1328 2280 1363 2305 ut
1389 2281 1526 2315 certum,
1560 2278 1659 2307 simul
1682 2284 1732 2308 ta—

930 2331 1003 2352 men
1029 2331 1101 2352 cum
1125 2322 1239 2356 aliqua
1256 2322 1439 2351 urbanitate
1463 2324 1600 2361 edicere,
1624 2324 1731 2354 futuro

931 2373 1046 2398 exacto
1079 2368 1237 2397 dicebant.
1288 2367 1335 2396 Cf.
1367 2370 1418 2397 Gr.
1447 2369 1468 2404 ἓ
1502 2367 1577 2397 460.
1635 2371 1729 2399 Caes.

930 2415 995 2443 BG.
1027 2411 1065 2451 4,
1093 2412 1135 2441 25
1179 2411 1260 2453 Ego
1293 2414 1384 2442 certe
1426 2421 1537 2442 meum
1573 2413 1732 2454 officium

927 2457 1150 2499 praestitero.
1201 2459 1248 2488 Cf.
1280 2455 1316 2497 9,
1346 2456 1419 2488 154.
1446 2457 1523 2487 281.
1565 2457 1625 2498 10,
1653 2459 1729 2490 334.

930 2503 982 2541 12,
1009 2503 1085 2534 316.
1707 2519 1709 2521 ·

975 2548 1028 2579 90.
1055 2558 1117 2579 uec
1151 2547 1280 2579 addita
1313 2547 1400 2579 Iuno
1438 2547 1562 2579 aberit.
1623 2553 1733 2587 Neque

928 2596 963 2625 in
988 2593 1076 2625 addi
1100 2604 1158 2625 nec
1180 2596 1214 2623 in
1239 2592 1378 2631 abesse,
1422 2604 1479 2624 neo
1504 2597 1609 2633 magis
1634 2605 1731 2632 quam

928 2642 963 2670 111
987 2639 1111 2670 adesse
1135 2642 1173 2670 cs.
1200 2638 1230 2677 4,
1257 2638 1338 2677 386,
1376 2641 1477 2670 animi
1500 2649 1562 2676 quo
1584 2643 1658 2677 quis
1683 2648 1732 2672 est

930 2687 1060 2723 signum
1092 2686 1260 2722 reperitur.
1311 2687 1447 2715 Iunonis
1470 2692 1577 2716 autem
1601 2689 1731 2719 animus

929 2737 1025 2762 notus
1052 2736 1120 2762 erat
1145 2734 1289 2761 Aeneae.

978 2776 1031 2806 91.
1059 2786 1162 2818 quum
1186 2793 1231 2797 —
1255 2785 1344 2817 quas
1369 2792 1411 2796 ——
1437 2786 1535 2817 quas.
1582 2781 1634 2809 Ex
1654 2788 1732 2810 nar-

931 2824 1056 2852 ratione
1081 2832 1137 2858 per
1163 2830 1265 2862 quum
1290 2823 1449 2861 instituta,
1471 2825 1589 2854 transit
1614 2826 1647 2853 in
1673 2835 1731 2856 ex-

932 2869 1167 2899 clamationem.
1217 2870 1330 2903 Itaque
1353 2877 1416 2897 non
1440 2877 1522 2905 opus
1548 2875 1596 2899 est
1620 2879 1731 2901 emen-

929 2916 1058 2944 datione
1080 2914 1253 2943 levissima
1286 2910 1351 2942 Pli.
1376 2922 1480 2953 quam
1505 2931 1550 2935 —
1577 2925 1665 2957 quas
1688 2932 1731 2937 —

930 2968 1029 3001 quas.

976 3003 1029 3034 93.
1056 3001 1209 3045 hospita,
1232 3007 1377 3044 externa,
1398 3005 1553 3036 Lavinia.
