2023 3350
293 129 376 167 470

293 237 588 287 Dardanidae,
623 236 962 290 pharetramque
998 236 1101 291 fuga
1135 252 1304 280 sensere
1340 243 1577 281 sonantem.

866 124 902 156 P.
927 123 1123 156 VIRGILII
1150 124 1358 157 MARONJS

1855 240 1938 279 660

294 298 409 350 Ergo
449 295 622 336 avidum
658 307 829 347 pugnae
864 294 992 336 dictis
1029 309 1079 336 ac
1116 297 1288 338 numine
1327 297 1488 339 Phoebi

293 354 526 396 Ascanium
565 352 814 406 prohibent3
851 353 935 406 ipsi
969 353 1015 394 in
1050 355 1289 396 certamina
1325 370 1474 397 rursus

296 410 554 461 Succedunt,
596 410 850 463 animasque
887 410 932 452 in
968 414 1121 464 aperta
1160 412 1352 466 pericula
1386 414 1574 456 mittunt.

293 470 336 511 It
373 469 537 510 clamor
572 468 677 509 totis
715 482 792 522 per
827 469 1156 523 propugnacula
1195 470 1351 523 muris3

294 526 527 569 Intendunt
563 540 684 568 acres
726 540 869 578 arcus,
907 531 1188 581 armentaque
1226 531 1442 582 torquent.

1855 534 1942 573 665

297 585 513 627 Sternitur
550 598 672 626 omne
713 584 851 625 solum
886 585 1003 637 telis;
1038 588 1131 626 tum
1168 588 1291 627 scuta
1327 600 1542 641 cavaeque

295 643 413 685 Dant
449 642 637 684 sonitum
669 642 789 684 flictu
825 643 996 696 galeae;
1033 656 1181 697 pugna
1217 657 1371 698 aspera
1404 648 1563 700 surgit:

297 701 492 752 Quantus
535 700 589 742 ab
628 714 784 742 occasu
819 701 992 742 veniens
1032 701 1293 755 pluvialibus
1333 701 1496 746 Haedis

296 758 511 801 Verberat
549 757 687 800 imber
724 758 917 811 humum,
955 773 1085 813 quam
1121 760 1260 800 multa
1297 761 1504 813 grandine
1541 761 1677 804 nimbi

295 817 346 859 In
386 816 496 858 vada
529 816 836 870 praecipitant,
876 832 1007 871 quum
1042 817 1239 871 Iuppiter
1279 817 1479 862 horridus
1518 821 1676 862 austris

1863 821 1945 860 670

296 875 487 929 Torquet
527 888 735 929 aquosam
769 875 953 917 hiemem
989 878 1031 917 et
1067 875 1185 916 caelo
1225 889 1329 917 cava
1367 878 1517 920 nubila
1555 877 1730 931 rumpit.

412 932 636 974 Pandarus
671 937 713 975 et
748 933 903 984 Bitias,
940 933 1070 975 Idaeo
1117 933 1332 975 Alcanore
1372 937 1490 988 creti,

298 991 414 1042 Quos
454 991 566 1033 Iovis
604 991 753 1033 eduxit
788 991 883 1033 luco
925 991 1134 1033 silvestris
1174 992 1310 1043 Iaera,

297 1049 525 1091 Abietibus
559 1049 732 1091 iuvenes
764 1049 919 1104 patriis
958 1053 1002 1091 et
1038 1049 1258 1091 montibus
1297 1063 1471 1104 aequos,

299 1200 375 1232 659.
399 1219 444 1222 »-
468 1200 544 1232 671.
598 1199 768 1232 Animum
794 1199 923 1232 tollunt
947 1199 1096 1232 Troiani.

345 1248 420 1278 660.
445 1246 649 1288 pharetram
680 1251 880 1278 sonantem.-
924 1256 995 1277 cnm
1018 1256 1096 1278 arcu

299 1295 383 1323 enim
418 1300 448 1323 et
474 1297 629 1330 pharetra
650 1303 783 1330 semper
811 1300 877 1324 est:
923 1288 1098 1333 ἔκλαγξαν

301 1333 382 1379 δ’ἅῤ
412 1333 532 1369 ὀϊστοί
568 1343 662 1370 Hom.
702 1342 740 1370 lt.
767 1340 801 1378 l,
841 1339 893 1369 46.
921 1356 965 1359 —
986 1340 1098 1381 suga,

300 1387 387 1415 abitu
414 1387 515 1415 celeri
540 1387 580 1415 cf.
612 1386 638 1423 l,
665 1384 741 1415 317.

346 1431 422 1461 661.
450 1433 639 1469 Ascanius,
690 1441 788 1466 quum
834 1433 989 1460 laudatus
1045 1432 1099 1468 sit,

300 1479 457 1513 Apolline
492 1483 642 1513 vetante,
685 1487 774 1506 more
814 1486 1006 1513 puerorum,
1046 1479 1100 1506 vel

300 1525 406 1557 magis
433 1524 596 1553 excitatur
625 1532 720 1559 quam
746 1525 939 1552 retardatur.

347 1569 423 1599 663.
450 1574 529 1599 Sunt
547 1571 579 1599 in
597 1572 659 1599 hac
678 1571 864 1599 narratione
883 1572 995 1603 multa,
1015 1577 1099 1604 quae

300 1617 543 1652 reprehendere
562 1617 632 1644 iure
659 1617 784 1652 possis,
812 1621 887 1644 sunt
913 1616 1025 1649 aliqua
1043 1617 1101 1644 ob-

301 1670 420 1695 scura,
459 1666 492 1691 ut
536 1663 565 1690 si
601 1664 772 1690 Remulum
807 1665 988 1690 Numanum
1023 1662 1103 1689 dixit

301 1709 430 1737 duobus
454 1708 653 1743 nominibus,
680 1716 777 1742 quum
803 1708 858 1735 iilo
880 1713 1026 1742 tempore
1045 1710 1103 1735 bo-

300 1755 406 1783 mines
434 1762 533 1782 unum
557 1756 679 1782 babere
710 1756 873 1788 solerent;
903 1754 932 1782 si
963 1755 1101 1781 alteram

301 1800 401 1829 Turni
428 1800 514 1836 fingit
532 1808 693 1836 sororem,
722 1808 818 1833 quum
836 1804 953 1834 postea
970 1801 1104 1827 Iuturna

302 1851 424 1875 tantum
458 1850 666 1874 memoretur.
721 1847 760 1874 At
797 1852 994 1880 quamquain
1027 1849 1104 1873 sunt

304 1894 457 1929 obscura,
483 1900 547 1920 non
568 1893 790 1920 adversantur
815 1892 965 1925 reliquae
990 1898 1105 1920 narra·

302 1938 392 1975 tioni,
422 1946 528 1972 neque
554 1939 641 1972 quod
666 1939 835 1972 singulare
858 1937 980 1972 aliquid
1009 1945 1105 1972 repe-

301 1984 382 2013 ritur
405 1989 436 2012 ut
453 1982 564 2022 fictor
583 1981 711 2020 fandi,
735 1989 789 2012 aut
815 1985 900 2018 quod
927 1985 1025 2011 multa
1052 1983 1104 2011 his

301 2030 458 2059 versibus
486 2035 678 2064 repetuntur
703 2038 747 2058 ex
772 2035 838 2058 toto
865 2030 1020 2065 carmine,
1044 2037 1105 2057 nec

303 2084 387 2111 quae
425 2076 489 2104 alia
515 2076 657 2111 singulis
690 2077 844 2104 versibus
878 2081 991 2103 notata
1018 2079 1104 2104 sunt.

302 2122 385 2152 satis
411 2126 563 2156 movent,
598 2126 628 2149 ut
656 2125 755 2149 totum
783 2124 893 2150 locum
919 2129 938 2149 a
969 2121 1104 2155 Virgilio

303 2174 456 2203 putemus
483 2168 636 2196 alienum.
685 2169 806 2202 Aptum
831 2168 899 2203 est',
926 2169 1012 2201 quod
1039 2175 1105 2202 res,

303 2222 398 2249 quam
428 2214 561 2249 primam
589 2215 673 2242 bello
703 2214 807 2248 gessit
827 2213 1008 2242 Ascanius.
1035 2221 1105 2241 me-

302 2265 459 2296 moratur,
486 2265 612 2294 aptum,
646 2261 730 2294 quod
759 2260 791 2288 in
817 2262 912 2288 hoste
938 2259 1037 2287 nobiti
1063 2259 1103 2294 stt,

303 2311 429 2343 aptum,
465 2307 551 2340 quod
581 2306 637 2333 iile
668 2308 838 2334 Numanus
871 2305 990 2334 obiicit.
1046 2305 1107 2333 Rei

303 2353 491 2388 dignitatem
529 2356 628 2387 auget
658 2352 710 2380 dei
741 2352 959 2380 interventus.
1017 2352 1106 2384 Apta

303 2399 401 2427 etiam
432 2400 537 2426 Butae
567 2398 712 2426 laudatio
746 2402 775 2426 et
813 2405 831 2426 a
861 2398 956 2426 bellis
986 2398 1106 2425 dehor-

303 2444 394 2480 tatio,
427 2451 467 2472 ne
493 2443 674 2478 periculum
702 2446 817 2472 subeat
849 2444 1020 2472 Ascanius
1047 2445 1106 2471 ab-

304 2495 398 2519 sente
434 2491 560 2518 Aenea.
609 2490 677 2517 Iam
713 2497 793 2518 vero
822 2490 895 2522 uuis
921 2490 1009 2517 alius
1034 2488 1106 2517 sin-

304 2538 384 2572 gula
406 2535 558 2565 finxerit?
608 2536 699 2569 Quae
727 2543 808 2563 vere
833 2535 929 2563 obiici
950 2539 1104 2570 possunt,

305 2587 358 2611 aut
383 2589 422 2611 ea
448 2585 536 2618 sunt,
562 2588 647 2615 quae
665 2581 762 2609 etiam
788 2581 864 2609 alibi
891 2586 989 2616 poeta
1012 2588 1107 2608 com-

304 2628 409 2664 misit,
455 2631 510 2656 aut
550 2634 608 2661 ea,
649 2635 734 2661 quae
772 2627 891 2655 iterata
919 2634 1001 2655 cura
1036 2630 1105 2654 erat

303 2675 549 2702 emendaturus.
598 2674 706 2708 Atque
727 2673 780 2701 bic
807 2673 903 2701 etiam
929 2675 1027 2701 locus
1054 2672 1106 2700 fir·-

304 2724 368 2749 mat
394 2719 574 2754 rationem,
612 2726 677 2753 qua
703 2727 799 2748 usum
824 2719 930 2747 fuisse
957 2719 988 2747 in
1014 2726 1105 2747 com-

305 2766 455 2801 ponendo
503 2765 648 2794 carmine
688 2765 860 2800 Virgilium
903 2763 1107 2799 grammatici

303 2816 449 2841 narrant.
498 2810 539 2839 cf.
567 2810 599 2847 6,
622 2809 699 2839 545.

349 2855 426 2886 664.
452 2858 501 2885 De
523 2858 667 2885 clamore
695 2856 736 2885 cf.
767 2855 817 2891 ll,
849 2854 928 2884 622.

349 2901 426 2932 665.
453 2901 662 2939 „Ameatnm
689 2907 740 2931 est
765 2904 889 2936 lorum,
916 2909 979 2935 quo
1000 2901 1108 2929 media

304 2951 402 2977 hasta
426 2948 584 2983 religatur
606 2953 635 2976 et
659 2947 812 2977 iacitur.“
847 2950 879 2976 S.
906 2949 955 2975 Ita
981 2948 1041 2975 ov.
1065 2948 1107 2974 M.

306 2993 363 3025 12,
399 2993 463 3022 321
507 2991 632 3023 inserit
673 2996 812 3022 amento
854 2990 1006 3033 digitos,
1048 3000 1110 3020 nec

304 3035 411 3078 plura
441 3041 598 3069 moratus
630 3036 667 3068 in
700 3037 860 3068 iuvenem
889 3035 990 3068 torsit
1012 3034 1110 3067 iacu-

1146 1201 1229 1233 lum.
1268 1203 1305 1241 7,
1331 1203 1409 1234 788.
1447 1204 1504 1232 Sil.
1527 1201 1565 1239 4,
1603 1200 1644 1231 14
1674 1197 1780 1231 hasta
1804 1198 1951 1231 iuuatur

1147 1252 1296 1279 amento.

1191 1295 1267 1324 667.
1294 1299 1397 1325 Scuta
1420 1300 1451 1323 et
1474 1296 1609 1331 galeae,
1644 1294 1763 1329 quibus
1789 1298 1949 1323 constans

1146 1342 1313 1377 epitheton
1350 1349 1476 1375 cavae,
1511 1345 1631 1369 sonant
1663 1341 1847 1368 iaculorum
1878 1340 1952 1368 icti-

1147 1390 1219 1416 bus.
1247 1385 1410 1426 —flictu
1427 1391 1521 1415 serv.
1543 1389 1591 1415 lta
1610 1387 1781 1415 Pacuvius
1803 1388 1951 1415 Teucro.-

1147 1432 1262 1462 frictus
1301 1430 1464 1469 nauium,
1505 1438 1535 1461 et
1575 1434 1742 1461 vocabulo
1781 1432 1832 1461 usi
1873 1436 1951 1461 sunt.

1148 1485 1265 1514 postea
1288 1480 1390 1509 Silius
1413 1477 1462 1515 14,
1487 1478 1566 1515 558,
1594 1478 1645 1507 ubi
1670 1479 1768 1507 etiam
1780 1475 1952 1517 fluctibus

1147 1526 1283 1561 legitur,
1309 1531 1338 1554 et
1356 1527 1482 1554 Auson.
1505 1525 1607 1559 Epist.
1627 1523 1688 1559 25,
1707 1524 1753 1553 20
1782 1521 1952 1563 Cymbala

1148 1568 1236 1600 dant
1250 1569 1357 1609 flictu
1380 1569 1543 1605 sonitum.
1560 1575 1590 1598 et
1608 1567 1742 1610 fligero
1757 1570 1839 1599 dixit
1855 1572 1952 1599 Lucr.

1147 1616 1179 1646 2.
1205 1616 1249 1645 85
1291 1614 1401 1646 Obvia
1428 1625 1530 1656 quum
1549 1614 1688 1655 flia-ere.
1744 1618 1861 1651 Itaque
1889 1616 1954 1645 etsi

1150 1664 1316 1697 antiquum
1355 1668 1423 1692 erat
1448 1667 1477 1691 et
1504 1670 1612 1691 rarum
1639 1664 1853 1697 vocabulum,
1886 1671 1951 1691 non

1148 1715 1257 1737 tamen
1294 1711 1489 1737 obsoletum.
1542 1705 1691 1746 adflicta
1723 1710 1759 1737 R.
1804 1705 1953 1743 adflicta

1149 1758 1191 1783 M.
1220 1757 1319 1783 verbo
1348 1755 1529 1791 usitatiore,
1548 1752 1665 1793 fluctu
1685 1753 1738 1793 yt.
1756 1768 1801 1773 —
1824 1751 1954 1793 Pugna

1151 1808 1278 1838 aspera
1307 1798 1424 1841 surgit
1452 1799 1512 1835 tt,
1545 1799 1622 1828 635.
1655 1800 1721 1828 Sic.
1751 1801 1822 1829 val.
1848 1802 1895 1829 ΡΙ.
1921 1799 1953 1838 4,

1150 1845 1218 1875 455
1240 1844 1428 1885 surgitque
1456 1843 1652 1874 miserrima
1678 1853 1816 1884 pugna.

1196 1891 1273 1920 668.
1298 1889 1521 1932 pluvialibus
1545 1888 1680 1920 Haedis
1699 1893 1765 1920 abl.
1784 1892 1952 1926 temporis.

1151 1939 1272 1973 Haedi,
1304 1940 1424 1966 stellae
1455 1939 1486 1967 in
1514 1938 1630 1973 signo,
1665 1937 1719 1966 cui
1747 1938 1870 1971 Auriga
1895 1946 1956 1966 no-

1152 1992 1224 2012 men
1251 1988 1318 2018 est.
1353 1992 1437 2018 quae
1465 1992 1562 2018 uuum
1594 1984 1683 2012 circa
1708 1984 1954 2018 aequinoctium

1151 2032 1342 2058 autumnale
1371 2031 1533 2067 oriantur,
1566 2034 1685 2058 ventos
1716 2037 1851 2058 movere
1895 2037 1956 2065 pu-

1151 2078 1318 2111 tabantur,
1353 2084 1437 2110 quae
1471 2085 1510 2104 eo
1544 2081 1691 2110 tempore
1722 2084 1801 2104 esse
1833 2077 1955 2104 solent.

1153 2123 1265 2151 Austri
1299 2126 1407 2150 autem
1440 2123 1562 2150 imbres
1588 2121 1705 2150 ferunt.
1755 2123 1831 2150 Hor.
1860 2122 1895 2150 C.
1922 2119 1954 2157 3,

1153 2167 1184 2205 1,
1206 2167 1251 2196 28
1273 2176 1399 2196 saevus
1425 2166 1574 2207 impetus
1600 2164 1745 2195 orientis
1771 2164 1900 2196 Haedi.

1197 2213 1274 2243 669.
1302 2212 1479 2242 verberat:
1502 2214 1546 2242 ita
1572 2215 1650 2242 Hor.
1675 2215 1695 2241 l.
1715 2215 1736 2242 l.
1755 2221 1817 2241 nec
1838 2209 1957 2241 verbe-

1149 2262 1253 2288 ratae
1267 2257 1446 2298 grandine
1465 2257 1596 2288 vineae.
1623 2261 1671 2288 lta
1687 2267 1749 2287 nos
1767 2255 1957 2297 pcilschen.

1151 2308 1187 2335 In
1220 2306 1321 2334 imbre
1356 2305 1543 2334 vehementi
1581 2314 1645 2333 non
1687 2305 1840 2333 videntur
1877 2312 1956 2333 esse

1152 2352 1305 2383 singulae
1332 2356 1455 2386 guttae,
1481 2353 1541 2380 sed
1561 2351 1642 2379 radii
1663 2351 1808 2380 continui
1828 2350 1956 2379 similes

1151 2398 1234 2426 loris
1266 2397 1395 2432 flagelli.
1458 2397 1668 2432 Comparatio
1706 2398 1842 2426 telorum
1881 2404 1955 2425 cum

1152 2444 1311 2479 grandine
1347 2444 1461 2472 eadem
1500 2443 1558 2479 10,
1591 2442 1676 2476 803;
1710 2447 1741 2471 et
1776 2444 1835 2471 ΟΥ.
1858 2445 1899 2471 Μ.
1923 2441 1956 2478 5,

1158 2488 1235 2522 158.
1270 2489 1364 2517 nobis
1397 2489 1536 2525 usitata,
1577 2489 1630 2524 qui
1664 2489 1774 2518 dicere
1805 2490 1955 2518 solemus

1156 2532 1397 2574 Kugelrcgen.

1198 2580 1275 2609 670.
1302 2577 1336 2608 iu
1378 2577 1472 2609 vada
1513 2580 1632 2613 maris;
1673 2579 1806 2615 grandis
1844 2579 1953 2612 imago

1152 2627 1323 2662 grandinis
1357 2626 1389 2655 in
1418 2633 1508 2655 mare
1537 2627 1773 2655 tumultuosum
1800 2624 1955 2653 deciden-
1992 2630 1999 2640 ·

1152 2673 1203 2701 tis.
1231 2688 1275 2691 —
1301 2673 1447 2707 Iuppiter
1468 2672 1541 2706 ipse
1556 2671 1643 2707 cogit
1667 2672 1810 2708 pluvias,
1828 2677 1956 2705 easque
1994 2687 1998 2696 =‚

1151 2718 1283 2748 discutit
1310 2718 1514 2747 fulminibus.

1156 2795 1232 2827 672.
1250 2813 1294 2818 ——
1314 2795 1391 2827 693.
1434 2792 1619 2826 Pandarus
1651 2796 1685 2825 et
1705 2791 1813 2824 Bitias
1837 2794 1957 2833 portas

1463 2838 1660 2872 recludunt.

1201 2900 1277 2929 673.
1305 2900 1395 2929 lovis
1433 2901 1530 2928 lucus
1568 2902 1634 2928 erat
1671 2897 1703 2926 in
1739 2897 1798 2925 Ida
1835 2901 1957 2934 monte,

1157 2952 1244 2976 certe
1269 2946 1336 2981 ipsi
1360 2946 1431 2974 Iovi
1450 2947 1507 2974 lda
1529 2951 1627 2974 sacra
1649 2948 1729 2971 erat.
1754 2959 1799 2962 —
1825 2940 1958 2981 eduxit,

1157 2993 1312 3022 educavit
1337 2996 1369 3020 ut
1392 2990 1424 3023 8.
1447 2989 1524 3018 413.

1203 3035 1281 3067 674.
1309 3039 1357 3066 De
1390 3034 1612 3071 magnitudine
1639 3033 1681 3063 cf.
1706 3032 1760 3070 12,
1781 3033 1858 3063 700.
