2023 3350
747 87 988 122 AENEIDOS
1021 89 1109 122 LIB.
1136 89 1195 123 VI.

1715 91 1797 130 317

139 206 231 248 Nec
265 219 366 248 vero
399 203 573 247 Alcides
611 205 784 246 tantum
819 203 989 246 telluris
1026 203 1185 257 obivitg

141 264 193 319 [F
196 264 326 306 ixerit
363 262 608 317 aeripedem
648 275 819 304 cervam
856 262 976 314 licet,
1015 266 1091 304 aut
1123 261 1378 318 Erymanthi

141 322 317 364 Pacarit
350 334 546 371 nemora,
590 323 633 362 et
671 320 857 361 Lernam
893 321 1184 363 tremefecerit
1220 321 1365 376 arcu:]

142 380 231 421 Nec
266 380 340 434 qui
375 378 618 434 pampineis
656 378 797 419 victor
835 378 937 432 iuga
970 378 1109 421 flectit
1147 378 1329 420 habenis

1716 378 1800 419 805

142 437 293 488 Liber,
333 451 464 491 agens
502 436 616 478 celso
654 437 797 491 Nysae
838 436 889 478 de
925 438 1086 479 vertice
1122 437 1269 492 tigres.

142 496 200 537 Et
237 495 488 537 dubitamus
523 494 667 536 adhuc
703 495 907 536 virtutem
943 495 1175 537 extendere
1208 493 1372 536 factis?

141 554 232 595 Aut
271 557 411 596 metus
445 553 639 595 Ausonia
680 552 883 607 prohibet
925 555 1160 596 consistere
1194 552 1344 595 terra‘?

142 707 222 736 Luc.
250 705 287 742 5,
323 704 389 735 268
425 703 519 745 Quid
556 704 656 736 iuuat
685 705 822 736 Arveois
855 704 950 736 Rho-

143 750 238 781 claim
269 749 458 792 Rhenoque
487 750 654 782 subactis.
710 755 778 783 Tib.
809 750 836 788 l,
859 751 889 790 7,
918 751 947 782 4.

191 795 268 827 802.
296 799 456 834 Respexit
494 800 568 835 Vgl.
610 801 650 828 ad
687 800 820 834 itinera,
867 808 951 835 quae

143 845 318 881 Augustus
344 845 416 874 fecit
449 846 489 873 ad
523 846 712 880 provincias
741 847 949 875 ordinandas

143 891 297 928 Alcides,
349 892 506 921 Hercules
550 895 648 920 totum
685 892 749 921 fere
792 897 951 921 terrarum

144 939 253 966 orbem
279 937 373 974 obiit,
412 938 489 972 quid
521 940 603 972 quod
638 946 712 966 eum
738 940 846 967 Solem
877 947 951 968 esse

144 987 275 1019 putant,
301 984 356 1018 qui
383 987 481 1012 totam
507 988 625 1012 terram
651 989 799 1019 permeet.

191 1027 270 1057 8⁰3.
297 1030 405 1058 Cerva
439 1035 487 1057 est
517 1030 702 1066 Cerynitis,
742 1023 950 1069 χαλκόπους

144 1075 232 1105 dicta
255 1077 294 1104 ob
319 1076 517 1105 celeritatem
541 1076 758 1112 iiitlefessani3
784 1077 869 1105 unde
893 1083 946 1105 ae-

145 1121 233 1156 ripes
257 1121 375 1151 dicitur
393 1123 491 1151 etiam
514 1130 534 1151 a
553 1123 645 1151 Silio.
695 1120 822 1162 Figere
842 1127 949 1151 autem

145 1169 252 1197 solum
277 1168 395 1204 legitur
420 1176 459 1197 ea
484 1168 535 1199 vi.
569 1176 634 1203 qua
664 1173 711 1197 est
745 1165 812 1196 telo
835 1166 951 1207 sigere

145 1213 185 1243 cf.
221 1214 258 1250 5,
290 1212 367 1242 516.
425 1215 566 1244 Cervam
605 1218 712 1243 autem
743 1214 837 1242 illam
869 1215 951 1242 Her-

146 1262 238 1290 cules
268 1268 366 1289 cursu
398 1261 530 1290 debebat
563 1260 736 1295 consequi,
772 1268 834 1288 non
865 1260 949 1289 telis.

146 1308 261 1341 Itaque
284 1307 359 1343 Vgl.
385 1306 551 1343 ignoravit
576 1307 757 1341 historiam,
787 1310 841 1334 aut
868 1305 951 1336 lirc-

145 1350 193 1382 rit
228 1361 284 1387 pro
326 1352 454 1392 ceperit
494 1353 585 1382 dixit.
649 1353 733 1381 Illud
767 1351 853 1381 credi
887 1360 951 1380 non

146 1403 268 1435 potest,
311 1401 371 1428 hoc
402 1407 467 1428 non
498 1403 547 1428 est
579 1399 755 1428 ferendum.
793 1413 830 1417 -
865 1399 951 1434 Ery-

146 1445 273 1474 manthi
298 1446 432 1480 pacavit
460 1452 608 1479 nemora,
641 1445 696 1480 qui
729 1452 860 1479 aprum,
895 1445 951 1479 qui

147 1498 219 1521 eam
244 1491 411 1528 regionem
436 1491 622 1527 infestabat,
648 1491 794 1524 sustulit,
821 1491 865 1519 ita
891 1491 949 1519 sil.

149 1536 188 1575 2,
218 1535 283 1566 483
318 1535 468 1566 Nemeae
489 1540 639 1576 pacator
664 1542 712 1566 est
738 1538 896 1566 Hercules
924 1540 953 1565 et

147 1584 208 1613 Ov.
240 1586 283 1612 M.
320 1580 358 1620 7,
400 1581 465 1611 405
501 1584 649 1613 Theseus
684 1584 792 1613 occiso
828 1584 954 1612 latrone

147 1626 314 1658 bimarem
354 1633 548 1668 pacat-crat
594 1627 759 1660 Isthmon.
833 1630 877 1658 At
925 1630 954 1657 si

148 1675 281 1711 pacavit
313 1677 570 1711 Erymantbum,
613 1685 676 1705 non
711 1679 797 1705 recte
838 1675 955 1705 dicitur

147 1722 370 1751 tremefeeisse
405 1723 563 1757 Lernam,
609 1731 704 1757 quem
744 1724 850 1750 locum
892 1730 955 1749 non

148 1768 258 1797 minus
284 1768 436 1804 pacavit3
467 1768 644 1797 tremefecit
671 1770 854 1797 Lernaeam
886 1776 956 1796 ser-

149 1819 287 1849 pentem.
337 1815 407 1842 Iam
439 1822 518 1842 vero
553 1815 606 1842 liis
635 1815 787 1843 versibus
814 1822 877 1841 non
904 1822 955 1842 er-

150 1868 240 1889 rores
275 1860 479 1889 continentur
516 1861 668 1889 Herculis
710 1861 766 1888 sed
807 1861 952 1895 labores,

151 1910 249 1941 atque
279 1906 310 1934 si
340 1910 425 1935 recte
456 1906 566 1942 iungis
592 1908 707 1939 verba,
743 1913 783 1935 ea
808 1910 856 1934 est
880 1914 955 1934 sen-

151 1952 269 1981 tentia:
295 1952 470 1988 Augustus
490 1955 614 1981 tantum
635 1952 763 1981 telluris
783 1952 897 1982 obivit.
922 1956 955 1981 ut

150 2006 192 2027 ne
236 1999 395 2027 Hercules
436 1998 566 2033 quidem
612 1999 717 2033 possit
762 1998 956 2035 comparari,

151 2051 349 2080 quamquam
375 2045 404 2072 is
431 2045 597 2073 Arcadiae
622 2045 752 2079 aliquos
781 2046 870 2074 locos
898 2045 956 2073 ad-

151 2091 236 2120 ierit.
286 2091 373 2125 Quos
400 2098 518 2119 versus
542 2091 604 2120 etsi
626 2091 692 2119 iam
711 2091 787 2126 legit
808 2091 956 2126 Servius,

152 2140 262 2166 tamen
300 2145 365 2165 non
398 2138 556 2173 adducor,
595 2141 627 2165 ut
660 2137 857 2172 Virgilium,
901 2137 957 2172 qui

152 2183 281 2218 reliqua
304 2183 447 2219 scripsit,
472 2185 553 2213 haec
573 2184 690 2212 addere
718 2183 864 2217 potuisse
888 2191 957 2212 cre-

153 2230 237 2259 dam.
279 2229 402 2258 Addita
421 2234 499 2258 sunt
518 2237 539 2259 a
557 2230 658 2259 sciolo
678 2230 826 2264 quodam.
871 2229 959 2263 Quos

153 2276 184 2304 si
218 2276 382 2311 delemus,
422 2276 489 2305 iam
518 2276 624 2305 nitida
658 2277 804 2310 splendet
836 2276 957 2305 oratio:

154 2323 221 2350 Nec
245 2323 415 2357 Hercules,
441 2331 499 2351 nec
523 2323 674 2352 Bacchus
701 2326 792 2351 tanta
814 2321 958 2351 fecerunt

153 2367 291 2403 itinera;
318 2372 349 2396 et
366 2369 524 2398 Hercules
546 2377 621 2405 uno,
649 2369 800 2398 Bacchus
823 2368 878 2403 qui
907 2376 959 2397 se-

154 2413 262 2449 quitur
301 2414 425 2443 duobus
459 2415 652 2444 describitur
688 2415 841 2444 versibus
875 2415 959 2443 satis

154 2459 324 2489 concinne.
371 2456 422 2488 Pl.
449 2461 542 2489 delet.
597 2458 682 2500 Wg.
708 2469 829 2489 versus
853 2462 960 2489 studet

155 2505 342 2541 defendere,
374 2513 475 2540 quum
504 2506 590 2535 dicat
621 2507 795 2536 Herculem
827 2514 960 2536 cervam

155 2555 362 2587 persecutum
393 2559 468 2581 esse
498 2560 603 2587 usque
630 2554 670 2581 ad
697 2554 960 2589 Hyperboraeos,

155 2599 240 2633 quod
273 2597 404 2626 tradidit
434 2598 608 2627 Pindarus.
666 2599 711 2627 At
743 2599 792 2635 id,
829 2599 862 2627 in
898 2607 959 2634 quo

157 2643 264 2673 omnis
291 2644 346 2672 vis
369 2647 436 2672 erat
461 2645 655 2680 sententiae,
682 2645 756 2681 Vgl.
782 2645 960 2683 omisisset,

155 2691 290 2727 longum
315 2698 360 2719 sc.
392 2690 476 2718 illud
501 2690 570 2719 iter.
624 2687 686 2718 Rb.
718 2695 840 2719 servat.
896 2688 958 2719 Ld.

156 2736 319 2771 explicat:
353 2736 520 2771 „Drittens
538 2736 624 2764 wird
643 2737 729 2773 Aug.
744 2738 859 2773 gelobt,
879 2737 962 2766 weil

157 2790 191 2811 er
206 2783 415 2818 Heeresziige
435 2783 499 2810 und
517 2782 638 2810 Reisen
662 2782 697 2810 in
721 2783 772 2811 die
797 2785 962 2819 entlegen-

157 2832 229 2857 sten
247 2829 360 2857 Theile
387 2829 498 2857 seines
512 2828 654 2857 Reiones
678 2831 884 2864 unternalim,
908 2838 963 2858 um

158 2871 200 2909 1)
226 2873 376 2911 fliichtige
396 2875 516 2903 Feinde
541 2882 583 2903 zu
600 2873 770 2911 verfolgen
786 2874 840 2910 (ἓ)
868 2874 961 2910 (Fix.

158 2926 224 2948 aer.
250 2928 277 2949 e.
305 2920 367 2958 1.],
401 2918 442 2957 2)
468 2922 697 2957 Emporungen
727 2921 762 2949 in
795 2922 857 2950 den
881 2922 963 2950 Pro-

158 2964 282 2995 vinzen
297 2974 336 2996 zu
356 2967 596 2996 unterdri‘icken
612 2965 742 3003 (Erym.
761 2967 838 2996 Pac.
855 2968 962 3004 nem.)

159 3011 225 3040 und
253 3013 319 3042 alle
342 3013 535 3050 Neigungen
569 3014 657 3042 dazu
689 3012 734 3043 im
765 3012 883 3043 Keime
920 3021 964 3044 zu

997 709 1159 739 ersticken
1181 708 1297 743 (Lern.
1321 711 1410 736 trem.
1437 705 1536 742 artu),
1561 705 1690 734 endlicb
1711 702 1750 741 23)
1770 704 1805 733 iu

998 758 1088 785 allen
1119 755 1256 783 Tlieilen
1288 755 1346 782 des
1377 753 1518 788 Reichs‘,
1551 753 1622 780 dem
1652 752 1804 780 Bacchus

998 802 1123 839 gleicli,
1162 801 1317 836 ordnung
1348 800 1412 827 und
1444 798 1698 827 Gesetzlicbkeit
1729 800 1805 826 her-

999 849 1161 877 zustellen
1187 848 1253 876 und
1274 847 1325 875 die
1347 846 1461 875 Cultur
1481 852 1523 873 zu
1544 844 1707 873 fordern.'·*
1749 844 1805 873 Sic

998 895 1073 929 Vgl.
1122 895 1153 922 id
1195 892 1359 921 intellexit
1396 892 1480 926 quod
1521 898 1559 918 ne
1603 890 1804 925 significavit

998 941 1136 976 quidem.
1163 940 1246 974 quod
1270 938 1352 967 dixit
1374 942 1485 972 aperte
1508 936 1708 971 (tantumA.
1729 936 1801 972 ob.)

996 995 1036 1016 ne
1063 985 1202 1021 intelligi
1227 985 1356 1020 quidem
1383 983 1500 1012 voluit.

1044 1046 1121 1077 806.
1148 1048 1262 1083 Liber,
1296 1046 1447 1074 Bacchus
1481 1052 1522 1073 ex
1547 1043 1661 1072 Indiae
1696 1047 1801 1072 monte

998 1097 1091 1130 Nysa
1124 1092 1254 1128 (Mero)
1303 1096 1331 1119 et
1366 1094 1444 1120 urbe
1477 1089 1624 1118 eiusdem
1662 1090 1805 1117 norniniS

997 1149 1093 1170 orsus
1132 1143 1232 1167 totum
1274 1142 1431 1166 terrarum
1472 1138 1580 1164 orbem
1617 1135 1807 1171 peragravit

998 1191 1027 1215 et
1057 1186 1201 1221 subegit,
1241 1184 1379 1219 tigribus
1414 1190 1470 1218 pro
1504 1182 1597 1216 equis
1632 1190 1730 1218 usus,
1772 1185 1806 1210 ut

999 1234 1129 1261 deorum
1165 1236 1267 1260 mater
1298 1230 1458 1258 leonibus.
1510 1227 1558 1257 Cf.
1587 1228 1645 1255 Sil.
1678 1226 1735 1263 15,
1760 1225 1804 1256 80

1006 1276 1155 1317 Cuptiro
1189 1274 1289 1305 Liber
1319 1284 1424 1315 quum
1454 1272 1561 1313 signa
1592 1274 1739 1310 referret
1765 1270 1809 1302 ab

1006 1322 1117 1360 Euro,
1163 1321 1368 1351 caucaseae
1408 1328 1546 1349 currum
1585 1317 1714 1348 (tinxere
1745 1328 1809 1360 per

999 1368 1130 1409 oppida
1158 1367 1280 1405 tigres.
1307 1383 1345 1387 —
1370 1363 1571 1406 pampineis
1596 1362 1741 1394 habenis
1766 1374 1808 1395 ex

999 1416 1152 1452 pampino
1179 1415 1291 1448 factis,
1322 1422 1385 1442 non
1413 1412 1565 1448 pampino
1591 1412 1756 1447 implexis.

1045 1476 1123 1507 807.
1151 1480 1181 1507 et
1213 1474 1417 1505 dubitamus
1449 1483 1528 1510 ..pro
1555 1475 1694 1503 dubitas.
1743 1474 1807 1504 Mi-

1000 1526 1085 1555 scuit
1123 1531 1296 1560 personam
1329 1530 1434 1551 suam.
1497 1520 1608 1556 (Quod
1641 1528 1740 1556 saepe
1774 1521 1806 1550 fit

1001 1573 1035 1600 in
1068 1570 1379 1605 cohortationibus.)
1436 1569 1493 1596 Est
1525 1572 1634 1596 autem
1666 1576 1806 1596 sensus:

1003 1619 1107 1652 Quum
1127 1618 1183 1646 tibi
1206 1617 1247 1646 sit
1266 1621 1357 1645 tanta
1379 1619 1575 1650 praeparata
1599 1612 1808 1649 posteritas.“

1003 1666 1034 1692 S.
1100 1662 1143 1692 ln't
1176 1663 1362 1698 explicatur
1396 1670 1451 1696 per
1481 1668 1572 1699 quae
1613 1669 1718 1699 quum
1757 1658 1807 1689 ita

1004 1708 1097 1745 sint‚·
1127 1711 1210 1738 ratio
1242 1714 1350 1737 autem
1375 1712 1421 1736 est
1454 1707 1721 1741 simplicissima,
1756 1707 1808 1735 in-

983 1753 1253 1790 ‘terrogationeffi
1269 1756 1309 1783 ad
1325 1754 1529 1783 emintiatum
1543 1753 1707 1787 superius.
1725 1753 1809 1787 quod

1004 1810 1160 1832 caussam
1191 1800 1457 1837 interrogationis
1496 1799 1652 1833 continet,
1694 1807 1750 1833 per
1777 1800 1809 1828 et

1002 1849 1205 1877 annectendi.
1256 1848 1343 1876 Inest
1369 1851 1478 1874 autem
1504 1846 1645 1874 mirandi
1673 1846 1728 1874 vel
1757 1845 1808 1873 in-

1003 1895 1159 1931 dignandi
1194 1895 1267 1930 vis,
1308 1893 1476 1928 quaeritur
1513 1891 1600 1920 enim
1631 1892 1680 1927 id,
1725 1891 1809 1926 quod

1003 1946 1087 1971 recte
1114 1945 1145 1970 et
1177 1941 1303 1970 ratione
1335 1939 1402 1969 lieri
1433 1945 1593 1974 negamus
1618 1937 1657 1967 cf.
1686 1934 1720 1971 l,
1754 1934 1808 1966 48.

1005 1990 1040 2016 G.
1068 1986 1106 2024 2,
1132 1984 1208 2016 433.
1260 1987 1326 2016 Cic.
1355 1994 1400 2021 pr.
1429 1987 1516 2013 Man.
1551 1981 1608 2018 14,
1634 1988 1663 2012 et
1694 1982 1750 2020 15,
1777 1985 1810 2012 et

1005 2031 1190 2073 quisquam
1220 2026 1424 2061 dubitabit?
1473 2030 1610 2059 Plenius
1636 2032 1667 2059 ct
1695 2031 1811 2058 tamen

1006 2080 1071 2109 Cic.
1105 2087 1152 2114 pr.
1182 2079 1255 2107 ΒΑ.
1295 2076 1338 2106 28
1371 2079 1403 2106 et
1442 2079 1559 2106 tamen
1601 2083 1729 2104 caussa
1771 2072 1814 2104 de

1002 2123 1183 2165 paricidio
1211 2120 1363 2153 dicitur!
1401 2122 1441 2152 cf.
1467 2125 1520 2151 Gr.
1549 2122 1571 2158 ς
1597 2119 1681 2159 480,
1712 2119 1739 2150 l.
1769 2137 1808 2141 —

1005 2168 1168 2200 virtutem
1207 2167 1392 2199 extendere
1424 2166 1538 2206 factis
1573 2170 1638 2196 Mb.
1677 2183 1716 2187 —
1760 2164 1812 2196 ΡΙ.

1006 2218 1134 2246 mavult
1170 2225 1201 2245 v.
1236 2212 1419 2244 ostendere
1445 2213 1475 2251 f.
1508 2211 1566 2252 (!)
1600 2229 1639 2233 —-
1680 2211 1814 2242 virtute

1008 2260 1194 2293 extendere
1217 2260 1309 2290 vires
1325 2262 1411 2290 PRc.
1436 2268 1498 2289 rec.
1528 2256 1591 2288 Rb.
1613 2275 1651 2278 —
1676 2257 1815 2287 Virtute

1007 2306 1193 2338 extendere
1208 2305 1298 2337 vires
1313 2307 1509 2336 sententiam
1526 2307 1657 2340 praebet
1675 2306 1813 2341 nullam,

1007 2363 1105 2391 quum
1134 2363 1175 2383 ne
1204 2354 1361 2383 Latinum
1392 2353 1521 2388 quidem
1552 2352 1605 2380 sit.
1658 2352 1811 2380 Alterum

1006 2401 1258 2437 simplicissima
1288 2400 1414 2429 ratione
1444 2398 1629 2433 explicatur
1659 2397 1726 2427 sle:
1773 2398 1814 2425 Et

1007 2449 1193 2477 dubitamus
1232 2447 1330 2476 etiam
1373 2453 1458 2475 nunc
1500 2444 1671 2480 virtutem,
1713 2450 1812 2478 quam

1007 2495 1075 2523 iam
1100 2494 1318 2526 ostendimus,
1353 2492 1449 2521 factis
1480 2489 1680 2524 amplificare
1710 2489 1813 2518 aliis?

1008 2543 1118 2576 Neque
1152 2538 1314 2569 virtutem
1349 2541 1409 2567 hoc
1442 2539 1512 2566 loco
1537 2536 1678 2572 gloriam
1708 2535 1814 2572 signi-

1008 2588 1103 2617 ficare
1144 2587 1198 2621 qui
1237 2586 1487 2618 contenderant,
1537 2583 1644 2611 adbuc
1683 2583 1814 2611 demon-

1008 2637 1214 2668 straverunt,
1249 2639 1354 2666 neque
1384 2630 1510 2659 ratione
1545 2629 1676 2665 aliqua,
1708 2636 1814 2664 neque

1008 2679 1170 2715 exemplis
1197 2678 1320 2707 allatis.

1057 2735 1135 2766 808.
1161 2733 1319 2775 prohibet
1342 2741 1415 2763 cum
1433 2732 1593 2761 infinitivo
1611 2732 1650 2762 cf.
1680 2730 1709 2767 3,
1736 2729 1813 2759 380.

1013 2799 1051 2804 —
1080 2784 1183 2818 Quum
1208 2785 1299 2810 tanta
1326 2784 1355 2808 te
1382 2783 1511 2808 maneat
1534 2779 1650 2815 gloria,
1677 2786 1742 2806 non
1765 2781 1814 2807 est

1010 2830 1109 2859 Italia
1132 2832 1259 2864 propter
1281 2827 1411 2861 aliquas
1434 2825 1605 2854 molestias
1628 2825 1815 2854 omittenda.

1010 2877 1091 2905 Post
1122 2883 1155 2904 v.
1186 2871 1253 2901 807
1291 2870 1353 2901 Hb.
1392 2873 1479 2900 male
1511 2872 1674 2901 intellecto
1707 2877 1816 2899 rerum

1010 2922 1122 2951 ordine
1148 2920 1237 2956 ponit
1259 2926 1290 2947 v.
1313 2915 1379 2946 827
1407 2915 1498 2946 Illae
1523 2919 1640 2946 autem
1668 2931 1707 2936 —
1736 2924 1819 2945 san-

1011 2965 1097 3008 gnis
1119 2974 1216 2996 meus
1234 2962 1320 3001 8353
1345 2963 1460 2993 deinde
1477 2960 1546 2993 808
1563 2978 1602 2983 -
1625 2958 1816 2993 Camillum

1010 3011 1097 3051 8263
1124 3016 1196 3048 post
1220 3008 1288 3040 836
1316 3018 1386 3046 sqq.
