2023 3350
291 125 376 164 430
853 119 890 150 P.
919 117 1113 151 vineunt

292 236 469 277 Fecerat
504 231 752 284 Ignipotens
787 229 911 270 undis
953 232 996 270 et
1026 229 1186 284 Iapyge
1220 229 1340 281 ferri3

293 296 452 335 Contra
489 293 632 329 autem
666 300 820 340 magno
861 290 1121 327 maerentem
1157 300 1334 340 corpore
1368 286 1522 337 Nilum,

292 348 637 398 l'atulentemque
673 345 789 385 sinus
822 348 864 385 et
900 347 994 385 tota
1031 347 1145 384 veste
1175 348 1397 386 vocantem

292 405 543 449 Caeruleum
580 403 622 443 in
664 402 870 455 gremium
908 400 1211 454 latebrosaque
1248 401 1424 442 flumina
1458 402 1605 444 victos.

291 467 347 505 At.
384 464 541 503 Caesar
574 459 734 512 triplici
764 459 955 499 invectus
993 458 1186 499 Romana
1217 458 1434 511 triumpho

291 520 482 569 Moenia,
523 517 587 557 dis
620 517 741 557 Italis
782 519 927 556 votum
962 515 1204 556 immortale
1243 515 1455 566 sacrabat,

291 578 479 620 Maxima
511 577 749 615 tercentum
785 576 924 614 totam
960 572 1140 613 delubra
1175 585 1252 624 per
1286 572 1456 613 Urbem.

290 634 477 678 Laetitia
511 631 708 684 ludisque
742 630 834 671 viae
871 630 1110 683 plausuque

292 691 498 734 Omnibus
528 690 571 730 in
607 687 777 740 templis
810 691 996 728 matrum
1034 687 1206 738 chorus,
1250 686 1444 743 omnib-us
1479 699 1601 737 arae,

291 752 401 792 Ante
436 762 534 789 aras
573 750 735 786 terram
768 745 881 786 caesi
917 748 1107 785 stravere

291 808 410 861 Ipse,
453 805 603 847 sedens
642 803 762 843 niveo
805 802 1027 843 candentis
1063 801 1208 843 limine
1241 800 1412 851 Phoebi,

1149 117 1362 151 MARONIS

1845 229 1926 269 710

1845 515 1868 552 7
1878 513 1928 552 15

1145 629 1382 670 fremebant
1393 643 1401 681 3

1142 744 1319 785 iuvenci.

1849 798 1872 836 7
1879 797 1931 836 20

291 867 414 914 Dona
456 860 723 913 recognoscit
756 859 1029 912 populorum,
1063 862 1273 913 aptatque
1309 856 1502 911 superbis

291 921 513 963 Postibus:
560 917 764 958 incedunt
801 917 938 957 victae
970 917 1097 969 longo

1136 917 1284 958 ordine
1326 918 1484 969 gentes,

292 980 428 1030 Quam
465 976 610 1018 variae
650 974 826 1027 linguis,
863 973 1015 1015 habitu
1049 977 1139 1014 tam
1173 974 1303 1015 vestis
1346 977 1388 1014 et
1425 971 1568 1013 armis.

292 1037 372 1078 Hie
409 1032 650 1077 Nomadum
686 1045 817 1085 genus
848 1034 891 1072 et
924 1031 1156 1072 discinctos
1193 1030 1403 1072 Mulciber
1440 1028 1579 1079 Afros,

340 1185 417 1215 710.
450 1184 583 1225 Iapyge
625 1188 760 1218 ..vento,
803 1184 857 1218 qui
895 1185 932 1212 tle
966 1183 1091 1217 Apulia

295 1234 375 1262 nans
400 1233 517 1266 optime
548 1232 588 1258 ad
620 1231 782 1258 Orientem
814 1229 913 1262 ducit;
951 1229 1091 1264 Iapygia

293 1280 379 1307 enim
398 1278 520 1312 Apulia
545 1277 630 1305 dicta
656 1277 737 1304 est.n
765 1277 795 1303 S.
840 1275 878 1303 cf.
904 1276 977 1303 Hor.
1001 1275 1035 1303 C.
1064 1271 1090 1308 1,

293 1324 330 1356 3,
357 1323 386 1352 4.

341 1368 417 1397 711.
445 1369 538 1396 Nilus
573 1368 651 1395 deus
682 1370 800 1395 maeret
833 1367 869 1393 de
902 1366 1010 1396 clade.
1046 1364 1091 1392 si-

295 1417 424 1449 mulque
445 1414 604 1449 refugium
630 1412 791 1447 promittit.
840 1411 974 1439 Omnino
1006 1410 1092 1438 enim

295 1462 403 1489 mirati
432 1464 504 1488 sunt
533 1459 685 1494 Romani,
723 1458 803 1492 quod
834 1458 1005 1490 Cleopatra
1032 1463 1093 1483 usa

296 1512 398 1535 terrae
426 1511 540 1533 natura
573 1513 608 1531 se
635 1505 667 1531 in
692 1504 824 1532 altiores
848 1502 991 1537 Aegypti
1019 1509 1092 1535 par·

296 1557 343 1580 tes
378 1560 439 1579 non
470 1550 664 1583 recepisset,
703 1549 756 1576 ubi
790 1555 861 1576 eam
896 1547 1035 1581 reperire
1064 1550 1092 1574 et

294 1598 424 1626 vincere
453 1603 589 1628 magnus
632 1597 721 1623 labor
753 1598 831 1622 erat.
880 1594 955 1621 Hor.
994 1593 1027 1620 C.
1066 1589 1092 1627 1,

295 1640 353 1675 37,
401 1641 439 1669 21
486 1640 724 1679 Cleopatram,
758 1646 848 1677 quae
887 1635 1093 1678 generosius

291 1687 408 1727 perire
434 1694 620 1726 quaerens,
651 1693 712 1713 nec
746 1681 960 1712 muliebriter
987 1690 1093 1722 expa-

295 1731 343 1761 υἰι
372 1740 495 1762 ensem.
518 1739 577 1759 uec
601 1728 750 1759 latentes
773 1727 883 1757 classe
900 1726 970 1757 cita
991 1736 1094 1767 repa-

293 1776 388 1807 ravit
415 1776 532 1805 oras.“

340 1822 416 1851 712.
443 1828 507 1851 tota
541 1825 631 1850 veste
665 1823 846 1849 vocantem.
895 1819 995 1854 „wie
1029 1817 1094 1845 wir

294 1871 350 1899 mit
360 1871 507 1897 'l't'icliern
517 1867 729 1896 abreisenden
751 1866 824 1893 oder
839 1864 1095 1892 antzommenden

296 1917 463 1945 Freundeu
479 1915 620 1942 Zeiclten
643 1915 754 1947 geben,
778 1919 813 1938 so
843 1910 893 1937 die
914 1910 1011 1937 Alten
1038 1909 1092 1936 mit

296 1964 365 1990 dem
400 1961 512 1988 Kleide
543 1960 618 1986 oder
651 1959 706 1985 der
738 1958 826 1992 Toga
862 1957 920 1983 ΟΥ.
954 1955 1028 1982 Am.
1063 1952 1093 1991 3,

295 2006 324 2035 2.
346 2005 387 2033 73
412 2004 594 2037 Renovato,
622 2000 787 2041 Quirites,
817 1998 860 2029 El
884 1998 965 2028 (late
983 1998 1095 2028 iacta-

294 2050 339 2081 tis
357 2048 509 2088 undique
527 2047 632 2088 signa
649 2045 752 2086 togis.
789 2047 868 2081 Veg.
885 2046 922 2073 de
937 2054 970 2073 re
984 2046 1050 2073 mil.
1065 2043 1094 2081 3,

296 2098 314 2125 5
341 2099 535 2129 „Praeterea
556 2102 652 2122 manu
676 2093 799 2126 aliquid
820 2093 871 2120 vel
893 2091 1018 2127 flagello
1042 2092 1096 2119 vel

294 2148 378 2171 certe
401 2147 487 2170 mota
512 2145 601 2168 veste
626 2138 806 2172 significat*
832 2138 888 2165 Ld.

341 2186 415 2216 713.
443 2184 617 2225 gremium
658 2187 688 2212 et
725 2181 900 2213 latebrosa
929 2179 1095 2219 flumina,

295 2235 348 2262 ubi
387 2235 499 2261 lateret
535 2232 722 2265 Cleopatra,
772 2229 855 2263 quod
890 2228 992 2256 fontes
1029 2227 1095 2255 Nili

296 2280 395 2314 ignoti
422 2282 507 2307 siunt.

340 2323 417 2353 714.
446 2319 595 2362 triplici.-
627 2323 731 2351 ..Nam
764 2319 864 2354 primo
896 2319 946 2346 die
982 2318 1096 2346 trium-

294 2371 408 2406 phavit
441 2369 620 2400 exercitus,
663 2367 716 2400 qui
747 2365 925 2393 Antonium
959 2364 1093 2399 vicerat,

295 2416 436 2445 secundo
457 2415 514 2448 qui
540 2415 709 2441 Dalmatas
736 2411 876 2445 vicera13
903 2410 995 2437 tertio
1023 2410 1093 2443 ipse

294 2471 367 2491 cum
392 2460 617 2489 Alexandrino
634 2462 679 2486 est
706 2457 874 2492 ingressus
899 2453 1093 2488 triumplio.“

294 2511 325 2536 S.
376 2509 462 2534 Suet.
488 2507 552 2533 Oet.
583 2502 635 2531 22.

340 2550 417 2579 715.
443 2554 555 2585 ltaque
594 2547 750 2578 victoriae
797 2541 908 2574 votuui
949 2544 1092 2579 Augusti

293 2599 398 2627 fuisse
446 2597 575 2632 fingitur
640 2594 831 2627 templorum
874 2591 1091 2623 collapsorum

294 2643 465 2678 reparatio.
518 2641 656 2675 Saepius
676 2640 847 2674 Augustus
875 2638 912 2664 ob
944 2635 1092 2663 restituta

294 2691 413 2723 templa
437 2688 589 2716 laudatur
613 2694 634 2715 a
666 2683 877 2718 scriptoribus
905 2681 977 2709 eius
1001 2684 1092 2709 aeta-

293 2736 353 2765 tis:
379 2734 418 2763 cf.
449 2735 523 2761 Hor.
555 2732 589 2761 C.
619 2730 657 2767 3,
682 2728 714 2758 6.
764 2731 850 2757 suet.
876 2725 929 2755 29.

340 2778 416 2808 716.
444 2782 494 2808 ter
517 2779 670 2806 centum:
703 2782 857 2803 numerus
882 2772 1035 2802 rotundus
1060 2774 1092 2799 ut

295 2826 422 2854 dicitur.
489 2824 661 2857 Augustus
697 2820 783 2849 enim
819 2823 887 2848 erat
928 2817 1091 2846 restitutor

295 2871 437 2899 omnium
463 2870 648 2902 templorum
684 2866 758 2894 Liv.
790 2863 826 2899 4,
859 2862 912 2892 20.
960 2862 1093 2891 Descri-

296 2918 411 2944 buntur
436 2915 549 2942 deinde
575 2912 830 2947 supplicationes
854 2910 888 2937 in
919 2908 1090 2942 triumphis

297 2961 411 2995 saetae,
437 2961 492 2988 ubi
512 2963 677 2988 matronae
695 2965 749 2991 per
771 2957 904 2984 delubra
921 2956 1091 2989 vagaban-

298 3013 347 3040 tur
371 3006 409 3033 cf.
434 3006 507 3034 Liv.
530 3005 567 3038 5,
594 3001 655 3041 23,
683 3006 711 3031 et
737 3008 834 3031 sacra
857 3000 989 3029 fiebant:
1022 3007 1087 3028 om-

1138 1184 1234 1211 nibus
1265 1183 1298 1211 in
1329 1182 1458 1217 templis
1486 1189 1543 1210 eae
1575 1184 1668 1216 sunt3
1711 1181 1744 1209 in
1785 1180 1935 1210 omnibus

1138 1236 1231 1263 arae,
1257 1230 1296 1256 ad
1323 1236 1405 1262 quas
1430 1228 1554 1256 nostiae
1579 1230 1770 1255 mactantur.

1185 1271 1261 1301 717.
1290 1275 1334 1301 ne
1362 1273 1502 1310 laetitia,
1529 1279 1593 1307 qua
1616 1277 1770 1307 exceptus
1798 1275 1848 1301 est
1863 1272 1935 1301 Au-

1138 1323 1269 1355 gustus,
1292 1318 1384 1347 refert
1412 1320 1497 1346 Vell.
1522 1318 1556 1355 2,
1581 1316 1634 1346 89.

1183 1362 1260 1393 719.
1293 1362 1341 1392 ΙἸ.
1375 1365 1456 1393 coni.
1489 1362 1647 1393 omnibus
1679 1371 1764 1391 arae
1801 1359 1936 1392 Arden—

1140 1412 1207 1445 tes,
1236 1411 1341 1446 „quod
1369 1417 1562 1445 magnopere
1586 1411 1688 1444 placet
1719 1406 1806 1437 Rbf‘

1186 1453 1263 1484 720.
1288 1458 1362 1490 lpse
1401 1456 1528 1492 fingitur
1563 1456 1735 1491 Augustus
1776 1454 1935 1489 triumpho

1139 1505 1209 1529 acto
1240 1506 1315 1530 ante
1340 1502 1508 1536 Apollinis
1535 1502 1679 1531 Palatini
1704 1502 1856 1535 templum
1884 1506 1935 1529 se-

1140 1548 1219 1575 dens
1248 1551 1276 1575 et
1303 1555 1538 1583 recognoscens
1562 1548 1698 1582 populos
1724 1553 1744 1575 a
1767 1554 1802 1575 se
1820 1546 1935 1583 victos,

1140 1593 1171 1620 in
1198 1593 1314 1626 (litibus
1341 1601 1404 1621 uon
1429 1595 1520 1621 modo
1546 1593 1600 1627 qui
1624 1595 1683 1621 sub
1707 1592 1849 1620 Antonio
1874 1592 1935 1620 mi-

1139 1639 1269 1666 litarant
1297 1638 1390 1667 refert
1422 1643 1529 1674 poeta,
1564 1639 1620 1667 sed
1659 1638 1714 1672 qui
1736 1638 1867 1666 omnino
1894 1639 1936 1666 ab

1139 1692 1176 1711 eo
1208 1684 1287 1712 victi
1319 1688 1403 1712 sunt.
1431 1699 1469 1703 ——-
1498 1681 1681 1712 candentis
1713 1682 1752 1711 cf.
1787 1683 1824 1721 5,
1858 1680 1935 1712 571.

1143 1744 1180 1748 —
1209 1730 1419 1763 participium
1446 1738 1501 1764 pro
1534 1729 1693 1758 adiectivo
1720 1728 1758 1757 cf.
1788 1726 1823 1766 1,
1858 1725 1936 1757 681.

1141 1774 1195 1802 Sic
1221 1782 1281 1802 usu
1300 1779 1461 1809 receptum
1486 1773 1639 1814 sapiens,
1664 1771 1831 1814 diligens,
1855 1775 1935 1803 alia.

1188 1817 1264 1848 721.
1297 1817 1396 1849 Dona
1434 1823 1662 1859 populorum,
1706 1826 1790 1854 quae
1823 1821 1937 1849 trium-

1143 1867 1317 1900 phantibus
1341 1873 1360 1894 a
1379 1866 1476 1894 victis
1500 1866 1571 1894 dari
1595 1867 1751 1901 solebant,
1777 1865 1937 1900 imprimis

1142 1919 1280 1940 coronae
1305 1911 1344 1940 cf.
1369 1912 1442 1940 Liv.
1470 1909 1528 1949 40,
1560 1908 1613 1939 43.
1662 1912 1739 1939 Inde
1763 1915 1866 1939 ortum
1889 1914 1937 1940 est

1142 1960 1201 1985 sub
1257 1957 1506 1992 imperatoribus
1558 1964 1672 1985 aurum
1723 1956 1936 1993 coronarium,

1142 2004 1224 2037 quod
1252 2003 1373 2032 subditi
1403 2003 1498 2031 certis
1524 2002 1718 2036 temporibus
1743 2003 1819 2030 dare
1847 2003 1937 2031 iube-

1144 2051 1268 2077 bantur.
1318 2049 1467 2083 „Aurum
1499 2048 1702 2077 coronarium
1731 2047 1822 2085 dicit,
1854 2048 1936 2082 quod

1141 2095 1298 2129 hodieque
1324 2101 1344 2122 a
1376 2094 1472 2123 victis
1499 2094 1647 2129 gentibus
1679 2095 1781 2122 datur.
1828 2094 1935 2128 Impo-

1140 2142 1257 2168 nebant
1304 2143 1411 2168 autem
1446 2142 1505 2169 boc
1548 2140 1759 2174 imperatores
1810 2143 1937 2174 propter

1140 2193 1329 2214 concessam
1355 2184 1491 2213 vitam.“
1520 2186 1551 2213 S.
1581 2199 1618 2204 --
1648 2181 1804 2223 superbis
1827 2181 1936 2222 posti-

1141 2229 1202 2259 bus
1231 2240 1272 2260 ex
1307 2239 1393 2260 more
1433 2231 1470 2260 cf.
1513 2227 1584 2258 196.
1628 2227 1702 2258 202.
1752 2230 1936 2266 „Porticum

1139 2277 1224 2305 enim
1250 2277 1420 2313 Augustus
1444 2276 1577 2313 fecerat,
1609 2275 1643 2303 in
1666 2282 1730 2310 qua
1756 2275 1936 2305 simulacra

1140 2323 1282 2350 omnium
1308 2322 1448 2358 gentium
1479 2323 1714 2358 collocaverat,
1750 2328 1833 2355 quae
1863 2329 1936 2356 por-

1139 2368 1222 2396 ticus
1248 2369 1473 2402 appellabatur
1501 2364 1556 2395 Ad
1581 2365 1779 2396 nationes.“
1806 2367 1838 2394 S.

1185 2410 1260 2440 723.
1288 2414 1341 2442 Sic
1366 2414 1443 2441 Luc.
1478 2410 1513 2449 3,
1547 2410 1613 2441 228
1641 2409 1753 2440 coiere
1786 2419 1848 2440 nec
1871 2420 1935 2440 un-

1138 2465 1240 2496 quam
1261 2460 1331 2486 tam
1357 2455 1479 2486 variae
1494 2454 1588 2487 cultu
1608 2460 1742 2497 gentes,
1771 2459 1841 2486 eam
1865 2454 1935 2486 dis-

1138 2511 1224 2531 sona
1260 2501 1364 2543 vulgi
1404 2511 1476 2532 ora.
1526 2504 1639 2532 Claud.
1682 2503 1753 2532 Stil.
1793 2501 1827 2539 1,
1873 2500 1934 2531 152

1137 2545 1332 2577 metantis
1364 2546 1506 2577 dissona
1538 2546 1675 2589 linguis
1715 2545 1834 2585 turba,
1873 2555 1936 2578 noc

1138 2600 1314 2622 armorum
1345 2591 1442 2623 cultu
1469 2591 1640 2623 diversior
1668 2601 1824 2633 unquam
1855 2602 1934 2623 con-

1128 2636 1239 2676 fluxit
1263 2637 1425 2678 populus,

1183 2681 1258 2713 724.
1292 2682 1488 2714 Nomadum
1509 2684 1530 2712 i.
1547 2693 1574 2713 e.
1592 2684 1802 2713 Numidarum
1821 2690 1934 2723 gemes

1137 2729 1169 2758 et
1203 2728 1325 2768 Afros,
1359 2730 1415 2765 qui
1441 2734 1531 2759 erant
1557 2730 1591 2758 in
1615 2730 1760 2765 partibus
1785 2729 1931 2757 Antonii.

1139 2789 1176 2793 —
1213 2772 1399 2805 discinctos
1445 2784 1490 2805 sc.
1526 2776 1627 2804 armis
1673 2774 1835 2804 detractis.
1884 2775 1933 2802 Ita

1136 2821 1219 2848 Flor.
1253 2819 1290 2858 2,
1328 2818 1367 2858 4,
1397 2819 1415 2849 3
1449 2819 1566 2850 Viceos
1591 2817 1763 2849 Aemilius
1798 2816 1834 2847 in
1866 2816 1933 2848 Ca-

1134 2863 1260 2904 pitolio
1285 2863 1462 2896 discinxit.
1508 2869 1602 2895 Mart.
1625 2863 1661 2903 9,
1691 2862 1764 2900 101,
1788 2864 1806 2892 5
1830 2863 1933 2898 [Her-

1136 2911 1246 2945 cules]
1267 2908 1443 2942 Peltatam
1463 2908 1623 2950 scythico
1641 2907 1807 2938 discinxit
1826 2909 1933 2939 Ama-

1137 2964 1226 2984 zona
1264 2954 1367 2986 nodo.
1401 2972 1439 2977 —-
1469 2958 1587 2985 Putant
1621 2955 1718 2984 etiam
1755 2955 1932 2985 discinctos

1135 3008 1209 3030 esse
1245 3002 1363 3040 dictos,
1402 3003 1486 3037 quod
1516 3001 1646 3036 cingulo
1677 3008 1739 3029 non
1768 3004 1932 3031 uterentur
