2023 3350
734 117 969 152 AENEIDOS
1000 121 1084 152 LlB.
1113 121 1171 152 IV.

1697 122 1776 160 183

123 233 253 284 Isque
289 245 436 273 amens
470 232 603 273 animi
639 236 682 273 et
719 247 891 274 rumore
921 247 1126 275 accensus
1164 247 1325 285 amaro,

124 289 297 330 Dicitur
335 293 436 331 ante
474 303 574 331 aras
610 290 754 331 media
791 291 905 332 inter
942 291 1117 333 numina
1158 291 1312 343 divom,

125 346 265 388 Multa
307 347 451 390 Iovem
492 347 691 389 manibus
727 348 910 402 supplex
948 363 1095 390 orasse
1135 349 1321 403 supinis:

1688 351 1770 389 205

123 404 319 458 Iuppiter
357 405 646 459 omnipotens,
696 406 765 447 cui
804 421 917 448 nunc
953 406 1178 448 Maurusia
1216 407 1344 460 pictis

124 461 237 503 Gens
274 462 451 517 epulata
487 462 595 504 toris
633 463 850 506 Lenaeum
888 464 999 506 libat
1038 464 1257 515 honorem,

121 519 322 574 Adspicis
358 520 496 562 haec?
542 534 599 562 an
634 524 699 572 te,
748 522 939 576 genitor,
984 537 1118 576 quum
1157 522 1340 563 fulmina
1376 524 1566 576 torques,

121 578 424 632 Nequidquam
455 578 699 630 horremus,
741 580 943 634 caecique
982 581 1026 621 in
1059 579 1245 621 nubibus
1281 580 1401 632 ignes

121 635 378 678 Terrificant
411 636 579 678 animos
618 640 661 678 et
699 637 847 679 inania
882 652 1104 679 murmura
1139 637 1349 679 miscent?

1686 638 1769 676 210

122 694 316 746 Femina,
357 708 469 748 quae
505 695 665 736 nostris
699 709 847 737 errans
885 695 929 736 in
962 695 1120 737 finibus
1151 695 1303 737 urbem

120 751 333 805 Exiguam
373 752 512 805 pretio
552 752 717 806 posuit,
762 753 830 795 cui
866 753 971 795 litus
1008 753 1221 795 arandum

121 809 286 863 Cuique
323 810 407 851 loci
446 810 561 863 leges
601 810 816 862 dedimus,
862 811 1076 853 connubia
1112 814 1264 852 nostra

119 867 325 921 Reppulit
363 881 414 908 ac
451 867 670 909 dominum
704 869 878 910 Aenean
912 870 956 910 in
990 882 1124 922 regna
1164 867 1337 921 recepit.

121 925 178 965 Et
212 939 325 966 nunc
363 925 436 966 ille
465 925 586 967 Paris
625 939 721 967 cum
756 927 953 968 semiviro
992 926 1212 976 comitatil,

118 982 318 1024 Maeonia
357 986 547 1024 mentum
581 983 712 1025 mitra
747 984 995 1037 crinemque
1028 983 1273 1024 madentem

121 1039 358 1091 Subnixus,
406 1043 533 1094 rapto
570 1041 757 1094 potitur:
805 1055 884 1082 nos
925 1055 1105 1082 munera
1142 1039 1313 1092 templis

120 1098 287 1153 Quippe
321 1099 407 1140 tuis
443 1098 622 1140 ferimus
660 1099 906 1153 famamque
942 1098 1133 1140 fovemus
1169 1098 1352 1139 inanem.

164 1259 242 1291 203.
269 1270 389 1292 amens
414 1261 526 1293 animi
550 1263 588 1293 cf.
618 1259 647 1299 1,
677 1259 726 1290 14.

166 1315 242 1347 204.
270 1315 360 1348 inter
391 1317 538 1348 numina
570 1317 697 1348 (linum.
747 1322 828 1348 Nam
864 1319 917 1348 ubi

120 1371 198 1393 arae
223 1368 253 1393 et
276 1365 373 1402 signa
402 1367 533 1394 deorum
563 1369 670 1399 erant,
705 1365 749 1394 ibi
784 1366 919 1394 numina

119 1418 193 1439 esse
218 1411 436 1440 credebantur.
486 1412 616 1448 „Media
651 1411 733 1440 inter
765 1411 918 1447 numina3

119 1463 158 1486 ac
183 1457 212 1485 si
239 1457 356 1487 diceret
380 1458 444 1486 diis
464 1458 634 1486 testibus.“
657 1459 688 1485 S.

163 1510 240 1542 205.
267 1522 392 1544 manus
415 1512 562 1555 supinas
586 1514 624 1544 cf.
647 1512 677 1552 3,
706 1511 780 1542 176.

164 1568 241 1599 206.
271 1567 461 1600 Maurusia
486 1579 585 1610 gens.
635 1572 699 1606 Ap.
724 1572 839 1600 lustin.
869 1568 919 1607 18,

118 1613 136 1643 6
176 1617 419 1646 Maxitanorum
459 1626 518 1646 rex
555 1617 671 1647 dicitur
708 1619 832 1646 IarbaS.
878 1633 915 1636 —

116 1669 209 1691 nunc
232 1663 252 1691 i.
269 1671 296 1691 e.
322 1670 393 1692 mea
412 1664 538 1692 demum
562 1664 593 1691 id
614 1670 693 1692 cura
717 1663 836 1693 factum
859 1667 918 1692 est.

163 1716 239 1747 207.
264 1716 369 1758 pictis·
397 1718 494 1756 toris,
519 1725 553 1749 ut
583 1718 609 1757 l,
636 1718 711 1749 7093.
742 1736 779 1740 -—
806 1720 920 1748 Lib-ari

118 1765 150 1793 in
181 1765 346 1794 conviviis
377 1771 405 1795 et
437 1767 607 1796 sacrificiis
635 1771 744 1795 notum
778 1771 837 1795 est.
879 1781 915 1785 -·

121 1807 295 1839 Lenaeum
328 1808 510 1841 honorem:
544 1813 669 1841 vinum.
728 1809 848 1841 Honor
885 1813 922 1840 (le

119 1863 229 1891 sacro,
265 1858 347 1891 quod
378 1859 435 1886 deo
465 1858 592 1887 offertur
621 1866 719 1894 saepe
748 1858 787 1887 cf.
816 1855 844 1894 1,
867 1855 920 1885 49.

118 1903 269 1930 Lenaeus
306 1902 377 1937 ipse
412 1904 528 1932 dicitur
560 1905 725 1938 Bacchus;
768 1904 842 1932 inde
873 1907 920 1931 est

126 1945 298 1976 Lenaeum
323 1950 352 1976 11.
377 1950 396 1976 1.
422 1950 620 1978 adiectivum
646 1958 663 1978 a
689 1947 846 1978 Lenaeus*
868 1951 921 1977 (le-

119 1995 266 2025 (luctumz
296 2001 338 2022 ex
364 1995 488 2023 ratione
514 2003 597 2030 quae
619 1997 721 2024 allata,
747 1999 795 2023 est
821 1997 861 2023 ad
892 1993 918 2031 l,

119 2038 196 2068 656.
245 2040 298 2068 Sic
332 2047 383 2074 ap.
423 2042 500 2068 Stat.
531 2041 614 2069 Silv.
648 2039 684 2078 4,
712 2040 747 2077 6,
775 2039 817 2068 80
854 2037 917 2068 Le-

117 2093 211 2114 naea
238 2082 342 2114 dona.

165 2139 240 2171 2⁴⁹8.
271 2143 380 2171 Utrum
408 2147 437 2171 tu
465 2146 545 2171 haec
571 2152 632 2171 non
658 2142 816 2178 adspicis,
856 2151 919 2170 non

119 2196 232 2225 curaS,
271 2195 314 2217 an
350 2190 442 2217 nulla
467 2193 514 2217 est
538 2188 679 2223 potentia
708 2189 784 2217 tua?
837 2184 919 2216 Fu!-

119 2231 218 2264 mina
256 2237 416 2273 torquere
453 2243 520 2264 vox
559 2235 697 2269 propria.
754 2233 809 2262 Sic
845 2235 917 2261 Seu.

119 2281 236 2316 Agam.
273 2278 339 2308 793
396 2277 500 2309 Pater
539 2278 598 2320 qui
638 2288 744 2308 saeva
781 2281 920 2317 torques

114 2323 285 2364 fulmina.

167 2380 244 2411 209.
277 2379 380 2411 Caeci
406 2380 507 2421 ignes
539 2386 631 2417 sunt,
672 2382 728 2417 qui
759 2383 847 2410 nullo
872 2381 917 2409 fe—

119 2432 234 2458 runtur
272 2429 490 2457 moderamine
531 2434 561 2457 et
597 2429 745 2458 consilio.
806 2430 918 2461 Itaque

118 2475 334 2509 nequidquam
359 2477 475 2511 horret,
500 2475 620 2507 metuit,
648 2478 822 2503 veneratur
848 2475 919 2501 Iar-

118 2523 179 2549 bas
205 2521 331 2553 lovem,
366 2528 463 2554 quum
495 2529 558 2548 non
583 2520 655 2549 eius
685 2520 821 2549 consilio
853 2519 919 2548 ful·-

118 2567 207 2596 mina
232 2566 289 2593 sed
314 2565 440 2593 Fortuito
462 2565 604 2594 ferantur
630 2566 661 2593 in
687 2570 797 2594 sontes
814 2568 844 2593 et
867 2565 919 2593 in-

119 2615 237 2641 sontes.
277 2626 315 2630 ——
359 2607 502 2639 miscent
539 2611 578 2640 cf.
614 2612 672 2640 Sil.
700 2609 758 2647 12,
785 2608 849 2638 (528
882 2612 919 2638 Et

119 2664 258 2686 caecum
299 2656 439 2684 nubibus
477 2657 584 2693 ignem
625 2664 870 2691 murmuraque
904 2664 921 2684 e

118 2703 228 2732 ventis
254 2698 392 2730 misceri
418 2709 507 2731 vana
532 2703 663 2731 docebat
690 2703 738 2730 Pl.
763 2703 820 2736 Ep.
844 2701 875 2736 5,
902 2698 920 2729 6

118 2751 156 2778 In
179 2751 239 2778 hoc
264 2748 350 2776 fonte
376 2752 497 2782 crater,
523 2748 611 2777 circa
634 2748 821 2782 siphunculi
848 2749 921 2782 plu-

118 2803 171 2824 res
196 2792 339 2823 miscent
364 2794 636 2822 inmundissimum
662 2800 829 2822 murmur,
868 2789 921 2821 Pl.

119 2841 202 2870 coni.
227 2837 360 2868 misces.
412 2839 459 2867 Cf.
486 2837 559 2867 160.

167 2894 244 2925 212.
279 2894 399 2925 Urbem
430 2904 561 2936 ponere
596 2893 673 2924 344.
716 2896 791 2924 Hor.
828 2896 863 2924 C.
891 2893 921 2932 2,

121 2941 152 2979 6,
175 2942 206 2971 5.

166 2996 242 3027 213.
273 2995 357 3028 Loci
390 2995 488 3038 leges
523 2995 606 3035 dat,
653 2998 705 3027 cui
742 3000 801 3026 sub
836 3002 924 3027 certa

121 3045 192 3081 lege
222 3046 330 3075 locum
365 3044 511 3074 concedit
544 3047 578 3073 ut
617 3044 782 3080 dominus,
822 3052 924 3079 neque

965 1262 1051 1290 enim
1077 1263 1165 1298 leges
1196 1265 1225 1290 et
1254 1261 1326 1290 iura
1355 1260 1432 1287 dare
1464 1260 1582 1293 potest,
1623 1255 1687 1283 nisi
1712 1255 1766 1290 qui

964 1309 1109 1342 imperat.

1011 1350 1087 1382 216.
1120 1350 1306 1381 Maeonius
1341 1355 1390 1380 est
1427 1348 1568 1385 Lydius,
1614 1348 1767 1393 Maeones

964 1400 1049 1434 Lydi
1083 1399 1122 1429 cf.
1149 1401 1253 1428 Strab.
1284 1395 1336 1432 13,
1361 1394 1391 1431 4,
1417 1395 1436 1423 5
1469 1403 1498 1430 p.
1529 1392 1593 1421 625
1619 1386 1766 1424 Λυδων,

965 1438 1031 1479 οὓς
1061 1438 1081 1473 ὁ
1113 1437 1278 1483 ποηητὴς
1314 1439 1418 1471 καλεῖ
1450 1433 1628 1481 Μῄονας,
1669 1431 1704 1485 o}
1736 1429 1768 1464 δ’

963 1483 1118 1527 ὕστερον
1140 1486 1324 1523 ΛΜαίουας.
1356 1503 1393 1508 —-
1421 1481 1620 1521 „Maeonia
1646 1484 1766 1516 mztra,

967 1537 1092 1572 Lydia3
1120 1544 1195 1565 nam
1219 1538 1389 1564 utebantur
1412 1537 1441 1561 et
1459 1533 1609 1567 Phryges
1635 1533 1663 1558 et
1683 1527 1767 1563 Lydi

966 1580 1085 1615 mitra,
1111 1585 1170 1611 boc
1190 1586 1238 1610 est
1262 1582 1398 1610 incurvo
1421 1579 1517 1614 pileo,
1543 1579 1580 1605 de
1606 1583 1667 1610 quo
1690 1581 1766 1608 pen-

967 1630 1059 1657 debat
1080 1629 1176 1657 etiam
1203 1630 1376 1657 buccarum
1404 1622 1563 1661 tegimen‘'·
1581 1624 1630 1656 S.;
1657 1621 1767 1655 itaque

966 1674 1100 1702 fimbriis
1142 1674 1308 1709 pendulis,
1350 1674 1410 1701 sub
1444 1674 1550 1700 mento
1581 1666 1766 1703 subligatis,

967 1722 1074 1760 malae
1106 1724 1135 1748 et
1169 1725 1312 1754 tempora
1337 1720 1533 1754 tegebamur.
1583 1714 1680 1748 Apud
1701 1712 1767 1740 Ro-

965 1774 1080 1795 manos
1107 1767 1221 1794 mitrae
1247 1770 1335 1793 erant
1359 1763 1578 1795 meretricum,
1615 1759 1697 1794 quod
1721 1761 1766 1785 te-

969 1816 1072 1841 statur
1100 1812 1236 1840 Servius
1262 1815 1290 1839 et
1317 1812 1387 1839 luv.
1407 1808 1436 1845 3,
1454 1806 1507 1836 66.
1542 1806 1602 1835 Sed
1623 1805 1688 1832 iam
1711 1803 1766 1832 Ci-

969 1858 1096 1887 ceronis
1121 1862 1262 1892 tempore
1291 1858 1346 1885 vel
1368 1859 1534 1884 senatores
1556 1853 1589 1880 in
1610 1850 1711 1879 hortis
1737 1851 1766 1876 et

970 1904 1105 1938 Neapoli
1158 1903 1299 1932 mitellas
1353 1904 1524 1935 gesserunt
1576 1896 1766 1925 deliciarum

968 1957 1089 1979 caussa
1119 1954 1147 1977 et
1182 1948 1378 1983 voluptatis,
1414 1955 1458 1982 pr.
1487 1946 1568 1974 Rab.
1597 1943 1684 1970 Post.
1712 1937 1765 1976 10,

969 1993 1021 2023 26.
1062 2011 1099 2014 —
1142 1996 1271 2023 Crinem
1302 1997 1501 2029 unguentate
1531 1990 1602 2019 viro
1633 1987 1766 2023 dignum

969 2049 1031 2069 non
1064 2043 1242 2069 habebatur
1273 2041 1357 2075 apud
1393 2039 1567 2067 Romanos.
1624 2033 1678 2062 Sic
1712 2040 1764 2066 ap.

967 2087 1062 2115 ovid.
1094 2087 1259 2115 Pentheus
1292 2087 1420 2115 Baccho
1456 2083 1581 2116 obiicit,
1626 2079 1709 2114 quod
1736 2077 1766 2105 el

966 2132 1006 2160 sit
1034 2129 1141 2159 crinis
1165 2128 1304 2170 myrrha
1335 2127 1500 2159 madidus
1525 2130 1567 2156 M.
1595 2124 1626 2163 3,
1652 2124 1729 2152 555.

1012 2175 1088 2204 217.
1114 2174 1283 2205 subnixus
1306 2178 1387 2204 Mss.
1414 2191 1452 2194 —
1481 2172 1656 2202 subnexus
1682 2177 1768 2198 unus

966 2223 1155 2255 Leidensi83
1179 2222 1262 2256 quod
1285 2222 1378 2250 multi
1404 2221 1470 2249 viri
1495 2219 1578 2248 docti
1604 2216 1767 2252 praetule-

965 2272 1047 2296 runt.
1074 2266 1248 2295 novissimi
1275 2263 1337 2294 Ld.
1357 2263 1421 2293 ΕΙ).
1460 2260 1601 2292 subniti
1623 2264 1709 2290 enlm
1731 2267 1767 2287 re

965 2321 1038 2342 esse
1066 2309 1134 2341 niti
1164 2320 1200 2340 re
1230 2308 1412 2350 supposita
1453 2309 1536 2345 (etsi
1569 2308 1600 2336 id
1631 2307 1767 2335 verbum

964 2366 1125 2393 nusquam
1141 2362 1257 2387 exstat.
1270 2357 1325 2385 sed
1341 2357 1432 2385 modo
1448 2354 1654 2390 participium
1670 2350 1765 2385 hoc);

965 2409 1060 2439 atque
1084 2413 1123 2433 ea
1148 2407 1281 2432 verbum
1302 2402 1365 2438 legi
1390 2399 1626 2437 significatione
1646 2394 1765 2433 1,506.

967 2449 996 2484 3,
1016 2448 1091 2478 402.
1121 2451 1208 2484 Quod
1231 2456 1329 2484 quum
1348 2452 1490 2476 mentum
1513 2445 1609 2474 mitra
1631 2451 1694 2472 non
1715 2442 1767 2470 ni-

965 2500 1065 2533 tatur,
1096 2500 1261 2530 praestare
1285 2492 1469 2521 subnexus.
1516 2492 1659 2519 Verbum
1689 2484 1768 2515 sub-

965 2544 1100 2571 nectere
1124 2540 1262 2575 legimus
1292 2538 1318 2574 l,
1344 2537 1421 2567 492.
1458 2536 1628 2573 Quaeritur
1650 2538 1767 2570 tamen,

965 2596 1041 2616 num
1067 2588 1194 2615 dicatur
1218 2584 1415 2614 subnectere
1441 2585 1609 2617 mentum,
1634 2582 1688 2609 vel
1712 2586 1768 2609 ca-

966 2638 1032 2668 put,
1050 2634 1104 2661 vel
1125 2637 1249 2668 partem
1274 2631 1373 2660 aliam
1396 2631 1551 2665 corporis,
1575 2635 1673 2662 quum
1689 2628 1767 2655 sub-

967 2683 1112 2709 nectatur
1131 2679 1244 2715 vestis,
1268 2677 1375 2709 mitra,
1400 2678 1560 2711 chlamys
1591 2675 1661 2702 Iam
1688 2679 1766 2702 vero

966 2725 1122 2760 quomodo
1154 2723 1371 2759 explicabitur
1403 2722 1478 2749 Silii
1509 2722 1601 2750 locus
1634 2716 1672 2755 2,
1701 2715 1765 2746 397

966 2768 1182 2810 galeamque
1223 2765 1377 2797 coruscis
1410 2764 1592 2795 subnixam
1628 2758 1767 2793 cristis?

967 2825 1042 2845 num
1071 2825 1107 2845 eo
1138 2816 1234 2845 etiam
1260 2816 1329 2843 loco
1356 2810 1541 2842 subnexam
1573 2810 1768 2840 substituere

968 2863 1129 2896 placebit?
1150 2869 1226 2889 num
1245 2861 1372 2896 galeam
1390 2859 1449 2887 niti
1470 2857 1595 2893 cristis,
1623 2865 1684 2885 non
1704 2855 1767 2885 cri-

968 2913 1038 2936 stas
1071 2909 1186 2944 galea?
1234 2907 1326 2934 Adde
1355 2906 1462 2933 Plaut.
1491 2906 1581 2933 Pers.
1624 2901 1661 2938 2,
1685 2903 1721 2936 5,
1748 2899 1767 2928 6

969 2951 1127 2982 subnixis
1154 2949 1222 2981 alis
1256 2958 1310 2979 me
1339 2947 1512 2987 inscram5
1551 2950 1572 2978 i.
1608 2958 1634 2978 e.
1668 2950 1768 2978 celer-

970 3000 1061 3034 rime,
1083 3000 1148 3027 alis
1172 2996 1320 3026 subditis.

1018 3042 1095 3073 218.
1127 3040 1263 3083 Quippe
1284 3049 1356 3071 cum
1379 3041 1507 3070 malitia
1531 3041 1661 3076 (lictum,
1686 3043 1719 3068 ut
1740 3036 1767 3075 l,
