2023 3350
682 138 920 173 AENEIDOS
952 139 1039 172 Lm.
1065 140 1126 172 w.

78 257 166 299 Aut
204 255 277 311 qui
315 253 476 296 divitiis
513 252 594 295 soli
632 252 866 295 incubuere
904 253 1099 308 repertis,

1649 138 1728 178 301

1648 252 1733 293 610

79 315 169 356 Nec
204 316 372 368 partem
407 325 592 366 posuere
632 311 739 363 suis,
779 325 890 366 quae
928 312 1118 353 maxima
1154 308 1285 352 turba
1325 312 1412 362 est;

80 373 247 427 Quique
286 370 339 413 ob
379 369 640 411 adulterium
679 370 816 421 caesi,
856 370 1015 424 quique
1057 382 1180 411 arma
1219 368 1357 410 secuti

79 430 238 484 Impia,
277 442 354 470 nec
388 427 515 469 veriti
552 427 828 469 dominorum
860 427 1013 469 fallere
1051 427 1239 477 dextras,

77 487 240 529 Inclusi
279 499 465 541 poenam
501 489 776 539 exspectant3
815 499 868 527 ne
905 499 1067 540 quaere
1102 484 1260 536 doceri,

75 601 240 644 plorare.-
281 601 321 632 Si
339 604 519 643 parentem
543 610 631 643 puer
657 600 880 640 verberassit‚

78 653 134 680 ast
159 647 226 679 olle
247 647 433 689 plorassit,
459 656 548 688 puer
576 646 669 678 divis
693 652 880 689 parentum

78 703 177 725 sacer
195 698 277 725 esto.
302 695 340 724 cf.
355 697 436 723 Mos.
454 696 553 723 Exod.
571 692 624 731 et,
642 695 672 724 5.
712 697 748 723 Et
767 696 880 730 quanti

80 743 191 770 habita
223 742 264 770 sit
299 742 403 776 pietas
439 741 471 768 in
503 746 654 775 parentes
684 743 737 770 vel
770 743 880 771 scelus

77 788 292 824 contrarium,
326 786 365 816 cf.
393 788 493 815 Paus.
522 784 579 823 10,
611 785 664 815 29.
714 788 777 822 Ap.
806 790 878 815 Seu.

77 834 186 862 Comr.
210 832 240 869 9,
265 830 283 860 4
313 829 382 870 Qui
404 834 541 872 patrem
567 830 778 871 pulsaverit,
805 841 880 861 rna-

76 887 143 907 11113
164 876 195 908 ei
210 875 454 919 praecidatur.
490 877 570 907 Eius
587 880 721 908 sceleris
736 879 879 907 maxime

76 933 152 954 esse
186 932 323 960 poenam
356 925 442 959 apud
476 924 595 953 inferos
627 926 767 959 sumpsit
799 926 878 953 Stat.

78 971 137 999 sit.
165 968 201 1007 3,
230 968 265 1008 3,
296 968 346 998 15.
379 985 417 990 —
448 968 557 1008 fraus
585 968 713 999 innexa
748 968 880 999 clienti,

77 1018 288 1046 patronatum
313 1020 344 1045 et
377 1016 561 1045 clientelam
589 1016 713 1050 antiqui
739 1016 881 1045 Romani

78 1062 131 1097 pie
155 1063 218 1092 coli
244 1063 408 1098 volebant,
435 1062 509 1090 hinc
530 1063 562 1090 in
580 1064 642 1090 xll
659 1063 795 1091 Tabulis
814 1066 881 1090 erat

75 1111 157 1137 teste
171 1108 303 1137 Servio:
337 1104 513 1137 Patronus
529 1106 559 1136 si
575 1106 881 1144 clientisraudem

73 1151 184 1192 faxit,
211 1161 311 1183 sacer
334 1156 418 1183 esto.
474 1154 520 1182 Cf.
548 1154 642 1182 Dion.
669 1155 742 1182 Hal.
770 1151 800 1189 2,
833 1151 880 1181 10.

76 1201 229 1229 Solebam
250 1204 356 1228 autem
374 1208 410 1228 eo
431 1204 571 1234 tempore
588 1208 608 1228 a
623 1200 781 1228 divitibus
799 1206 880 1234 pau-

77 1253 170 1280 peres
201 1246 324 1281 coloni,
363 1245 418 1280 qui
449 1253 546 1280 prope
581 1246 786 1281 habitabant,
824 1246 879 1272 de-

77 1292 173 1326 pelli:
230 1293 306 1320 Hor.
340 1292 375 1320 C.
412 1289 448 1326 2,
483 1288 540 1325 le,
573 1290 614 1319 23
654 1288 747 1330 Quid
784 1286 876 1330 qnod

76 1344 186 1377 usque
214 1334 392 1376 proximos
419 1334 560 1365 revellis
593 1335 677 1377 agri
715 1333 880 1366 terminos

76 1385 109 1412 ei
137 1380 230 1411 ultra
262 1380 391 1410 limites
416 1379 594 1412 clientium
622 1379 709 1411 salis
734 1388 879 1410 avarus.

74 1443 120 1448 —
150 1430 259 1462 Neque
286 1432 394 1456 tamen
420 1429 443 1457 ii
475 1432 566 1457 erant
596 1428 750 1463 autiquae
778 1427 879 1457 clien-

76 1476 159 1503 telae
187 1476 258 1510 lege
287 1474 399 1503 11111011.

122 1517 199 1548 610.
226 1517 286 1559 qui
311 1517 498 1548 incubuere
521 1515 588 1548 soli
612 1515 775 1558 repertis,
806 1518 826 1547 i.
852 1527 879 1546 e.

74 1573 159 1601 quas
197 1567 301 1595 multa
338 1569 435 1594 antea
474 1565 537 1593 sibi
572 1568 768 1600 paraveram
801 1572 879 1593 cura

77 1609 231 1647 divitiis,
259 1616 289 1640 et
314 1620 331 1640 e
352 1611 552 1646 pauperibus
576 1612 697 1640 divites
720 1611 797 1641 facti
823 1618 880 1639 eas

75 1658 138 1686 soli
163 1662 192 1687 et
214 1659 255 1686 ab
280 1657 422 1686 omnium
450 1657 615 1686 11011111111111
637 1657 750 1686 remoti
775 1657 880 1685 socie-

75 1707 140 1733 tate
166 1703 259 1733 anxii
286 1703 480 1739 custodiunt,
510 1712 612 1738 neque
639 1701 713 1731 suis
735 1703 881 1736 cognatis

72 1751 224 1789 ponunt,
251 1750 422 1784 deponunt,
440 1750 618 1778 attribuunt
637 1750 784 1783 aliquam
806 1756 881 1783 par-

74 1800 147 1824 tem.
196 1795 244 1824 Cf.
276 1797 312 1824 G.
347 1793 383 1832 2,
416 1793 481 1823 507
519 1792 645 1824 Condit
675 1803 755 1834 opes
787 1792 882 1823 alins

74 1837 284 1880 defossoque
309 1837 453 1870 incubat
482 1849 581 1870 auro,
632 1841 739 1875 Quint.
770 1837 823 1875 10,
852 1837 881 1877 1,

74 1884 93 1914 2
115 1884 210 1916 velut
229 1884 362 1916 clausis
380 1883 557 1915 thesauris
575 1884 766 1915 incubabit.
805 1888 879 1914 Seu.

74 1933 128 1961 Ira
156 1930 190 1969 1,
218 1929 277 1970 16,
307 1930 349 1960 32
381 1930 517 1961 acernis
553 1930 635 1961 auri
668 1929 881 1973 argentique

73 1975 229 2007 incubat.
293 1979 368 2007 Hor.
401 1980 432 2006 S.
471 1975 506 2012 1,
551 1975 585 2013 1,
623 1975 665 2005 70
704 1975 882 2019 congestis

74 2021 233 2063 undique
261 2021 372 2052 saccis
405 2021 576 2052 indormis
607 2020 762 2055 inhians.
825 2021 881 2052 Gt.

74 2077 131 2104 pro
158 2067 224 2098 soli
248 2071 300 2098 dat
323 2067 422 2105 olim,
451 2070 533 2105 quod
558 2071 659 2099 lateat
684 2070 718 2098 in
743 2066 883 2098 diuitiis

73 2113 142 2144 soli
161 2113 360 2152 incubuere,
381 2116 490 2150 itaque
510 2116 598 2150 ⁴,iam
616 2116 739 2151 pridem
753 2115 785 2144 in
803 2123 882 2144 arca

74 2159 246 2191 conditae“
271 2166 357 2190 sunt.
421 2158 471 2190 ΡΙ.
499 2162 581 2191 coni.
611 2159 663 2190 ori
692 2162 713 2190 i.
740 2170 766 2191 e.
799 2158 882 2189 auri

73 2216 131 2242 pro
165 2205 240 2237 soli.
291 2208 371 2242 Quis
402 2208 484 2237 dixit
513 2208 559 2236 ita
591 2204 739 2236 ‹lit-inias
774 2202 881 2236 auri?

74 2255 185 2282 Nemo.
239 2250 294 2283 Pl.
321 2254 447 2289 quaerit
472 2255 580 2287 locos,
606 2255 663 2283 sed
687 2262 752 2282 11011
778 2256 881 2289 potest

75 2299 139 2328 sibi
164 2299 231 2327 nisi
255 2300 454 2329 coniecturis
478 2307 605 2335 parare.

122 2341 199 2373 611.
227 2353 317 2384 quae
350 2354 392 2374 m.
429 2348 453 2375 t.
486 2348 555 2375 est.-
595 2345 637 2375 ct'.
674 2346 748 2373 Sen.
782 2345 879 2373 Brev.

75 2390 142 2419 Vit.
174 2387 213 2418 13
242 2388 303 2429 qui
329 2388 364 2420 in
391 2388 573 2421 literarum
602 2388 781 2420 inutilium
809 2393 883 2419 stu-

75 2433 147 2465 diis
172 2432 393 2472 dearmatum
419 2445 509 2476 quae
533 2435 602 2466 iani
627 2433 725 2477 apud
751 2433 882 2465 Roma-

73 2490 138 2511 nos
164 2489 300 2522 quoque
323 2490 461 2522 magna
487 2491 612 2512 manus
639 2484 700 2512 est.
748 2482 881 2511 Avaro-

75 2535 147 2556 rum
186 2531 217 2556 et
253 2528 454 2557 sordidorum
492 2537 529 2558 eo
563 2533 703 2563 tempore
734 2529 882 2557 maxima

75 2576 171 2603 turba
195 2578 282 2602 erat:
314 2582 417 2609 neque
440 2575 568 2612 mirum,
593 2582 692 2610 quum
716 2577 801 2603 bona
823 2576 882 2604 ad—

74 2621 206 2649 modum
241 2621 366 2649 caduca
396 2623 436 2649 ab
469 2621 534 2649 alio
566 2622 607 2650 ad
646 2621 750 2649 alium
785 2621 882 2650 hellis

76 2666 234 2695 civilibus
248 2666 414 2695 celerrime
428 2667 633 2695 transissent.
655 2666 748 2695 Unde
761 2665 882 2696 factum

75 2716 135 2749 est,
161 2716 196 2741 ut
220 2712 281 2740 alii
305 2718 345 2741 ea
368 2712 455 2741 omni
474 2713 566 2741 modo
584 2713 709 2741 vellent
728 2712 880 2750 detinere,

74 2762 116 2794 et,
141 2765 181 2786 ne
205 2758 389 2787 amitterent
411 2758 517 2795 anxii,
542 2758 588 2787 uti
607 2758 649 2786 iis
666 2758 797 2786 omnino
817 2767 882 2787 non

75 2805 248 2839 auderent,
287 2804 347 2832 alii
377 2808 411 2832 ut
441 2803 570 2833 fruendi
596 2808 722 2838 tempus
752 2805 882 2833 daretur

73 2849 224 2878 timentes
249 2850 336 2878 omni
360 2851 452 2879 modo
477 2849 717 2885 profunderent.

123 2893 200 2924 612.
226 2896 392 2925 Adulterii
422 2896 545 2925 crimen
574 2903 674 2930 saepe
704 2895 882 2925 committe-

76 2942 189 2976 batur;
222 2943 306 2976 quod
331 2950 374 2970 ex
396 2942 525 2971 Horatii
548 2940 753 2970 sermonibus
779 2945 882 2976 potest

76 2986 235 3025 intelligi,
269 2991 299 3016 et
325 2995 367 3016 ex
392 2996 446 3024 eo,
477 2988 561 3022 quod
587 2987 714 3023 legibus
739 2994 814 3016 eam
839 2988 882 3016 li-

76 3032 216 3062 centiam
253 3041 401 3063 coercere
436 3034 610 3070 Augustus
649 3036 787 3062 conatus
821 3037 881 3063 est.

77 3077 282 3108 connubium
320 3083 429 3109 autem
470 3078 682 3109 sanctissime
715 3079 882 3108 coluerant

927 605 1067 633 Romani
1093 603 1230 639 antiqui,
1258 609 1329 631 eam
1357 600 1611 631 sanctimoniam
1637 609 1732 630 revo-

927 658 1001 680 care
1027 655 1162 680 conatur
1188 654 1298 684 poeta:
1330 655 1406 676 nam
1435 648 1464 675 si
1497 647 1732 676 connubiorum

926 701 957 725 et
984 697 1187 725 familiarum
1213 695 1351 724 vincula
1377 695 1568 730 solvantur,
1596 700 1733 728 persua-

926 750 1000 771 sum
1022 745 1128 778 hahet,
1154 742 1308 777 populum
1334 740 1524 774 periturum.
1547 754 1585 758 —
1608 742 1734 768 Obscu-

926 797 998 817 rum
1031 792 1098 824 est,
1140 788 1223 822 quod
1254 783 1347 814 caesi
1377 789 1611 822 memoramur,
1646 785 1667 813 i.
1703 794 1731 814 e.

927 835 981 869 qui
1008 834 1042 862 in
1068 833 1217 867 flagranti
1242 832 1358 861 delicto
1383 831 1486 860 occisi
1507 835 1598 866 sunt,
1632 839 1734 865 quum

926 881 1013 915 apud
1045 880 1171 908 Inferos
1208 878 1346 907 adulteri
1383 885 1495 905 omnes
1534 876 1731 913 puniantur3

927 926 972 954 ibi
996 926 1081 954 0111111
1102 929 1338 961 cognoscuntur
1354 925 1479 952 scelera
1501 923 1620 951 omnia.
1666 919 1731 952 Ld.

932 968 983 1000 Pl.
1016 972 1122 1000 delent
1158 979 1189 1000 v.
1230 967 1307 997 612.
1343 965 1393 996 13.
1463 965 1549 1008 Wg.
1590 968 1736 1003 explicat

929 1018 1040 1054 ,.caesi
1068 1013 1302 1049 verberibus&
1339 1015 1379 1042 ad
1412 1014 1495 1042 idem
1525 1014 1623 1050 redit,
1658 1018 1735 1042 sunt

928 1062 1119 1098 deprehensi
1145 1063 1178 1090 in
1204 1060 1381 1094 adulterim
1416 1059 1525 1093 itaque
1550 1059 1679 1088 videtur
1699 1059 1734 1088 in

929 1117 966 1137 eo
1000 1109 1130 1138 cardine
1164 1116 1230 1136 rem
1260 1105 1372 1142 volvi,
1413 1113 1489 1133 num
1522 1105 1596 1139 quis
1622 1106 1736 1139 depre-

929 1157 1051 1183 hensus
1074 1154 1134 1189 sit,
1162 1162 1224 1181 non
1250 1159 1327 1180 num
1349 1150 1423 1185 quis
1448 1150 1643 1185 peccaverit.
1688 1151 1734 1179 At

929 1204 1022 1234 poeta
1049 1200 1079 1227 id
1106 1199 1208 1227 voluit
1234 1197 1385 1231 intelligi.
1417 1211 1455 1216 -—
1491 1193 1605 1234 Impia
1632 1204 1735 1225 arma

927 1242 1039 1273 secuti
1069 1247 1168 1281 sunt,
1217 1244 1272 1279 qui
1317 1246 1429 1271 contra
1466 1242 1606 1277 patriam
1642 1249 1735 1271 arma

928 1294 1154 1325 sumpserunt.
1188 1290 1297 1324 qualis
1328 1293 1397 1317 erat
1424 1289 1569 1317 Catilina
1599 1292 1629 1316 et
1660 1289 1734 1316 An-

927 1337 1052 1369 tonius,
1094 1337 1239 1370 Augusti
1272 1335 1503 1370 adversarius,
1544 1334 1598 1368 qui
1635 1334 1734 1363 etiam

927 1390 978 1417 ap.
1012 1384 1142 1411 Florum
1183 1382 1288 1411 hostis
1331 1382 1413 1416 iam,
1461 1388 1524 1408 nou
1564 1381 1734 1408 Romanus

927 1431 1063 1457 liabetur
1085 1428 1123 1456 cf.
1154 1426 1189 1464 4,
1221 1426 1277 1462 11,
1304 1427 1322 1455 5
1350 1431 1379 1456 et
1410 1423 1443 1461 1,
1473 1423 1532 1462 1⁶2,
1559 1426 1614 1461 qui
1639 1427 1734 1455 Cleo-

928 1480 1040 1510 patrae
1082 1476 1203 1503 bellum
1245 1478 1357 1503 contra
1401 1473 1569 1501 Romanos
1620 1472 1733 1506 gessit.

928 1521 1041 1549 Pietas
1067 1525 1114 1549 est
1138 1528 1216 1554 erga
1241 1523 1406 1555 parentes,
1443 1519 1599 1553 patriam,
1632 1519 1730 1554 tle0s3

928 1567 1029 1602 impia
1059 1574 1150 1595 arma
1185 1567 1262 1603 fert,
1306 1566 1361 1600 qui
1400 1570 1511 1594 contra
1546 1572 1602 1593 eos
1641 1571 1735 1593 arma

928 1613 996 1642 fert.
1047 1615 1160 1648 Itaque
1191 1621 1253 1641 non
1285 1616 1353 1640 erat
1378 1611 1554 1640 timendum
1579 1611 1733 1648 Virgilio,

929 1668 968 1687 ne
993 1659 1203 1688 offenderetur
1224 1659 1409 1693 Augustus,
1436 1658 1491 1692 qui
1517 1658 1605 1686 bella
1631 1657 1735 1693 gessit

929 1706 1056 1734 civilia.
1107 1706 1246 1734 Servius
1282 1703 1442 1733 intellexit
1477 1705 1611 1733 Sextum
1638 1704 1734 1731 Pom-

928 1752 1054 1787 peium,
1102 1751 1237 1785 eiusque
1270 1753 1388 1786 verba,
1430 1749 1496 1778 iam
1526 1752 1564 1777 011
1598 1757 1734 1778 versum

927 1801 1116 1832 sequentem
1155 1805 1197 1825 ex
1229 1800 1319 1831 parte
1349 1803 1570 1830 apponamus:
1629 1797 1734 1830 „Nam

928 1844 1035 1872 occiso
1068 1847 1160 1877 patre
1188 1842 1337 1871 Siciliam
1369 1841 1488 1877 tenuit,
1528 1845 1557 1869 et
1587 1841 1734 1869 collectis

928 1889 1001 1917 iude
1036 1889 1187 1917 servitiis
1225 1887 1372 1916 vastavit
1414 1895 1474 1916 sex
1514 1887 1612 1915 annis
1650 1888 1733 1915 ultro

927 1935 1070 1970 citroque
1105 1934 1273 1964 Siciliam:
1315 1938 1429 1969 postea
1463 1933 1572 1961 victus
1604 1936 1655 1961 est
1692 1935 1733 1962 ab

928 1982 1080 2017 Augusto
1102 1985 1133 2010 et
1156 1980 1316 2016 Agrippa.
1366 1980 1442 2007 Hor.
1469 1978 1588 2014 (Epod.
1614 1976 1652 2015 9,
1678 1976 1731 2014 9).

930 2024 1090 2056 Minatus
1131 2024 1208 2055 urbi
1248 2022 1367 2054 vincla
1402 2032 1493 2065 quae
1528 2021 1735 2054 detraxerat

928 2070 1038 2100 servis
1078 2069 1213 2100 amicus
1249 2067 1410 2112 perfidis.
1470 2072 1509 2099 Et
1539 2073 1600 2100 hoc
1633 2078 1735 2099 sensu

928 2122 994 2146 tam
1025 2119 1126 2152 impia
1163 2124 1255 2146 arma
1289 2124 1387 2152 quam
1421 2117 1623 2145 dominorum
1655 2125 1733 2146 con-

928 2164 1013 2200 gruit
1038 2161 1332 2192 commemoratio.“

975 2208 1050 2237 613.
1078 2217 1139 2238 nec
1187 2205 1290 2237 veriti
1336 2205 1557 2236 dominorum
1601 2204 1735 2244 fallere

930 2253 1086 2284 denras.
1144 2254 1240 2283 Servi
1274 2257 1303 2282 et
1342 2253 1449 2282 liberti
1479 2253 1535 2287 qui
1568 2254 1734 2282 dominum

928 2302 1155 2337 prodiderunt,
1198 2300 1282 2335 quod
1318 2299 1414 2328 bellis
1453 2298 1627 2335 civilibuS,
1677 2298 1734 2327 ubi

928 2348 1085 2383 praemiis
1115 2348 1156 2375 ad
1184 2347 1215 2375 id
1248 2346 1358 2375 scelus
1384 2345 1628 2380 excitabantur,
1658 2351 1733 2373 sae-

928 2394 1065 2429 pissime
1095 2393 1215 2422 factum
1246 2396 1311 2427 est,
1350 2391 1436 2426 App.
1470 2391 1506 2418 B.
1537 2390 1571 2419 C.
1605 2386 1641 2427 4,
1677 2387 1732 2419 22.

929 2437 982 2468 29.
1012 2437 1065 2468 39.
1096 2436 1149 2468 51.
1198 2439 1235 2466 111
1260 2440 1318 2466 1100
1341 2437 1439 2466 etiam
1468 2444 1567 2464 versu
1596 2438 1732 2465 haesere

928 2486 1131 2521 interpretes,
1155 2485 1239 2519 quod
1261 2491 1432 2513 servorum
1453 2482 1487 2510 111
1509 2481 1652 2510 carmine
1674 2482 1734 2510 tali

927 2533 1036 2560 locum
1061 2531 1234 2568 attigisset.
1285 2530 1347 2558 Sed
1372 2529 1441 2557 illis
1467 2528 1664 2562 temporibus
1691 2528 1733 2556 li-

928 2578 1126 2606 bertinorum
1157 2578 1280 2606 multae
1312 2578 1403 2604 erant
1444 2578 1562 2609 partes.
1618 2574 1734 2602 Restat

928 2624 1105 2653 difficultas
1138 2623 1225 2658 alia,
1259 2628 1335 2649 nam
1366 2621 1399 2648 in
1431 2618 1573 2648 dextras
1599 2617 1733 2657 fallere

927 2670 1068 2699 indicari
1100 2669 1228 2698 videtur
1256 2668 1413 2696 sollemne
1445 2665 1576 2700 aliquod
1602 2669 1733 2700 pactum

928 2716 1143 2745 dominorum.
1197 2715 1319 2742 Tamen
1358 2716 1386 2741 et
1424 2714 1484 2741 1100
1513 2711 1633 2741 factum
1666 2715 1732 2748 est3

928 2766 1097 2796 spectasse
1133 2761 1220 2789 enim
1253 2759 1382 2787 videtur
1412 2758 1486 2794 Vgl.
1527 2758 1611 2786 inter
1646 2758 1732 2786 alios

928 2809 968 2836 ad
1002 2809 1133 2836 Menam
1166 2807 1259 2834 illum
1291 2804 1348 2832 Cn.
1386 2803 1533 2838 Pompeii
1570 2803 1732 2841 libertum,

928 2854 983 2888 qui
1003 2854 1094 2882 Sexti
1113 2851 1260 2886 Pompeii
1284 2851 1350 2878 dux
1371 2849 1492 2879 classis
1514 2857 1594 2878 auro
1616 2853 1733 2884 captus

928 2900 969 2928 ad
1000 2899 1218 2928 Octavianum
1254 2895 1408 2933 descivit,
1449 2895 1524 2924 dein
1559 2896 1600 2924 ad
1634 2896 1734 2923 Pom-

928 2945 1037 2980 peium
1062 2945 1174 2980 rediit,
1199 2944 1377 2976 iterumque
1402 2945 1573 2976 corruptus
1595 2942 1733 2976 Pompe-

927 2991 995 3019 ium
1026 2990 1171 3019 destituit
1195 2996 1297 3023 eaque
1318 2987 1433 3016 fraude
1456 2987 1605 3022 perdidit.

976 3034 1052 3065 614.
1086 3033 1236 3065 Poenam
1274 3035 1476 3073 exspectant
1516 3033 1622 3071 „quod
1657 3039 1734 3069 gra—

928 3081 1006 3111 vius
1031 3086 1090 3111 est.
1140 3083 1222 3110 Nam
1250 3080 1283 3108 in
1314 3079 1557 3116 exspectatione
1581 3082 1611 3109 et
1638 3086 1733 3115 prae-
