2023 3350
740 103 978 137 AENEIDOS
1007 105 1093 139 LlB.
1125 107 1166 139 V.

1687 108 1709 146 [Ο

1717 108 1739 146 0-7

1748 108 1764 146 μή

124 218 323 272 Purpura
355 215 589 259 Maeandro
627 216 790 271 duplici
825 217 1040 260 Meliboea
1077 219 1288 272 cucurrit3

123 276 408 329 Intextusque
445 288 553 327 puer
586 273 793 317 frondosa
829 276 972 329 regius
1006 276 1086 318 Ida

124 333 304 375 Veloces
340 331 482 374 iaculo
519 345 666 373 cervos
704 346 920 386 cursuque
959 333 1129 387 fatigat,

122 391 251 442 Acer,
293 389 516 432 anhelanti
552 389 718 441 similis,
764 404 890 444 quem
928 405 1112 445 praepes
1149 390 1204 432 ab
1241 390 1320 432 Ida

124 447 360 490 Sublimem
394 445 577 500 pedibus
616 447 764 500 rapuit
804 448 918 490 Iovis
957 449 1145 502 armiger
1179 449 1321 489 uncis:

1685 451 1708 488 [0

1715 463 1737 488 C)
1718 451 1733 460 1

1743 450 1765 488 01

122 505 340 558 Longaevi
373 504 540 558 palmas
576 504 871 559 nequidquam
908 506 964 547 ad
1002 507 1147 548 sidera
1183 506 1367 547 tendunt

124 562 356 613 Custodes,
403 562 623 615 saevitque
661 576 814 604 canum
851 564 1036 605 latratus
1077 564 1121 605 in
1159 577 1300 605 auras.

120 620 179 662 At
218 619 292 673 qui
334 619 488 660 deinde
523 619 665 661 locum
702 621 841 662 tenuit
874 622 1034 663 virtute
1074 621 1318 672 secundum,

121 677 306 719 Levibus
338 676 438 718 huic
476 676 616 718 hamis
657 682 899 720 consertam
937 692 1131 732 auroque
1171 679 1357 720 trilicem

121 735 337 786 Loricam,
380 748 510 787 quam
547 735 751 777 Demoleo
789 736 1040 778 detraxerat
1074 737 1167 789 ipse

121 793 273 834 Victor
314 791 431 846 apud
470 792 669 845 rapidum
708 793 928 836 Simoenta

1684 709 1766 773 260

968 793 1045 835 sub
1083 794 1163 835 Ilio
1199 792 1300 843 alto,

120 851 268 892 Donat
302 850 464 891 habere
500 850 611 900 viro,
657 850 784 892 decus
823 854 865 892 et
901 854 1097 893 tutamen
1135 851 1180 892 in
1214 850 1359 891 armis.

121 908 205 949 Vix
241 908 361 949 illam
398 907 550 948 famuli
582 907 777 961 Phegeus
815 907 1077 961 Sagarisque
1106 907 1305 950 ferebant

121 965 425 1018 Multiplicem,
471 965 642 1006 connixi
678 965 887 1017 humerisg
935 966 1112 1007 indutus
1151 968 1197 1006 at
1237 964 1339 1006 olim

120 1023 350 1064 Demoleos
388 1036 516 1064 cursu
547 1022 746 1075 palantes
780 1023 913 1064 Troas
947 1022 1117 1076 agebat.

121 1081 267 1122 Tertia
305 1079 418 1122 dona
449 1079 555 1121 facit
591 1081 781 1132 geminos
814 1093 867 1121 ex
901 1094 1001 1121 aere
1042 1079 1220 1128 lebetaS,

122 1138 385 1192 Cymbiaque
422 1141 601 1190 argento
638 1137 832 1190 perfecta
864 1140 999 1189 atque
1036 1149 1192 1190 aspera
1229 1133 1375 1186 signis.

119 1197 298 1250 Iamque
333 1195 442 1237 adeo
475 1194 624 1236 donati
657 1208 822 1246 omnes,
866 1194 1105 1248 opibusque
1138 1191 1313 1246 superbi

167 1332 244 1365 251.
272 1331 496 1373 „Maeandro
515 1330 666 1373 duplici.-
692 1334 845 1363 flexuoso.
881 1335 919 1362 Et

122 1385 183 1412 hoc
216 1382 308 1411 dicit:
350 1383 427 1410 Erat
455 1380 491 1408 in
521 1381 693 1415 chlamyde
719 1380 864 1409 flexuosa
889 1383 918 1408 et

121 1428 155 1456 in
199 1436 235 1457 se
280 1426 464 1456 remeabilis
508 1432 668 1462 purpura,
716 1426 748 1454 111
790 1426 919 1455 modum

120 1473 288 1502 Maeandri
311 1472 455 1501 fluminis
479 1472 597 1500 Cariae
620 1470 843 1505 provinciaef‘
869 1473 900 1500 S.

168 1517 246 1548 252.
272 1520 419 1547 Intextus
456 1521 523 1545 erat
558 1520 670 1551 raptus
704 1518 918 1552 Ganymedes.

121 1566 206 1594 Dum
232 1564 354 1593 tollitur
378 1566 418 1593 ab
439 1563 561 1599 aquila,
581 1563 680 1598 potuit
705 1572 746 1592 ex
772 1572 825 1592 ore
849 1563 920 1592 eius

121 1611 277 1647 conspici,
305 1610 358 1639 cui
380 1610 426 1638 rei
452 1610 592 1637 intentus
613 1608 748 1643 fuissem
774 1613 921 1643 poterant

119 1657 153 1685 in
187 1657 313 1691 pictura
343 1657 460 1684 adesse
493 1655 582 1684 cervi
618 1654 791 1691 fugientes.
844 1656 920 1689 Ipse

119 1703 225 1738 magis
251 1702 418 1731 venationi
441 1702 546 1730 studet
570 1707 667 1735 quam
693 1703 838 1729 turbatur
864 1709 920 1735 pe-

121 1749 234 1777 riculo.
284 1748 403 1776 Contra
421 1748 586 1783 custodes,
622 1747 717 1780 quasi
743 1747 919 1782 repetituri,

120 1801 237 1823 manus
267 1795 400 1829 tollunt,
444 1793 586 1821 maxime
624 1797 732 1821 autem
765 1793 917 1820 saeviunt

120 1847 230 1873 0111108,
253 1839 381 1867 domino
404 1842 521 1873 erepto,
545 1839 596 1867 cui
619 1846 714 1872 qutun
733 1846 920 1867 succurrere

123 1893 189 1914 non
232 1885 376 1920 possint,
420 1886 566 1912 latrando
607 1886 743 1918 produnt
785 1885 916 1912 rabiem.

122 1932 211 1959 llaec
244 1934 277 1958 111
311 1930 379 1958 dixi
409 1930 519 1958 omnia
550 1930 582 1957 in
614 1938 680 1958 una
717 1930 842 1964 pictura
870 1930 920 1957 in-

123 1985 198 2005 esse
230 1979 375 2010 possunt.
425 1976 512 2009 Quod
539 1975 567 2002 si
594 1975 645 2003 cui
671 1975 779 2003 minus
805 1978 919 2009 proba-

122 2026 189 2059 tur,
224 2022 363 2055 accipiat
396 2021 554 2055 picturam
587 2028 643 2054 per
673 2023 767 2055 plura
795 2022 920 2049 locula-

120 2072 230 2098 menta
260 2067 451 2101 dispositam
482 2071 515 2094 ut
547 2063 577 2101 6,
604 2063 656 2093 20.
706 2067 792 2093 1110111
823 2073 920 2099 argu-

122 2117 263 2143 mentum
296 2112 328 2140 in
356 2113 469 2147 poculo
497 2112 635 2146 positum
661 2111 811 2139 describit
841 2113 919 2139 Stat.

122 2161 220 2189 Theb.
245 2157 271 2195 1,
297 2156 373 2186 548.

168 2202 243 2233 254.
276 2200 326 2233 Pl.
353 2211 408 2238 pro
436 2210 533 2242 quem
566 2201 647 2230 coni.
680 2202 762 2229 ium.
819 2197 924 2229 Prac-

120 2258 199 2290 pes,
226 2250 323 2279 celeri
351 2251 462 2277 volatu
487 2248 525 2277 cf.
554 2246 584 2283 6,
614 2245 662 2275 15.
696 2261 734 2266 —-
769 2243 820 2274 Ab
858 2243 921 2274 Ida

124 2304 187 2325 non
214 2296 354 2331 placuit,
385 2303 449 2323 non
475 2295 596 2329 solum,
630 2293 712 2327 quod
741 2289 805 2320 Ida
832 2300 923 2326 repe-

122 2342 216 2378 titur,
240 2340 305 2375 (At
336 2340 374 2369 cf.
409 2338 444 2375 6,
470 2337 556 2375 901)
594 2339 649 2367 8011
682 2339 764 2373 quod
797 2340 837 2366 ab
867 2339 922 2365 Ida

123 2396 189 2416 non
213 2391 314 2422 potest
340 2387 492 2415 devolare
515 2386 629 2419 aquila
650 2385 682 2412 in
707 2392 790 2416 eum,
809 2383 864 2417 qui
890 2384 922 2411 in

122 2434 182 2462 Ida
214 2436 272 2461 est.
331 2433 408 2460 Inde
449 2428 508 2462 ΒΓ.
544 2428 586 2459 ab
624 2427 716 2467 alto,
764 2430 922 2458 Schrader

125 2475 168 2508 ab
198 2474 322 2506 aethra
348 2477 542 2506 emendavit.
590 2477 766 2510 Utrumque
792 2478 920 2503 bonum.

125 2525 187 2552 Sed
211 2523 285 2559 Vgl.
317 2522 388 2551 sine
412 2523 507 2551 dubio
533 2522 663 2556 scripsit
697 2518 781 2556 1da;
823 2528 922 2555 quare

124 2570 322 2605 iungendum
348 2572 395 2597 est
419 2576 483 2596 non
507 2575 656 2606 praepes
681 2563 724 2594 ab
756 2563 841 2604 Ida,
867 2567 924 2595 sed

123 2613 246 2654 rapuit
274 2611 316 2642 ab
348 2611 424 2642 Ida.

172 2659 249 2688 255.
279 2656 369 2688 Iovis
392 2655 550 2697 armiger
573 2661 606 2686 ut
631 2654 661 2693 9,
688 2654 764 2685 564.
813 2656 927 2691 Expli-

124 2711 176 2736 cat
202 2712 262 2739 ov.
290 2707 363 2734 Met.
395 2702 445 2739 12,
470 2701 537 2731 560
563 2699 715 2731 volucris
741 2709 830 2741 qnae
848 2699 928 2738 ful-

123 2751 220 2782 m'ua
244 2749 359 2779 curuis·
376 2748 472 2787 ferre
497 2746 582 2777 solet
607 2744 763 2786 pedibus.
812 2749 928 2776 Obser-

125 2801 241 2828 vatum
267 2800 314 2825 est
345 2798 532 2830 tempestate
565 2793 710 2828 aquilam
738 2795 839 2822 nubes
871 2801 926 2827 pe-

127 2848 191 2873 tere
216 2847 245 2872 et
270 2843 425 2872 intactam
456 2840 591 2869 fulmine
622 2847 677 2873 per
710 2841 843 2867 aethera
868 2847 928 2867 vo-

125 2891 204 2918 lare.
233 2903 271 2908 -—
298 2885 479 2917 sublimem
503 2883 622 2924 rapuit
649 2884 687 2913 cf.
713 2881 743 2921 4,
770 2882 823 2913 22.

173 2932 250 2963 256.
279 2931 334 2963 Ad
361 2930 479 2962 sidera
505 2932 544 2961 cf.
570 2929 599 2967 3,
622 2927 700 2958 599.

174 2978 251 3008 258.
285 2975 485 3008 Secundum
506 2979 613 3006 locum
632 2978 715 3004 tenet
730 2976 929 3003 Mnestheus.

175 3023 252 3055 259.
281 3021 441 3054 Loricam
467 3024 661 3052 consertam
694 3021 794 3050 ternis
825 3020 933 3050 hamis

965 1335 1075 1364 aureis
1102 1334 1122 1362 i.
1150 1341 1177 1362 e.
1205 1329 1373 1369 trilicem,
1400 1335 1432 1359 ut
1459 1328 1490 1367 3,
1515 1326 1599 1362 4672
1631 1325 1662 1362 7,
1684 1325 1766 1362 6393

964 1381 1094 1409 bilicem
1135 1377 1192 1413 12,
1219 1376 1296 1406 375.
1341 1392 1378 1397 —
1419 1373 1561 1414 „hamis
1600 1381 1768 1412 auroque,

966 1427 1073 1455 hamis
1095 1425 1206 1454 aureis
1230 1416 1272 1452 ἓν
1298 1416 1357 1451 διὰ
1386 1417 1511 1456 δυοῖν,·
1550 1420 1609 1456 (cf.
1635 1416 1666 1455 1,
1693 1416 1767 1454 61.)

967 1472 1074 1501 hamis
1099 1475 1206 1500 autem
1232 1470 1356 1499 catenis
1378 1465 1571 1502 significatf‘
1592 1468 1623 1494 S.
1662 1466 1767 1493 Varro

967 1519 1032 1547 LL.
1062 1517 1093 1551 5,
1120 1514 1184 1544 116
1217 1517 1264 1544 ed.
1291 1517 1325 1543 Ο.
1354 1516 1396 1542 Μ.
1445 1513 1584 1550 „Lorica
1609 1511 1767 1546 (dicitur)

968 1565 1050 1599 quod
1076 1572 1092 1591 e
1117 1563 1197 1591 loris
1223 1563 1260 1590 de
1286 1562 1371 1590 corio
1398 1560 1495 1589 crudo
1520 1558 1697 1593 pectoralia
1719 1557 1768 1585 sa—

966 1611 1112 1639 ciebant:
1158 1612 1271 1643 postea
1306 1606 1443 1636 succidit
1474 1605 1602 1634 Gallica
1636 1612 1653 1631 e
1684 1603 1768 1631 ferro

966 1658 1026 1685 sub
1056 1655 1087 1683 111
1120 1655 1335 1687 vocabulum,
1376 1661 1417 1680 ex
1443 1651 1554 1679 anulis
1583 1650 1687 1678 ferrea
1716 1652 1767 1676 111-

966 1700 1074 1731 111011.“
1122 1700 1203 1729 Alia
1230 1703 1278 1728 est
1308 1698 1411 1726 lorica
1443 1696 1590 1732 squamis
1618 1698 1768 1723 contexta

966 1748 1039 1776 sive
1080 1748 1225 1781 plumata
1268 1741 1325 1780 11,
1352 1741 1418 1771 770
1468 1739 1767 1780 (Κεῑίεηραηπν,

969 1786 1326 1831 Schnppenpanzer).

1013 1836 1089 1866 260.
1121 1833 1306 1865 Demoleus
1338 1835 1394 1863 vel
1429 1834 1598 1861 Demoleos
1624 1834 1768 1860 Graecus

966 1892 1029 1912 non
1056 1883 1213 1917 reperitur
1239 1882 1324 1915 apud
1349 1881 1541 1913 Homerum,
1566 1879 1651 1913 apud
1675 1884 1768 1912 quem

966 1930 1038 1958 eius
1075 1928 1215 1957 nominis
1245 1931 1294 1955 est
1325 1925 1503 1954 Antenoris
1533 1924 1617 1952 filius
1648 1925 1686 1951 Il.
1714 1920 1767 1959 20,

968 1973 1044 2004 395.
1094 1974 1204 2003 Finxit
1246 1973 1344 2007 igitur
1379 1971 1443 1999 sibi
1479 1974 1590 2005 poeta,
1632 1976 1768 2002 eumque

967 2022 1021 2049 vel
1061 2021 1144 2048 inter
1186 2018 1381 2048 fortissimos
1421 2020 1570 2045 numerat.
1610 2013 1695 2049 2653
1736 2018 1769 2041 ut.

968 2067 1112 2102 Aeneae,
1137 2065 1191 2099 qui
1212 2072 1284 2092 eum
1307 2063 1437 2097 devicit,
1458 2062 1562 2091 maior
1589 2061 1631 2090 811
1650 2061 1767 2089 virtus.

1015 2109 1091 2138 261.
1123 2107 1187 2138 llio
1213 2107 1286 2138 alto
1311 2109 1350 2137 cf.
1377 2108 1398 2142 ξ
1431 2106 1458 2135 3.

1015 2153 1090 2183 262.
1118 2151 1197 2182 huic
1223 2168 1267 2173 -—
1294 2151 1367 2181 viro
1404 2153 1443 2182 cf.
1472 2150 1548 2180 609.
1580 2167 1617 2171 —
1651 2148 1770 2179 Donat

967 2198 1093 2229 habere
1118 2204 1151 2228 ut
1175 2197 1284 2227 donat
1310 2196 1402 2230 ferre
1430 2196 1481 2230 10,
1503 2194 1578 2224 701.
1604 2196 1643 2225 cf.
1666 2193 1695 2231 1,
1715 2193 1768 2222 66.

1015 2244 1092 2274 2113.
1119 2246 1208 2279 Quae
1234 2246 1271 2272 de
1296 2244 1434 2277 pondere
1464 2242 1585 2270 loricae
1610 2241 1769 2275 dicuntur,

969 2292 1071 2321 nimia
1092 2294 1182 2323 sunt:
1221 2290 1251 2318 si
1276 2290 1337 2317 duo
1361 2288 1478 2316 famuli
1503 2287 1563 2315 vix
1590 2286 1694 2314 serunt
1721 2287 1770 2313 lo-

968 2339 1078 2371 ricam,
1102 2344 1167 2372 qua
1189 2336 1343 2364 utendum
1368 2338 1417 2363 est
1439 2335 1618 2361 Mnestheo.
1647 2331 1694 2360 Cf.
1720 2329 1770 2366 12,

968 2382 1045 2411 7011.

1014 2427 1090 2456 265.
1116 2423 1282 2465 palantes
1307 2421 1449 2465 agebat.
1499 2422 1546 2452 Cf.
1569 2422 1626 2450 Sil.
1654 2419 1684 2458 2,
1706 2418 1769 2449 162

969 2473 1000 2504 Λ
1038 2469 1216 2501 moenibus
1255 2473 1351 2499 actos
1395 2466 1629 2508 palantesque
1672 2466 1771 2507 fuga

966 2526 1135 2561 praeceps
1161 2514 1208 2546 ad
1231 2513 1337 2544 litora
1362 2523 1464 2543 cursu
1490 2514 1627 2553 egerat.

1017 2563 1093 2593 2116.
1119 2565 1255 2592 Lebetes
1280 2569 1378 2596 saepe
1403 2561 1561 2589 donantur
1579 2558 1618 2587 cf.
1644 2555 1674 2594 3,
1691 2554 1768 2585 466.

1019 2607 1095 2638 267.
1128 2605 1291 2648 cymbia,
1329 2611 1360 2635 ut
1390 2604 1425 2641 3,
1453 2603 1510 2639 66;
1555 2605 1637 2633 1111110
1662 2611 1770 2632 eorum

972 2664 1069 2686 usum
1103 2654 1305 2690 cognoveris.
1344 2668 1382 2672 -—
1426 2648 1562 2688 Aspera
1588 2646 1704 2688 signis
1736 2652 1771 2677 111

973 2700 1004 2739 9,
1024 2698 1087 2729 263
1114 2704 1187 2728 811111
1220 2700 1347 2728 caelata
1373 2698 1431 2726 Ov.
1453 2698 1495 2724 M.
1524 2694 1576 2731 13,
1601 2692 1662 2722 701
1693 2702 1771 2722 cra-

973 2750 1023 2777 ter
1051 2748 1125 2775 erat
1148 2753 1251 2784 asper
1277 2740 1440 2771 acantho.
1493 2739 1543 2775 12,
1568 2739 1631 2768 235
1656 2737 1771 2778 signis

972 2788 1189 2822 exstantibus
1212 2786 1504 2826 aspcv·;lnti1111119
1525 2789 1650 2814 crater.
1677 2786 1770 2813 Pind.

972 2841 1083 2867 Istlnn.
1118 2836 1155 2871 5,
1182 2832 1223 2862 40
1255 2826 1449 2863 οἰνοδόκον
1480 2825 1618 2872 φιάλαν
1647 2826 1770 2872 χρυσῷ

974 2879 1209 2921 πεφρικυῖαν.

1023 2925 1098 2955 268.
1129 2921 1306 2965 Superbus
1342 2927 1406 2961 est,
1451 2923 1507 2958 qui
1544 2929 1642 2956 super
1686 2920 1772 2949 alios

977 2976 1083 3002 elatus
1109 2975 1155 2999 est
1179 2972 1232 2999 vel
1257 2970 1366 2998 auimo
1392 2971 1444 2997 vel
1470 2978 1513 3003 re,
1543 2968 1616 2995 inde
1635 2969 1663 2994 et
1684 2962 1772 2994 stolz

975 3023 1023 3049 est
1058 3021 1088 3047 et
1119 3012 1289 3056 priichtig·
1323 3019 1353 3043 et
1382 3018 1566 3049 utrumque,
1607 3011 1773 3040 ablativus
