2044 3329
268 121 357 147 XXII
940 119 1208 154 PRAEFATIO.

273 238 321 275 ut
349 248 415 275 res
440 234 581 287 plures
611 248 694 275 uno
727 234 878 275 obtutu
908 232 1028 286 quasi
1057 233 1302 274 intueretur.
1360 233 1423 274 Ea
1455 232 1497 273 in
1535 246 1579 272 re
1614 231 1721 272 alius
1755 245 1880 286 saepe

277 303 401 343 aliter
431 301 671 357 iudicabitr
687 318 763 356 ego
792 315 910 343 meae
936 300 1298 354 interpretationis
1322 302 1442 355 signa
1469 301 1571 343 dare
1599 298 1721 340 volui.

388 371 479 411 Iam
511 371 680 412 tandem
712 370 820 411 idem
857 368 1069 423 profiteor,
1100 369 1213 421 quod
1232 370 1275 410 in
1289 370 1430 424 priore
1458 368 1640 409 editione
1666 366 1880 421 professus

271 454 383 489 sum,
419 440 559 480 omnia
591 453 677 488 me,
719 451 826 490 quae
862 436 917 478 ad
950 436 1198 489 explicanda
1225 437 1391 490 Virgilii
1421 437 1549 478 verba
1573 450 1622 478 ac
1651 434 1880 476 sententias

271 509 408 549 valere
432 507 682 550 viderentur,
717 508 921 558 quantum
944 504 1154 557 potuerim
1180 518 1466 559 comparasse3
1498 504 1570 546 sed
1598 508 1646 545 ut
1672 504 1715 544 in
1738 503 1880 556 priore

269 576 452 617 editione
489 575 547 616 sic
582 575 624 615 in
661 574 739 614 hac
776 572 997 626 perinique
1033 572 1136 613 mihi
1173 573 1344 619 accidit,
1392 578 1439 615 ut
1473 574 1505 615 F
1509 572 1691 625 orbigeri
1741 585 1879 625 opere,

269 658 296 686 a
324 658 390 684 me
417 642 587 697 plurimi
612 641 846 691 aestimato,
876 655 960 682 non
983 655 1149 694 possem
1164 641 1225 681 uti
1249 641 1329 682 nisi
1352 642 1395 682 in
1420 645 1542 696 parte
1565 640 1748 690 minima,
1782 653 1878 680 nam

269 726 396 765 quum
422 711 524 751 haec
551 723 645 750 mea
674 723 804 762 opera
831 709 953 751 tarde
981 708 1231 763 procederet
1268 723 1318 749 ac
1342 709 1484 763 plures
1512 723 1587 763 per
1613 722 1746 751 annos
1774 708 1878 749 haec

270 779 397 820 editio
430 778 506 819 sub
538 777 656 831 prelo
685 781 880 831 gemeret,
908 777 1067 818 factum
1096 780 1169 827 est,
1195 779 1242 817 ut
1257 777 1480 830 Forbigeri
1505 781 1665 818 tomum
1692 777 1878 830 priorem

269 849 294 888 l.
322 847 489 889 I—IV.
522 845 776 900 acciperem,
808 861 935 901 quum
967 845 1075 887 liber
1105 846 1173 887 VI.
1207 844 1513 896 excudebatur,
1544 846 1822 899 posteriorem
1850 845 1877 886 l.

268 915 510 957 VII—XII.
553 929 682 969 quum
711 915 736 956 1.
766 915 814 956 Χ.
845 928 979 969 paene
1008 913 1221 955 consectus
1250 917 1353 955 erat.
1411 915 1493 956 Diu
1521 914 1671 968 igitur,
1719 917 1768 955 ut
1792 914 1877 955 iam

268 985 422 1035 monui,
452 984 495 1025 in
519 983 598 1026 hoc
626 984 736 1025 libro
768 982 928 1025 edendo
960 986 1151 1024 versatus
1180 997 1281 1033 sum,
1309 997 1359 1024 ac
1381 983 1468 1024 iam
1496 986 1594 1025 ante
1621 981 1726 1023 duos
1746 996 1878 1024 annos

270 1053 442 1103 confeci,
468 1052 541 1094 sed
568 1052 692 1094 tardo
724 1066 869 1105 gressu
898 1055 1066 1093 secutus
1098 1055 1161 1092 est
1188 1051 1493 1106 typographus,
1532 1055 1580 1092 ut
1609 1065 1713 1104 opus
1744 1064 1878 1104 paene

267 1122 500 1176 perfectum
525 1135 609 1162 non
638 1121 702 1162 sit.
761 1121 870 1161 Nam
895 1134 1023 1173 quum
1048 1120 1132 1160 iam
1163 1124 1261 1160 aute
1288 1134 1443 1161 annum
1481 1120 1598 1173 gravi
1635 1120 1876 1162 laborarem

269 1191 486 1232 oculorum
509 1189 671 1239 morbo,
702 1203 786 1230 non
812 1188 1019 1242 potuisset
1045 1202 1110 1229 res
1133 1188 1188 1228 ad
1209 1188 1333 1228 finem
1364 1187 1554 1242 perduci,
1582 1189 1661 1229 nisi
1675 1188 1726 1229 H.
1739 1189 1876 1231 Haus-

269 1258 475 1300 dorfferus
512 1257 860 1299 Helmstadiensis
891 1271 1010 1298 suum
1048 1256 1251 1298 auxilium
1278 1257 1576 1310 praestitisset,
1622 1271 1672 1297 ac
1701 1258 1876 1300 schedas

269 1327 455 1380 singulas
495 1326 767 1373 correxisset,
822 1325 938 1366 cuius
987 1323 1177 1365 beneficii
1210 1325 1252 1364 in
1295 1338 1361 1365 me
1406 1325 1550 1365 collati
1593 1325 1752 1377 gratias
1794 1340 1874 1379 ago

267 1395 472 1436 maximas
504 1398 707 1447 optoque,
749 1396 796 1433 ut
824 1397 866 1434 et
890 1393 963 1434 alii
991 1393 1139 1434 itidem
1170 1396 1318 1446 agant,
1358 1392 1382 1433 i.
1415 1406 1446 1433 e.
1476 1396 1523 1433 ut
1549 1392 1737 1436 iudicent
1767 1394 1876 1437 hauc

267 1478 404 1505 meam
433 1477 605 1517 operam
633 1463 676 1503 in
701 1462 924 1515 Virgilium
951 1475 1034 1503 non
1062 1461 1222 1503 frustra
1253 1476 1342 1503 esse
1371 1462 1582 1503 collatam.
