2023 3350
695 157 932 190 AENEIDOS
964 160 1050 191 LlB.
1076 161 1117 191 X.

1651 164 1730 201 519

93 274 287 326 Occupat
326 285 372 313 os
400 270 640 324 faciemque
681 270 928 322 adversam,
965 272 1132 325 poplite
1166 272 1360 315 Palmum

94 330 267 372 Succiso
307 328 415 370 volvi
450 341 623 381 segnem
665 328 786 380 sinit,
825 343 1033 382 armaque
1070 330 1212 371 Lauso

1649 333 1730 372 700

92 389 236 430 Donat
269 386 426 428 habere
464 385 654 428 humeris
693 391 734 428 et
765 387 925 428 vertice
963 386 1094 440 figere
1133 388 1304 437 cristas,

91 446 180 488 Nec
219 459 302 486 non
336 442 562 484 Euanthen
598 443 844 498 Phrygium,
877 444 1131 498 Paridisque
1167 445 1377 486 Mimanta

95 502 326 557 Aequalem
360 501 659 556 comitemque:
698 516 784 543 una
826 516 952 555 quem
986 506 1113 544 nocte
1150 502 1323 544 Theano

94 561 143 602 In
175 560 311 601 lucem
351 559 536 611 genitori
573 561 733 614 Amyco
777 559 914 609 dedit,
956 564 998 602 et
1032 561 1124 602 face
1165 575 1409 614 praegnans

94 616 246 660 Cisseis
286 616 436 669 regina
476 617 631 658 Parim.
692 618 814 659 Paris
851 617 959 660 urbe
997 621 1180 672 paterna

1648 621 1727 659 705

95 674 301 720 Occubat:
342 674 540 727 ignarum
582 676 773 717 Laurens
809 675 940 717 habet
978 690 1055 717 ora
1092 676 1313 716 Mimanta.

93 732 154 773 Ac
194 731 310 773 velut
340 731 413 773 ille
451 746 603 774 canum
642 747 787 774 morsu
823 733 876 775 de
917 733 1134 775 montibus
1173 733 1274 774 altis

89 790 221 830 Actus
259 802 384 843 aper,
425 790 583 832 multos
622 791 803 833 Vesulus
845 806 970 845 quem
1011 790 1169 845 pinifer
1202 805 1336 832 annos

89 846 311 899 Defendit,
349 847 593 902 multosque
634 849 758 903 palus
793 849 1048 901 Laurentia,
1087 848 1194 891 silva

89 1007 165 1038 343.
192 1011 239 1038 Ea
264 1011 419 1040 relatione
447 1014 580 1041 verbum
601 1014 687 1047 apud
713 1014 886 1048 scriptores

87 1065 151 1085 11011
177 1056 304 1085 videtur
334 1065 424 1086 esse.
471 1058 535 1086 nisi
568 1060 649 1093 quod
682 1061 789 1088 eodem
821 1059 886 1088 fere

89 1103 181 1131 modo
199 1102 317 1131 Livius
334 1106 465 1132 verbum
491 1112 562 1133 cum
591 1105 749 1134 infinitivo
767 1106 884 1134 iunxit.

87 1149 195 1176 Aliter
229 1153 277 1176 est
309 1148 364 1186 12,
391 1148 457 1176 300
491 1153 639 1188 occupat
671 1159 707 1179 os
727 1148 886 1189 flarnmis

86 1198 116 1223 et
135 1194 209 1222 Val.
228 1195 276 1222 Fl.
301 1192 331 1231 2,
355 1193 416 1222 621
439 1198 584 1234 occupat
605 1193 746 1224 Alcides
767 1204 885 1225 arcum

86 1240 109 1268 i.
135 1247 162 1268 e.
189 1240 305 1274 arripit
325 1248 435 1270 arcum
462 1249 523 1275 quo
550 1249 585 1270 se
607 1241 765 1277 defendat,
796 1247 886 1271 atzte-

86 1293 183 1320 quam
205 1287 310 1314 nostis
334 1287 437 1322 possit
459 1288 612 1317 accedere
636 1292 664 1316 et
691 1288 795 1317 ferire.

132 1339 208 1370 700.
238 1351 377 1383 segnem
405 1345 482 1381 „qui
500 1346 694 1373 vulneratus
713 1345 794 1373 1111111
820 1345 885 1373 iam

85 1388 210 1417 efficere
236 1390 372 1423 possit*
405 1392 435 1418 S.
460 1390 499 1419 cf.
526 1391 598 1419 Liv.
627 1388 680 1426 22,
704 1388 746 1418 48
775 1391 885 1419 Numi-

85 1435 146 1463 dae
169 1436 298 1474 „terga
321 1433 489 1472 ferientes
516 1438 547 1464 et
562 1433 714 1475 poplites
739 1434 886 1464 caeden-

84 1482 135 1510 tes
167 1482 322 1520 stragem
357 1479 533 1521 ingentem
567 1480 763 1516 fecerunt.·‘
810 1482 885 1510 Hor.

87 1526 122 1555 C.
149 1524 180 1563 3,
206 1523 236 1563 2,
265 1523 304 1553 15
327 1524 419 1555 Mors
437 1549 444 1555 .
462 1547 470 1555 .
489 1549 496 1555 .
518 1536 580 1555 neo
604 1525 719 1566 parcit
737 1525 886 1555 imbellis

84 1568 252 1600 iuventae
303 1569 499 1610 Poplitibus
554 1570 719 1601 timidone
773 1575 886 1613 tergo.

86 1617 223 1646 Tirones
253 1625 305 1653 ap.
331 1619 497 1647 Romanos
531 1620 572 1647 ad
608 1620 719 1654 palum
754 1628 885 1648 exerce-

85 1665 204 1692 bantur
236 1664 373 1698 poplites
412 1669 443 1694 et
478 1672 573 1694 crura
612 1666 786 1694 succidere.
835 1666 883 1694 Cf.

87 1709 167 1746 Veg.
197 1709 223 1746 1,
258 1708 307 1738 11.

132 1753 209 1784 701.
232 1753 340 1784 donat
366 1753 492 1784 habere
513 1756 551 1785 cf.
573 1754 599 1792 1,
627 1754 680 1784 66.

132 1810 209 1841 703.
234 1813 422 1841 Mimantem
445 1814 573 1849 Amyco
605 1813 727 1847 peperit
752 1814 883 1841 Theano

87 1866 128 1886 ea
149 1863 249 1893 110010,
288 1866 351 1892 qua
379 1860 519 1887 Hecuba.
543 1859 650 1887 Cissei
677 1858 743 1886 filia
770 1858 830 1893 (cf.
854 1856 884 1896 7,

89 1902 187 1940 320³),
211 1904 360 1932 Paridem
385 1905 468 1933 dedit
493 1905 628 1941 genitori
656 1905 796 1933 Priamo.

134 1957 210 1988 704.
233 1959 317 1998 face
346 1969 554 2000 praegnans
585 1962 683 1996 ,.quia
714 1967 886 1995 antequam

88 2010 229 2043 pareret,
264 2007 366 2036 facem
410 2015 445 2035 se
480 2007 644 2041 peperisse
668 2007 750 2035 vidit
775 2007 808 2035 in
834 2015 887 2035 so-

87 2054 206 2081 mnis.u
230 2055 261 2081 8.
290 2052 329 2082 cf.
356 2050 387 2086 7.
414 2051 489 2080 320.

133 2108 210 2138 705.
243 2106 349 2138 Parin
375 2110 508 2148 MPRyc
532 2117 594 2138 rec.
622 2106 683 2138 Rb.
709 2106 816 2138 Parin
835 2110 887 2137 dat

96 2153 179 2196 Wg.
205 2160 233 2184 et
259 2156 395 2184 defendit
426 2156 459 2183 in
485 2156 613 2190 Quaest.
639 2155 730 2192 Virg.
760 2153 789 2183 3.
819 2151 888 2183 La.

88 2204 183 2230 creat
207 2202 321 2240 PRyc,
361 2204 479 2241 crepat
517 2201 663 2236 perfosso
700 2209 721 2239 p
762 2203 806 2229 Μ.
834 2201 887 2229 Ad

88 2248 198 2276 Parim
233 2248 413 2284 „subaudis
449 2244 565 2281 Paris,
609 2247 693 2282 quod
738 2251 772 2274 ut
821 2255 884 2275 non

88 2294 221 2330 diceret,
238 2294 331 2322 metri
344 2298 391 2322 est
405 2294 601 2322 necessitate
615 2292 835 2327 compulsusf‘
854 2295 885 2321 S.

89 2340 150 2368 Sed
180 2341 299 2368 dudum
330 2339 504 2369 offendebat
538 2347 577 2368 ea
613 2339 755 2367 nominis
787 2339 887 2367 omis-

88 2386 156 2421 si0;
211 2386 308 2414 etiam
352 2388 445 2413 creat
491 2393 647 2420 praesens
697 2388 769 2420 post
814 2393 886 2419 per-

91 2431 209 2460 fectum
233 2432 270 2460 de
290 2440 324 2460 re
349 2432 457 2460 eodem
480 2435 620 2466 tempore
640 2431 728 2460 facta
749 2438 889 2465 usurpa-

90 2480 157 2505 tum
181 2477 337 2512 displicet.
391 2478 496 2511 Quare
521 2482 709 2512 receperunt
744 2477 889 2505 certatim

91 2523 228 2552 editores
260 2523 414 2558 optimam
439 2524 577 2552 Bentleii
608 2523 822 2552 coniecturam
848 2524 887 2550 ad

92 2569 169 2597 Hor.
203 2570 259 2602 Ep.
292 2568 330 2603 5,
372 2566 430 2596 28:
482 2565 611 2597 Parim.
670 2565 770 2596 Paris
807 2566 890 2596 urbe

88 2616 253 2654 paterna.
300 2622 362 2643 rec.
397 2610 464 2642 11η.
497 2611 580 2653 Wg.
622 2610 686 2642 Ld.
723 2610 775 2642 Pl.
804 2616 889 2648 prob.

95 2657 167 2689 Μυ.
210 2660 332 2688 Tamen
374 2655 424 2687 ΡΙ.
469 2660 655 2688 coniectura
694 2660 891 2688 Bentleiana

90 2714 154 2734 non
182 2710 333 2734 sanatum
358 2712 431 2733 esse
463 2705 570 2733 locum
601 2705 778 2734 arbitratus
807 2706 890 2734 coni.

97 2748 224 2780 Cisseis
261 2748 401 2778 Priamo
434 2746 607 2778 Paridem.
662 2748 763 2779 Paris
795 2760 828 2780 η,
855 2760 889 2789 p.

91 2801 122 2826 et
154 2797 184 2826 si
215 2794 315 2826 Paris
347 2804 403 2830 pro
434 2798 529 2823 creat
559 2804 622 2824 non
654 2797 807 2825 librorum
838 2798 890 2833 sit,

98 2839 183 2883 ng.
209 2843 375 2878 proponit.-
407 2850 439 2869 u.
467 2849 501 2879 p.
535 2837 686 2870 Occnbat
711 2839 778 2878 hic,
810 2839 890 2870 Cla-

91 2885 181 2916 rium
215 2886 251 2916 L.
285 2885 315 2916 h.
351 2896 379 2916 0.
421 2883 467 2914 Μ.
523 2883 676 2925 Ignarus
708 2890 739 2916 11.
774 2895 838 2916 11110
868 2889 889 2915 l.

91 2935 265 2968 passivum
290 2938 348 2970 est,
368 2940 445 2962 nam
467 2934 502 2960 Ε.
532 2930 563 2968 6,
587 2930 628 2959 40
649 2937 732 2962 recte
759 2936 893 2962 hahetur

93 2981 237 3009 activum
261 2980 300 3010 cf.
327 2978 357 3014 6,
383 2976 459 3005 715.
508 2979 647 3014 Ignarus
672 2979 692 3006 i.
720 2987 746 3007 e.
764 2979 892 3015 ignotus

94 3027 263 3060 opponitur
289 3027 330 3062 ei,
353 3025 408 3060 qui
434 3024 467 3052 in
487 3026 565 3052 urbe
590 3028 725 3059 paterna
747 3026 895 3060 sepultus

94 3075 153 3100 est.
205 3069 309 3102 Paris
328 3071 379 3101 bis
401 3072 520 3100 lectum
538 3071 639 3100 semel
662 3071 820 3100 omissum
835 3074 893 3107 est,

932 1017 961 1042 et
987 1015 1027 1041 ad
1054 1021 1184 1042 versum
1208 1014 1422 1048 supplendum
1446 1011 1592 1040 offerebat
1617 1019 1653 1039 se
1679 1011 1727 1039 fa—

932 1060 994 1088 cile
1035 1062 1169 1088 verbum
1207 1061 1314 1087 creat.
1372 1059 1408 1086 Et
1452 1054 1584 1092 Parim,
1625 1053 1728 1085 Paris

932 1105 1093 1133 Potterius
1126 1106 1158 1133 in
1185 1112 1244 1133 sex
1274 1105 1368 1133 libris
1393 1103 1558 1132 Parisinis
1585 1111 1620 1131 se
1651 1102 1727 1132 dicit

932 1151 1112 1179 invenisse.
1160 1151 1245 1179 Idem
1266 1150 1394 1179 invenit
1418 1145 1479 1177 Hr.
1498 1148 1537 1178 cf.
1561 1147 1729 1177 Aeneidea

933 1196 1016 1224 Pref.
1043 1205 1072 1231 p.
1098 1194 1150 1225 28.
1189 1197 1302 1230 Itaque
1326 1196 1391 1224 iam
1416 1199 1489 1223 ante
1511 1194 1662 1223 servium
1688 1202 1728 1223 03

933 1244 1033 1270 verba
1057 1246 1207 1276 corrupta
1229 1247 1313 1277 sunt,
1340 1249 1444 1276 neque
1463 1243 1502 1270 ab
1521 1248 1569 1277 eo,
1593 1241 1648 1275 qui
1666 1247 1730 1269 sua

932 1289 1105 1316 Servianis
1121 1288 1249 1323 adiecit,
1267 1288 1309 1324 id,
1327 1288 1410 1322 quod
1423 1287 1456 1315 in
1474 1286 1640 1315 parisinis
1654 1293 1728 1315 esse

931 1334 1048 1362 (licitur
1075 1335 1191 1362 lectum
1212 1338 1274 1367 est3
1324 1333 1354 1361 is
1385 1333 1471 1361 enim
1503 1332 1606 1361 addit:
1651 1339 1727 1361 nam

931 1380 1017 1408 deest
1043 1377 1112 1418 qui,
1139 1383 1171 1407 ut
1192 1379 1233 1407 sit
1259 1375 1319 1417 qui
1343 1376 1424 1407 urbe
1447 1379 1610 1416 paterna.

980 1425 1053 1453 706.
1084 1422 1229 1453 occubat
1261 1423 1300 1452 cf.
1332 1423 1365 1458 1,
1397 1422 1473 1451 547.
1502 1439 1544 1442 —-
1579 1424 1641 1458 Qui
1663 1431 1728 1452 uno

931 1470 994 1500 die.
1020 1471 1130 1499 11113111
1157 1472 1234 1499 urbe
1255 1470 1322 1498 nati
1344 1470 1484 1498 etaniici
1498 1474 1600 1506 013111,
1630 1476 1727 1503 quam

931 1516 1171 1545 diversissimis
1215 1517 1248 1544 in
1286 1516 1380 1544 terris
1423 1519 1453 1544 et
1494 1515 1728 1544 diversissimo

931 1562 997 1591 fato
1024 1563 1119 1590 morti
1144 1561 1347 1590 occubuere!

978 1608 1053 1636 707.
1079 1605 1138 1636 illc
1159 1623 1203 1627 —
1230 1615 1314 1645 aper
1341 1607 1380 1635 cf.
1411 1605 1461 1642 11,
1488 1605 1565 1634 809.

980 1652 1054 1682 ἰ’08.
1081 1655 1225 1682 Vesulus
1253 1654 1382 1688 (Monte
1406 1652 1507 1687 Viso)
1545 1660 1640 1681 mons
1672 1652 1729 1681 Li-

932 1700 1057 1735 guriae,
1083 1701 1123 1728 ad
1151 1707 1245 1733 quem
1273 1699 1351 1727 Padi
1377 1704 1428 1727 est
1452 1699 1539 1727 fons.

977 1744 1052 1773 709.
1083 1743 1240 1780 defendit
1267 1745 1390 1773 ..texit-⁵
1406 1747 1438 1773 S.
1468 1759 1510 1763 -—
1534 1740 1730 1782 multosque

932 1792 1054 1829 MRybc
1081 1798 1163 1827 „pro
1190 1792 1355 1818 multosve
1378 1786 1487 1824 (011011
1512 1794 1561 1817 est
1582 1789 1613 1818 in
1634 1790 1670 1825 P,
1697 1793 1728 1816 et

931 1844 996 1864 rec.
1033 1833 1129 1871 Πὸ.)
1177 1838 1248 1864 Non
1273 1836 1358 1864 enim
1389 1835 1501 1864 vicina
1540 1838 1590 1863 est
1631 1835 1728 1870 palus

931 1882 1110 1910 Laurentia
1132 1882 1233 1910 monti
1257 1883 1398 1917 Vesulo,
1448 1885 1479 1909 ut
1511 1881 1616 1916 possit
1642 1887 1728 1909 unus

931 1928 1083 1961 idemque
1121 1934 1201 1962 aper
1246 1926 1415 1961 intelligi.“
1449 1929 1480 1955 S.
1531 1925 1578 1955 cf.
1604 1925 1642 1963 2,
1673 1924 1726 1953 37.

933 1970 1154 2008 „Laurentia
1182 1981 1239 2008 pro
1265 1970 1434 2009 Laurens,
1457 1980 1532 2001 nam
1557 1976 1647 2000 recta
1672 1972 1728 1999 de—

933 2019 1049 2048 rivatio
1083 2021 1166 2047 haec
1205 2019 1291 2047 esw‘
1312 2021 1343 2047 S.
1392 2021 1505 2051 Neque
1546 2018 1610 2046 alio
1653 2020 1727 2046 1000

934 2067 1024 2100 Ygl..
1068 2073 1174 2098 1100110
1207 2065 1293 2093 alius
1327 2064 1467 2099 scriptor
1500 2070 1539 2092 ea
1571 2071 1655 2092 voce
1678 2068 1728 2091 est

932 2119 1032 2147 usus,
1059 2118 1157 2145 01111111
1183 2106 1340 2138 Laurens
1364 2115 1395 2138 et
1426 2107 1661 2138 Laurentinus
1686 2116 1731 2137 ex

930 2160 1005 2192 lege
1029 2157 1202 2185 formatum
1228 2156 1281 2185 sit.
1329 2159 1441 2190 Neque
1461 2157 1522 2183 hoc
1541 2157 1649 2184 solum
1666 2159 1729 2189 est,

934 2203 1018 2237 quod
1067 2203 1198 2231 offendit
1246 2203 1420 2237 legentem.
1477 2203 1582 2237 Nam,
1631 2208 1728 2235 quum

932 2247 1128 2288 multosque
1165 2256 1222 2283 pro
1257 2250 1288 2276 et
1326 2255 1423 2287 quem
1458 2245 1587 2274 multos
1617 2246 1729 2281 fertur,

933 2295 1042 2324 minus
1075 2296 1198 2329 placet,
1240 2294 1326 2327 011011
1362 2294 1460 2320 verbo
1491 2296 1601 2320 carent
1629 2300 1671 2319 m.
1693 2299 1726 2330 p.

938 2337 988 2377 L,
1021 2341 1118 2374 idque
1146 2348 1188 2368 ex
1221 2339 1490 2367 antecedentibus
1516 2338 1728 2372 repetendum

933 2391 996 2415 est.
1044 2387 1168 2414 Deinde
1195 2385 1347 2413 Servius:
1391 2385 1540 2423 „pastus
1576 2391 1633 2418 pro
1663 2390 1728 2421 pa-

928 2434 1031 2468 stum,
1058 2439 1132 2460 nam
1161 2439 1264 2465 supra
1290 2431 1333 2459 ait
1360 2437 1470 2469 quem.
1518 2430 1603 2464 Ergo
1638 2430 1729 2457 Anti-

930 2478 1038 2512 ptosis
1065 2474 1150 2506 081.’·ι
1198 2479 1299 2505 Recte
1324 2475 1431 2504 haesit
1455 2475 1485 2502 in
1503 2482 1588 2503 voce
1604 2476 1729 2513 paetus

930 2528 960 2551 et
989 2522 1192 2559 explicavit,
1233 2526 1264 2550 ut
1301 2522 1419 2556 potuit,
1463 2521 1506 2548 ita
1548 2525 1655 2548 tamen
1697 2525 1729 2548 ut

930 2574 1059 2604 poetam
1085 2570 1170 2597 male
1195 2570 1338 2595 locutum
1365 2574 1444 2595 esse
1474 2567 1617 2594 doceret.
1662 2566 1727 2594 Cu-

929 2616 1129 2648 ninghamus
1155 2614 1295 2641 correxit
1315 2615 1454 2651 pastum
1480 2609 1534 2643 in;
1560 2612 1729 2640 Bentleius

929 2662 950 2688 l.
988 2662 1008 2688 l.
1039 2660 1105 2693 legi
1142 2660 1227 2687 iubet
1267 2654 1381 2697 pas-cit
1421 2658 1477 2685 vel
1512 2654 1623 2695 pavit,
1664 2665 1727 2690 0110

931 2706 1170 2735 medicamento
1203 2704 1367 2732 sententia
1406 2702 1542 2731 efficitur
1576 2705 1675 2737 plana
1699 2707 1731 2731 et

930 2758 1025 2780 sana.
1077 2747 1143 2778 Hn.
1172 2749 1292 2784 iungit:
1340 2757 1379 2777 nc
1414 2745 1506 2777 velut
1546 2745 1606 2776 ille
1635 2755 1730 2787 aper,

929 2794 1021 2824 silva
1045 2798 1188 2836 pastus,
1221 2792 1387 2823 substitit.
1436 2795 1538 2828 quue
1564 2795 1731 2828 probabile

931 2845 1041 2879 esset,
1081 2841 1243 2875 siquidem
1276 2840 1456 2869 arundinea
1491 2840 1579 2869 silva
1613 2845 1730 2875 pastus

931 2891 1024 2915 esset
1047 2888 1145 2915 etiam
1171 2894 1252 2921 aper
1277 2886 1308 2914 in
1338 2887 1461 2914 Vesulo
1495 2890 1619 2921 monte;
1670 2887 1730 2914 sed

928 2933 1006 2961 talis
1021 2933 1109 2962 silva
1126 2937 1176 2961 est
1200 2932 1232 2960 in
1251 2933 1369 2966 palude
1382 2932 1591 2960 Laurentina.
1617 2933 1732 2965 Itaque

933 2978 1031 3008 etiam
1056 2981 1137 3007 nnec
1163 2978 1340 3012 explicatio
1370 2982 1459 3005 recte
1487 2978 1599 3006 iuncta
1625 2980 1730 3007 verba

935 3033 1015 3053 esse
1041 3033 1107 3054 non
1143 3026 1268 3059 probat.
1317 3024 1470 3061 Accedit,
1508 3024 1592 3058 011011
1626 3026 1731 3053 801101.

936 3073 1056 3106 cruqu.
1085 3072 1162 3100 Hor.
1190 3073 1257 3100 Sat.
1283 3068 1315 3106 2,
1346 3066 1378 3107 4,
1402 3067 1446 3098 42
1470 3071 1583 3098 laudat
1606 3072 1734 3109 pastus
