2023 3350
59 3050 62 3057 .
117 3010 236 3043 laevo:

721 83 961 118 AENEIDOS
995 86 1083 118 LIB.
1114 86 1156 119 X.

125 203 221 245 Non
256 200 474 244 Diomedis
509 213 664 254 equos,
700 212 778 241 nec
814 213 964 241 currus
1004 200 1142 243 cernis
1179 200 1358 253 Achilli,

123 262 211 302 Aut
246 259 456 314 Phrygiae
496 271 693 312 campos3
733 271 845 299 nunc
882 256 983 299 belli
1016 257 1113 301 finis
1153 263 1196 301 et
1235 259 1329 302 aevi

124 319 203 360 His
238 317 412 360 dabitur
449 315 591 357 terris.

653 315 820 357 Vesano
859 316 967 357 talia
1005 316 1094 358 late

123 376 254 418 Dicta
285 375 432 417 volant
465 373 632 427 Ligeri:
668 373 743 415 sed
780 386 866 415 non
901 378 944 415 et
974 374 1125 416 Troius
1162 374 1290 417 heros

123 434 252 476 Dicta
287 435 414 487 parat
454 435 616 482 contra,
658 431 845 473 iaculum
882 446 982 473 nam
1021 436 1198 487 torquet
1230 433 1274 474 in
1312 431 1492 474 hostem.

124 492 319 545 Lucagus
356 494 405 531 ut
444 503 605 543 pronus
645 489 834 544 pendens
872 489 917 531 in
956 490 1136 533 verbera
1171 491 1258 532 telo

123 548 355 591 Admonuit
390 547 580 602 biiugos,
621 548 816 602 proiecto
858 547 960 589 dum
991 548 1098 602 pede
1133 549 1256 591 laevo

122 608 256 661 Aptat
289 620 334 647 se
367 619 559 660 pugnae:
594 605 710 647 subit
748 620 846 648 oras
881 605 1009 648 hasta
1044 620 1122 660 per
1158 607 1267 649 imas

122 664 339 717 Fulgentis
378 664 525 718 clipei,
565 667 656 705 tum
692 664 861 706 laevum
900 664 1095 718 perforat
1132 664 1312 718 inguen;

120 722 336 764 Excussus
374 736 503 763 curru
538 722 820 764 moribundus
858 722 1044 764 volvitur
1076 723 1202 764 arvis.

120 779 254 830 Quem
289 780 386 834 pius
418 781 584 822 Aeneas
623 780 749 822 dictis
776 779 954 822 adfatur
993 780 1174 822 amaris:

117 837 305 891 Lucage,
340 838 460 880 nulla
494 842 591 880 tuos
633 853 784 880 currus
818 837 922 892 fuga

115 894 335 947 Prodidit,
378 900 455 938 aut
490 910 626 938 vanae
663 900 828 938 vertere
868 910 920 938 ex
952 896 1150 938 hostibus
1185 895 1388 938 umbrae:

116 952 216 1007 Ipse
252 955 360 996 rotis
399 955 556 997 saliens
593 955 696 1008 iuga
733 954 905 996 deseris.

116 1011 315 1066 Arripuit
353 1012 537 1067 biiugos.

596 1013 749 1054 Frater
778 1011 985 1054 tendebat
1018 1012 1178 1054 inertes

116 1069 273 1111 Infelix
310 1071 498 1126 palmas,
537 1084 665 1112 curru
700 1071 901 1125 delapsus
936 1070 1107 1112 eodem:

117 1127 199 1169 Per
232 1131 296 1180 te,
331 1143 410 1183 per
445 1128 518 1183 qui
558 1131 602 1170 te
634 1129 767 1171 talem
803 1142 986 1183 genuere
1020 1130 1241 1182 parentes,

116 1185 196 1226 Vir
232 1186 435 1238 Troiane,
471 1187 561 1228 sine
596 1186 707 1228 hanc
744 1187 951 1237 animam,
992 1190 1034 1228 et
1063 1186 1266 1227 miserere
1306 1181 1536 1237 precantis.

115 1243 317 1286 Pluribus
355 1245 497 1286 oranti
533 1245 723 1286 Aeneas:
765 1244 894 1286 Haud
931 1243 1038 1285 talia
1070 1242 1232 1284 dudum

115 1301 246 1343 Dicta
280 1301 428 1344 dabas.

487 1302 676 1354 Morere,
713 1306 756 1344 et
792 1302 973 1344 fratrem
1006 1315 1059 1343 ne
1097 1301 1246 1343 desere
1280 1298 1428 1340 frater.

1683 88 1765 127 513

1680 434 1762 473 585

1683 722 1766 761 500

961 838 1102 892 segnis
1138 851 1347 892 equorum

966 954 1084 996 Haec
1125 954 1188 996 ita
1228 954 1344 997 fatus

1683 1010 1765 1049 595

1684 1299 1767 1338 600

117 1359 226 1401 Tum
259 1360 451 1403 latebras
486 1361 677 1412 animae,
717 1364 886 1415 pectus,
927 1373 1132 1401 mucrone
1171 1356 1369 1400 recludit.

117 1417 240 1460 Talia
269 1432 348 1472 per
388 1432 562 1473 campos
602 1418 758 1461 edebat
788 1418 942 1460 funera
973 1417 1127 1459 ductor

161 1580 240 1611 581.
266 1591 333 1611 von
376 1580 557 1612 Diomedis
592 1588 654 1612 etc.
688 1585 708 1614 i.
744 1593 773 1614 e.
816 1586 917 1613 multo

115 1626 269 1657 fortiores
302 1637 364 1658 nos
404 1637 520 1659 sumus
559 1630 650 1668 uati,
691 1639 789 1666 quam
834 1639 917 1666 quos

116 1675 257 1703 Graecia
281 1674 483 1704 fortissimos
526 1676 700 1713 iudicavit,
740 1678 794 1712 qui
840 1678 917 1706 illos

115 1720 261 1755 effugere
289 1722 442 1759 potuisti,
479 1730 542 1751 nos
574 1731 639 1751 non
664 1724 814 1759 effugies.
870 1725 918 1751 De

116 1766 286 1796 Diomedis
320 1768 414 1803 equis
447 1768 489 1796 cf.
531 1768 561 1805 l,
594 1768 678 1805 752,
719 1771 759 1798 de
799 1769 918 1804 plurali

115 1820 237 1841 currus
276 1815 328 1842 Gr.
360 1813 392 1848 §-
426 1812 493 1842 362
522 1815 585 1843 An.
614 1814 646 1843 2.

161 1857 239 1887 582.
269 1856 371 1888 Nunc
398 1868 425 1887 c.
452 1859 560 1888 futuro
587 1860 628 1888 cf.
654 1857 686 1895 4,
712 1858 789 1888 654.

163 1903 243 1933 585.
273 1902 364 1933 Nam
408 1905 527 1940 frigere
577 1906 693 1935 dit-itur
740 1906 917 1940 aptiusque

113 1950 238 1979 fuisse:
288 1958 441 1990 parans,
500 1952 644 1980 iaculum
706 1955 919 1991 contorquet.

118 1999 226 2032 Quare
252 1998 334 2025 haec
360 2004 481 2026 versus
498 2005 588 2035 pars,
616 2005 701 2032 quae
726 2003 776 2027 est
802 2005 822 2026 a
838 2006 918 2026 cou-

114 2047 186 2079 ινα,
209 2044 346 2071 nabetur
368 2044 540 2078 glossema
564 2051 583 2072 a
615 2041 722 2085 lVgo.
754 2040 826 2072 Pto.
852 2045 918 2072 sed

114 2090 214 2118 talem
255 2089 401 2123 aliquam
441 2091 654 2125 sementiam,
710 2090 819 2124 quatis
860 2097 919 2124 per

114 2137 238 2164 contra
261 2148 307 2154 —
332 2132 463 2163 hostem
497 2136 706 2171 exprimitur,
745 2136 820 2165 huic
846 2137 916 2164 loco

116 2185 225 2216 aptam
250 2189 340 2218 esse,
366 2182 419 2216 qui
444 2188 534 2210 recte
550 2183 803 2216 comtemplatus
822 2181 917 2210 fuerit

113 2227 284 2262 intelliget.
333 2230 447 2262 Neque
476 2229 562 2257 enim
602 2228 733 2263 verbis,
783 2229 842 2256 sed
881 2236 916 2256 re

114 2273 232 2302 refutat
254 2282 315 2302 eos
334 2275 488 2310 Aeneas;
515 2283 578 2303 non
599 2282 684 2309 opus
702 2276 799 2302 habet
820 2274 916 2302 dictis

115 2320 316 2354 redarguere
357 2328 442 2355 quos
486 2321 582 2350 factis
623 2320 751 2349 refellit.
810 2321 916 2349 Servii

114 2370 224 2394 autem
248 2368 350 2395 verba
373 2375 437 2396 non
463 2368 598 2402 docent,
640 2368 726 2401 quod
765 2367 917 2395 dicuntur

115 2413 255 2449 docere,
297 2420 370 2441 eum
408 2416 529 2442 verba:
577 2411 597 2443 i.
630 2422 663 2442 π.
695 2416 718 2441 t.
745 2411 766 2442 i.
792 2410 824 2442 Ιι.
851 2421 916 2441 non

112 2458 251 2493 legisse.
301 2461 381 2487 Sunt
404 2460 490 2488 enim
508 2462 608 2489 haec:
634 2457 766 2497 „Dicta
788 2461 918 2498 parat,-

114 2508 224 2539 potest
248 2505 316 2540 legi
340 2510 371 2533 et
398 2503 496 2535 dicta
519 2509 627 2546 parnt
655 2506 815 2535 contra.“
850 2508 917 2534 Ita-

114 2558 178 2585 que
202 2553 285 2580 haec
304 2555 354 2580 est
369 2552 441 2581 eius
460 2554 636 2589 sententia,
661 2554 782 2581 contra
811 2560 914 2587 posse

115 2602 144 2625 et
172 2598 213 2625 ad
244 2599 351 2636 parat
382 2602 414 2626 et
447 2599 486 2627 ad
519 2600 654 2637 torquet
687 2599 795 2642 tratti>
833 2599 915 2633 Quid

113 2644 224 2673 enim?
251 2643 284 2672 Si
305 2648 436 2678 praeter
451 2642 545 2673 dicta
570 2647 678 2683 parat
704 2644 825 2673 contra
851 2652 914 2673 non

112 2693 254 2720 habebat
280 2691 383 2718 ullum
407 2692 542 2718 verbum
569 2691 601 2718 in
633 2698 696 2719 suo
731 2690 916 2725 exemplari

113 2738 270 2773 servius,
312 2736 367 2771 qui
401 2741 529 2772 poterat
554 2738 677 2766 contra
709 2744 783 2765 cum
806 2737 916 2776 parat

114 2792 180 2813 non
199 2783 362 2820 iungere?

159 2830 236 2859 586.
259 2826 416 2870 pendens
444 2825 479 2856 in
502 2827 543 2856 cf.
570 2826 607 2864 5,
637 2826 711 2856 147.

159 2873 237 2905 587.
263 2872 449 2903 admonuit
479 2871 565 2902 tcto:
612 2873 713 2902 Vides
750 2873 917 2910 pugnandi

0 2899 18 2918 “-
58 2941 60 2956 ‚
115 2923 328 2957 cupiditatem.
371 2921 418 2951 Cf.
442 2922 515 2949 Sen.
542 2920 643 2949 Clem.
670 2917 699 2956 1,
726 2916 917 2957 14,1t1·t›e-

114 2975 170 2996 ros
203 2966 388 2997 admonere
422 2963 626 2995 verberibus.
675 2981 712 2985 -
761 2963 918 3004 proiecto

283 3015 393 3049 itaque
426 3017 490 3042 stat
521 3014 620 3041 laeva
651 3019 750 3041 manu
774 3011 914 3046 clipeum

964 1584 1152 1620 proiiciens,
1185 1584 1299 1612 dextra
1325 1582 1364 1610 ad
1393 1579 1491 1609 ictum
1516 1579 1657 1607 sublata.

1011 1628 1087 1658 ³08.
1115 1631 1218 1658 lmam
1252 1636 1342 1657 oram
1383 1626 1479 1661 clipei
1517 1627 1613 1654 hasta
1645 1624 1769 1661 frangit

964 1680 993 1705 et
1020 1676 1053 1704 in
1073 1677 1207 1704 laevum
1229 1675 1350 1710 inguen
1374 1675 1527 1707 permeat.

1011 1720 1088 1750 593.
1113 1718 1272 1760 prodidit
1317 1719 1396 1754 fuga
1442 1717 1554 1754 segnis
1600 1725 1766 1752 equorum.

964 1770 1046 1797 Nam
1069 1767 1166 1796 etiam
1197 1769 1311 1803 rebuS,
1347 1765 1465 1800 quibus
1496 1763 1542 1792 uti
1578 1770 1638 1791 nos
1672 1771 1769 1798 posse

964 1819 1127 1849 putamus,
1152 1813 1229 1841 fides
1257 1816 1287 1840 et
1312 1810 1444 1846 perfidia
1466 1809 1670 1838 adscribitur.
1717 1811 1767 1837 Ita

964 1857 1055 1888 ensis
1071 1855 1298 1896 diciturfidus
1320 1854 1350 1894 6,
1370 1854 1446 1884 524.
1467 1853 1498 1892 7,
1517 1852 1594 1890 640,
1611 1852 1769 1894 perfidus

966 1904 1018 1941 12,
1044 1903 1121 1941 731,
1144 1906 1266 1944 portus
1293 1899 1500 1941 malefidus
1525 1898 1554 1937 2,
1581 1898 1635 1929 23.
1662 1898 1769 1929 litora

963 1949 1038 1987 fida
1065 1949 1096 1988 2,
1122 1948 1200 1978 399.
1227 1949 1266 1978 cf.
1294 1946 1324 1985 2,
1351 1945 1428 1976 422.
1464 1962 1503 1966 —
1553 1947 1659 1975 Hasta
1682 1947 1768 1976 ictus

962 1998 1081 2026 decidit
1102 1998 1273 2032 Lucagus,
1309 1995 1408 2024 simul
1444 1993 1540 2029 Liger
1578 1993 1769 2028 perterritus

963 2044 1073 2072 desilit
1111 2047 1141 2072 et
1164 2043 1269 2071 vitam
1310 2044 1390 2070 orat.
1439 2040 1541 2068 Vides
1580 2047 1671 2077 eum,
1711 2040 1768 2074 qui

962 2090 1052 2119 iners
1078 2093 1144 2125 est,
1183 2088 1345 2123 imprimis
1368 2093 1488 2122 magna
1511 2093 1586 2114 esse
1610 2087 1764 2123 locutum,

962 2136 1081 2164 fretum
1104 2134 1229 2165 scilicet
1251 2133 1364 2163 fratris
1380 2132 1576 2169 fortitudine,
1604 2140 1668 2161 non
1692 2140 1768 2161 sua.

965 2197 1003 2202 —
1033 2182 1114 2211 Cum
1152 2180 1305 2209 irrisione
1329 2180 1463 2208 Aeneas
1498 2178 1608 2207 obiicit
1634 2179 1766 2214 Lucago

960 2228 1093 2264 deiecto,
1118 2226 1214 2262 quasi
1239 2233 1302 2255 sua
1317 2228 1430 2260 sponte
1444 2224 1624 2259 desiluerit,
1650 2224 1767 2253 simul-

961 2283 1023 2309 que
1051 2274 1162 2303 statim
1191 2272 1306 2307 arripit
1340 2278 1440 2305 equos
1473 2277 1494 2298 a
1527 2270 1643 2306 Ligero
1684 2270 1769 2298 nihil

960 2320 1079 2349 nostile
1101 2320 1229 2348 timens.
1278 2319 1348 2346 Non
1372 2320 1414 2353 te,
1434 2319 1469 2345 ut
1485 2323 1535 2344 me
1550 2316 1639 2352 olim,
1665 2323 1765 2351 quum

960 2375 1034 2396 cum
1056 2363 1212 2394 Diomede
1243 2365 1422 2399 certabam,
1469 2362 1545 2397 equi
1583 2362 1763 2399 prodidere,

960 2421 1064 2448 neque
1088 2414 1202 2441 umbra
1228 2411 1344 2445 aliqua
1368 2410 1483 2438 nolens
1513 2409 1692 2437 subductus
1717 2416 1764 2445 es,

961 2465 995 2488 ut
1019 2460 1089 2488 tum
1114 2465 1183 2494 ego.

1006 2503 1084 2533 600.
1110 2503 1257 2539 fratrem
1280 2499 1401 2538 frater
1424 2500 1464 2530 ct’.
1490 2497 1516 2535 l,
1543 2496 1618 2528 684.
1662 2499 1769 2529 Etiam

961 2554 1021 2581 hoc
1046 2559 1120 2580 cum
1146 2549 1300 2578 irrisione
1325 2547 1446 2576 dictum
1470 2550 1528 2574 est.

1009 2595 1085 2626 601.
1112 2593 1276 2624 Animam
1290 2593 1428 2629 quaerit,
1454 2592 1563 2626 itaque
1585 2591 1656 2620 eius
1675 2588 1764 2620 laee-

962 2641 1044 2672 bras
1080 2641 1233 2677 recludit,
1266 2641 1350 2674 quod
1389 2643 1436 2668 est
1473 2639 1606 2677 pectus.
1655 2638 1768 2673 Itaque

958 2691 1078 2729 pectus
1109 2691 1160 2716 est
1183 2686 1359 2721 appositio.
1414 2681 1463 2714 Pl.
1490 2683 1588 2713 scribi
1615 2684 1702 2712 vult:
1741 2680 1766 2712 l.

962 2744 995 2764 a.
1020 2731 1161 2774 penitus
1186 2741 1229 2761 m.

1009 2778 1086 2808 602.
1111 2779 1225 2807 Hostis
1249 2778 1388 2813 impetus
1419 2783 1491 2805 cum
1522 2780 1661 2804 torrente
1692 2783 1766 2804 sae-

962 2827 1037 2862 pius
1067 2828 1282 2860 comparatur.
1331 2823 1385 2851 Sic
1420 2819 1470 2858 12,
1496 2819 1573 2849 523.
1613 2822 1766 2850 Hom.11.

964 2873 1002 2908 5,
1024 2869 1078 2900 87.
1120 2872 1193 2899 Hor.
1223 2870 1257 2899 C.
1285 2866 1324 2903 4,
1349 2866 1408 2905 14,
1434 2867 1486 2896 25.
1513 2868 1646 2896 Jesaias
1669 2866 1708 2903 S,
1734 2865 1765 2895 7.

965 2919 1106 2947 schulze
1124 2918 1218 2946 Caec.
1244 2913 1276 2953 8,
1301 2912 1356 2942 71.
1384 2929 1421 2933 —
1446 2913 1474 2949 f.
1502 2911 1623 2942 edebat
1649 2914 1767 2948 „quasi

964 2966 1005 2993 ad
1024 2964 1254 2999 spectaculum.
1303 2961 1394 2990 Unde
1423 2964 1452 2989 et
1483 2967 1665 2988 munerum
1694 2957 1767 2988 etli-

963 3014 1054 3040 tores
1077 3006 1268 3039 vocanturf‘
1302 3009 1333 3035 S.
1427 3051 1491 3095 33
