2044 3329
695 102 928 137 AENElnos
954 105 1038 137 Lm.
1063 106 1088 137 1.
1677 106 1699 143 5

78 219 160 261 Hic
188 232 336 260 currus
361 216 461 258 fuit:
490 215 572 257 hoc
596 230 774 271 regnum
802 217 882 259 dea
906 216 1101 271 gentibus
1130 230 1232 269 esse,

77 277 122 319 Si
148 291 233 330 qua
256 276 348 318 fata
376 275 538 325 sinant,
568 274 653 315 iam
684 279 774 316 tum
805 275 1027 328 tenditque
1056 274 1263 329 fovetque.

76 334 328 388 Progeniem
356 332 429 374 sed
458 331 569 373 enim
593 332 776 374 Troiano
807 346 833 374 a
858 333 1061 386 sanguine
1090 332 1187 374 duci

74 391 301 443 Audierat,
332 390 479 444 Tyrias
511 389 611 430 olim
638 404 746 443 quae
777 394 962 432 verteret
991 404 1130 441 arces,

74 449 185 490 Hinc
209 448 430 503 populum,
459 447 545 488 late
573 461 715 501 regem
743 447 939 501 belloque
967 446 1207 501 superbum,

76 507 314 548 Venturum
343 504 506 547 excidio
531 504 707 559 Libyae,
739 506 798 546 sic
825 506 992 547 volvere
1015 505 1183 546 Parcas.

73 564 125 606 Id
149 568 341 605 metuens
367 562 605 614 veterisque
629 577 791 605 memor
817 563 1018 604 Saturnia
1043 561 1156 613 belli,

74 622 218 664 Prima
246 620 361 675 quod
385 620 440 661 ad
464 620 636 661 Troiam
664 635 742 675 pro
770 621 879 662 caris
913 623 1102 674 gesserat
1125 618 1268 672 Argis:

72 679 264 721 Necdum
292 679 420 720 etiam
447 691 622 719 caussae
653 678 817 720 irarum
848 678 1047 731 saevique
1071 676 1240 718 dolores

1648 675 1671 712 10

1678 674 1700 713 Οἱ

73 737 333 779 Exciderant
361 735 523 787 animo,
559 739 702 777 manet
728 736 818 778 alta
847 739 987 777 mente
1011 738 1228 788 repostum

72 794 283 837 Iudicium
311 792 477 835 Paridis
502 797 756 848 spretaeque
781 793 937 834 iniuria
963 792 1138 843 formae,

73 853 130 894 Et
160 866 290 907 genus
318 851 516 903 invisum,
546 855 588 892 et
616 851 731 905 rapti
755 849 1012 905 Ganymedis
1036 850 1242 892 honores:

73 973 123 1000 dis
154 971 220 1001 Cic.
250 973 286 1000 N.
319 972 357 999 D.
392 969 426 1005 l,
458 968 511 998 29.
560 972 700 998 Secutus
727 972 777 998 est
804 970 863 997 Ov.

72 1020 160 1047 Fast.
189 1018 228 1053 6,
260 1015 302 1045 45
339 1013 539 1051 Paeniteat,
574 1012 663 1054 quod
691 1023 758 1042 non
785 1010 866 1051 fovi

78 1059 309 1103 Carthaginis
331 1069 437 1093 arces,
470 1068 572 1100 quum
598 1068 672 1088 mea
698 1057 766 1088 sint
793 1056 866 1087 illic

74 1117 195 1138 currus
221 1111 253 1137 et
277 1115 376 1136 arma
404 1104 487 1135 loco.

124 1153 173 1182 18.
199 1151 230 1181 si
254 1161 322 1192 qua
345 1160 392 1181 sc.
418 1152 473 1179 via
495 1158 534 1179 ac
558 1150 682 1178 ratione
716 1150 757 1178 cf.
786 1148 863 1178 676.

72 1202 186 1234 ltaque
219 1203 370 1233 quantum
402 1197 469 1225 fieri
510 1204 568 1231 per
607 1196 705 1224 fatum
748 1196 864 1232 possit,

72 1246 158 1281 quod
193 1245 299 1280 ipsum
332 1244 437 1272 nescit
470 1244 531 1271 dea
563 1241 603 1270 cf.
638 1242 676 1278 3,
709 1240 787 1269 251.
820 1256 864 1260 —-

74 1289 150 1321 Iam
171 1292 243 1320 tum
269 1298 336 1326 „ex
360 1297 422 1323 quo
446 1288 621 1317 constituta
640 1292 690 1316 est
714 1294 733 1315 3
755 1287 864 1321 Tyriis

71 1337 210 1367 colonis.
264 1332 455 1374 Tenditque
482 1332 657 1373 fovetque.
714 1334 864 1367 Figurate

72 1383 164 1412 dixit.
212 1384 282 1410 Non
307 1381 372 1410 iam
403 1388 536 1415 regnum
564 1379 652 1408 fovet
678 1380 737 1408 sed
767 1379 864 1407 tendit

70 1434 100 1458 et
126 1428 227 1463 fovet,
254 1431 285 1456 ut
307 1434 441 1461 regnum
464 1434 542 1454 esse
563 1424 703 1460 possit.“
748 1422 865 1453 'sendo

71 1483 100 1504 c.
133 1473 187 1502 ins.
221 1480 272 1508 ap.
300 1474 375 1501 Hor.
406 1473 442 1501 C.
472 1470 508 1508 3,
540 1469 580 1507 4,
610 1470 649 1499 51
686 1470 726 1499 cf.
760 1471 799 1499 ad
831 1469 863 1506 2,

73 1519 127 1549 33.
162 1534 206 1539 —
245 1515 374 1548 Favere
409 1521 459 1547 est
492 1525 527 1545 re
560 1521 590 1545 61
622 1517 716 1545 factis
750 1516 863 1545 favere

71 1566 113 1595 cf.
137 1564 216 1594 281.
263 1563 321 1601 10,
345 1562 400 1593 93.
452 1564 512 1592 Ov.
536 1563 633 1592 Trist.
665 1562 699 1599 1,
725 1561 764 1598 5,
794 1560 847 1590 41.

120 1611 168 1640 19.
195 1606 255 1640 sed
277 1607 365 1638 enim
394 1609 435 1639 cf.
464 1609 500 1646 5,
527 1607 603 1637 395.
664 1605 732 1637 Sed
761 1610 863 1637 altero

70 1659 145 1687 loco
179 1658 320 1692 positum
358 1653 396 1691 3,
429 1653 482 1683 37.
513 1654 589 1683 586.
637 1653 675 1692 5,
711 1653 787 1682 320.
820 1669 865 1673 —

70 1705 195 1733 Numen
216 1702 352 1730 Iunonis
379 1698 549 1734 laeditur,
579 1701 663 1735 quod
691 1708 755 1728 non
784 1701 864 1729 Cat·-

71 1751 181 1785 thago,
205 1755 302 1783 quam
320 1749 401 1783 vult,
427 1747 484 1775 sed
502 1748 616 1778 Roma,
643 1747 784 1774 Troiana
807 1753 864 1774 co—

70 1795 178 1830 lonia,
212 1798 368 1822 terrarum
403 1792 530 1821 habebit
557 1792 744 1827 imperium3
779 1792 863 1826 quod

71 1841 102 1869 id
127 1841 211 1874 quod
236 1841 324 1874 vult,
351 1847 414 1868 non
441 1843 547 1873 potest
571 1838 744 1873 ρει-ήσεως
773 1834 865 1866 dolet

73 1887 159 1921 qnod
195 1886 355 1914 Troianos
392 1886 490 1918 longo
529 1886 616 1912 bello
657 1892 721 1912 non
764 1883 866 1918 potuit

71 1939 250 1966 superare,
297 1931 381 1964 quod
421 1929 582 1958 Troianus
622 1930 717 1958 Paris
758 1929 864 1964 ipsam

71 1978 179 2007 minus
203 1977 381 2004 formosam
406 1975 572 2011 iudicavit,
597 1976 682 2008 quod
702 1975 865 2003 Troianus

74 2023 284 2057 Ganymedes
316 2028 335 2050 a
358 2022 439 2049 Iove
464 2021 560 2049 nimis
586 2021 744 2055 diligitur,
782 2021 866 2054 quoti

73 2069 205 2099 Troiani
237 2075 255 2096 a
287 2068 457 2103 Dardano,
496 2066 585 2094 Iovis
619 2074 662 2094 ex
695 2066 760 2094 alia
791 2066 865 2103 filio,

73 2115 230 2149 originem
255 2115 386 2141 ducunt.

117 2159 171 2188 20.
206 2157 344 2187 Vertere
376 2158 460 2186 idem
496 2157 578 2191 quod
613 2158 781 2189 evertere,
822 2155 868 2183 ita

75 2206 133 2242 lo,
158 2205 203 2234 88
225 2205 311 2240 apud
334 2204 525 2233 Ciceronem
551 2206 580 2230 et
603 2202 706 2235 alios;
740 2201 868 2229 vertere

73 2249 115 2281 ab
139 2249 206 2280 imo
229 2250 260 2286 5,
285 2249 362 2278 810.
413 2250 503 2284 Quod
530 2248 665 2282 saepius
687 2248 761 2275 113111
788 2254 868 2281 poe·-

71 2302 124 2327 tae
156 2297 300 2331 simplex
337 2303 394 2330 pro
425 2295 608 2329 composito
644 2292 685 2321 cf.
720 2292 757 2328 5,
794 2290 866 2320 154.

78 2340 167 2372 Olim
195 2343 234 2370 de
261 2350 296 2370 re
325 2341 431 2369 futura
460 2340 501 2369 cf.
527 2338 605 2367 203.

120 2387 173 2417 21.
205 2385 291 2416 Hinc
315 2387 336 2415 i.
364 2395 392 2414 e.
420 2394 439 2415 a
465 2386 626 2420 sanguine
652 2384 806 2419 Troiano,
835 2386 866 2410 ut

72 2439 162 2463 recte
177 2430 232 2461 Sb.
247 2433 534 2467 explicatffrogr.
547 2432 734 2464 Hildburgli.
752 2428 865 2464 1³45).

72 2483 152 2510 Nam
178 2481 397 2507 Romanorum
422 2479 565 2513 populus
592 2485 635 2504 ex
656 2475 808 2504 Troianis
837 2479 866 2502 et

72 2525 305 2560 Aboriginibus
337 2524 467 2552 coaluit.
516 2523 568 2552 Sic
596 2530 628 2550 v.
654 2520 716 2557 21,
750 2526 781 2549 et
814 2520 865 2554 qui

74 2574 272 2606 sequuntur,
316 2578 382 2598 non
431 2572 480 2597 est
521 2576 678 2596 versuum
727 2566 779 2595 19.
823 2565 868 2593 20

72 2617 181 2646 inanis
205 2615 370 2650 repetitio,
397 2622 480 2648 quae
504 2614 677 2642 videbatur
702 2620 780 2641 esse
802 2612 867 2640 iam

72 2665 201 2697 Probo;
229 2668 305 2690 nam
332 2661 386 2695 „in
407 2662 513 2688 Probo
537 2659 693 2694 adpuncti
717 2662 811 2691 sunt,
837 2661 867 2685 et

74 2708 313 2742 annotandum,
343 2706 374 2734 111
400 2707 462 2734 duo
489 2705 517 2734 si
541 2705 741 2738 eximantur,
773 2703 870 2732 nihil-

76 2755 204 2783 ominus
248 2760 371 2781 sensus
409 2752 536 2785 integer
570 2750 648 2786 erit,
696 2750 756 2778 sed
793 2750 866 2784 ⁷Vgl.

75 2803 162 2830 amat
199 2798 286 2828 aliud
325 2805 429 2833 agens
467 2796 557 2825 exire
594 2796 626 2824 in
658 2796 776 2824 laudes
808 2803 868 2830 po-

75 2846 144 2882 puli
166 2842 339 2873 Romani.“
393 2846 426 2871 S.
453 2844 561 2872 verba
583 2841 765 2876 transponit
795 2837 867 2869 ΡΙ..-

78 2888 286 2931 Progeniem
305 2904 351 2910 —
367 2885 544 2922 audierat,
570 2884 699 2926 Libyae
719 2883 870 2916 cnidio.-

75 2934 125 2967 sic
157 2944 189 2965 v.
224 2932 263 2965 P.
315 2931 408 2963 Hinc
444 2949 489 2953 -
526 2934 706 2961 venturum
746 2928 871 2971 Tyrias

76 2999 122 3002 —
154 2988 250 3010 arces
287 2984 317 3009 61
350 2980 436 3008 611611
481 2975 518 3007 ld
551 2994 595 2997 —
628 2974 748 3016 Argis.
799 2979 870 3006 Hoc

77 3032 128 3057 est
154 3034 285 3057 sanare.
313 3042 358 3046 -
389 3025 620 3060 Carthaginem
644 3024 777 3053 delesse
801 3030 871 3052 ma·

910 968 1032 997 ximum
1066 967 1174 995 visum
1202 967 1253 993 est
1278 962 1436 991 Romanis
1466 962 1615 997 facinus;
1645 968 1700 989 ca-

911 1014 1059 1048 piturque
1099 1010 1236 1040 Romani
1275 1009 1413 1043 legentis
1453 1008 1580 1036 animus
1616 1007 1701 1041 quod

910 1060 1055 1088 Aeneam
1081 1058 1218 1090 eiusque
1250 1054 1317 1083 fata
1350 1061 1421 1082 cum
1456 1053 1559 1087 gloria
1582 1054 1702 1080 Roma-

910 1112 1025 1133 norum
1050 1102 1202 1136 coniungi
1227 1101 1313 1129 videt
1339 1104 1368 1127 et
1393 1098 1560 1127 contineri.
1585 1113 1629 1117 —-
1653 1094 1702 1125 sic

911 1148 1046 1178 volvere
1070 1146 1198 1178 Parcas
1214 1146 1253 1175 ef.
1268 1145 1299 1181 3,
1314 1144 1389 1173 376.
1405 1160 1449 1163 —
1465 1142 1558 1180 „late
1572 1151 1702 1184 regem,

912 1204 969 1231 pro
997 1197 1060 1224 late
1086 1198 1306 1229 regnaturum.
1362 1193 1484 1219 Nomen
1513 1198 1570 1225 pro
1603 1189 1702 1225 parti-

910 1242 1018 1277 cipio“
1044 1244 1076 1270 S.
1103 1240 1144 1268 cf.
1177 1241 1229 1268 Gr.
1256 1237 1277 1273 §
1304 1235 1382 1266 364.
1410 1252 1454 1255 —
1477 1233 1565 1265 bello
1583 1242 1702 1275 super-

911 1285 988 1316 bum
1016 1287 1056 1315 cf.
1083 1286 1123 1322 5,
1148 1283 1225 1313 268.

956 1332 1010 1361 22.
1044 1330 1168 1361 Venire
1189 1326 1323 1359 excidio
1342 1328 1421 1357 dixit
1442 1327 1620 1356 secundum
1635 1325 1702 1354 for-

911 1380 1017 1408 mulas
1054 1375 1205 1411 auxilio,
1236 1372 1391 1403 subsidio
1418 1371 1542 1402 venire.
1568 1388 1611 1391 —-
1642 1368 1701 1400 Li-

912 1422 998 1464 byae
1030 1422 1287 1458 magnificentius
1324 1427 1419 1454 quam
1459 1414 1702 1459 Carthaginis,

912 1475 943 1499 ιιι
966 1469 1002 1506 3,
1029 1470 1042 1498 1
1078 1467 1163 1498 Asia
1189 1475 1246 1503 pro
1276 1463 1381 1495 Troia
1405 1470 1466 1493 etc.

954 1515 1007 1544 23.
1042 1513 1146 1544 setus
1171 1518 1221 1542 est
1248 1515 1379 1547 longum
1406 1513 1545 1545 durans;
1575 1509 1619 1538 ita
1642 1515 1702 1536 ve-

911 1564 967 1591 tus
1002 1558 1125 1590 bellum
1158 1560 1226 1590 Cic.
1264 1561 1349 1587 Man.
1390 1555 1438 1585 11.
1494 1557 1703 1584 Exaeerbata

910 1613 1016 1637 autem
1043 1606 1178 1636 Iunonis
1203 1606 1267 1640 ira,
1304 1604 1390 1638 quod
1413 1603 1532 1632 tamdiu
1554 1601 1702 1630 restitere

911 1654 1043 1683 Troiani
1068 1653 1100 1681 in
1125 1654 1209 1680 hello
1236 1650 1387 1679 Troiano.

956 1697 1009 1728 2⁴.
1042 1695 1158 1727 Prima
1183 1705 1230 1727 sc.
1256 1697 1338 1724 inter
1364 1696 1461 1729 deos,
1487 1693 1541 1727 qui
1563 1692 1594 1721 in
1618 1692 1702 1720 bello

911 1750 1023 1775 contra
1049 1745 1209 1774 Troianos
1238 1745 1406 1777 steterant,
1436 1740 1531 1774 igitur
1555 1737 1703 1767 infestis—

910 1792 1004 1821 sima.
1053 1787 1198 1826 „Prima
1222 1789 1375 1823 princeps
1409 1785 1601 1821 accipienda
1630 1781 1702 1812 est“

911 1841 943 1867 S.
993 1838 1046 1866 Sic
1073 1836 1109 1873 7,
1133 1835 1207 1864 107.
1234 1833 1310 1863 468.

956 1882 1010 1911 26.
1042 1878 1253 1910 Exciderant
1278 1876 1394 1907 animo
1419 1878 1500 1911 3111,;
1528 1876 1577 1904 sic
1603 1872 1702 1914 elap-

912 1937 970 1959 sus
996 1926 1072 1957 242.
1127 1927 1239 1955 Simile
1262 1922 1417 1953 excidere
1442 1920 1605 1951 memoria
1630 1921 1703 1949 Liv.

911 1975 972 2010 27,
1005 1973 1036 2003 3.
1097 1970 1206 2012 Eripe
1242 1967 1377 2011 vagina
1411 1967 1545 2006 ferrum
1579 1967 1636 1995 Sil.
1671 1964 1704 2000 2,

912 2020 989 2050 260.
1040 2020 1148 2048 Verba
1178 2025 1250 2046 cum
1277 2024 1315 2044 cr
1339 2014 1522 2050 composita
1546 2013 1578 2041 in
1603 2019 1702 2047 prosa

914 2067 1060 2095 oratione
1097 2066 1201 2093 solent
1231 2069 1403 2091 assumere
1430 2059 1704 2096 praepositionem

914 2119 964 2141 er.
1014 2111 1061 2140 Cf.
1086 2112 1139 2138 Gr.
1165 2108 1187 2143 5
1203 2107 1280 2143 336,
1311 2108 1375 2136 An.
1406 2106 1417 2134 1
1448 2110 1477 2134 et
1501 2105 1537 2141 6,
1559 2103 1636 2133 259.
1659 2118 1705 2123 -—

915 2154 990 2185 alta
1036 2157 1147 2184 mente
1186 2150 1274 2191 (lies
1315 2150 1350 2181 in
1393 2149 1453 2179 der
1494 2147 1625 2188 Seele).
1660 2163 1704 2169 -—-

917 2199 1037 2231 Manet
1063 2201 1257 2238 repostum5
1296 2198 1341 2226 ita
1371 2196 1437 2225 257
1469 2197 1610 2224 manent
1641 2192 1704 2223 im-

913 2249 1008 2276 mota
1034 2244 1128 2283 fata.
1176 2245 1256 2278 Lep.
1285 2244 1326 2271 ad
1352 2242 1418 2271 Cic.
1443 2244 1532 2270 Fam.
1559 2240 1618 2276 10,
1649 2238 1704 2277 34,

913 2292 934 2321 3
972 2299 1060 2332 qnae
1088 2291 1252 2330 perpetuo
1285 2285 1400 2316 animo
1427 2294 1500 2314 meo
1521 2284 1602 2324 fisa
1625 2293 1703 2313 ma-

913 2336 1052 2367 nebunt.
1101 2337 1173 2365 val.
1204 2336 1250 2363 Fl.
1288 2333 1316 2368 Ι,
1350 2330 1417 2361 533
1446 2329 1526 2370 fixa
1553 2332 1704 2358 manent.

914 2384 955 2414 cf.
976 2383 1008 2417 2,
1036 2382 1108 2410 169.
1132 2397 1177 2400 κ
1198 2380 1385 2420 repostum.
1433 2377 1487 2404 Sit:
1511 2377 1705 2413 compostus

913 2429 990 2465 249,
1015 2426 1183 2465 impactus
1203 2425 1234 2461 9,
1260 2424 1337 2458 716,
1364 2425 1525 2462 expostus
1557 2421 1605 2455 10,
1625 2420 1702 2450 694.

912 2475 1102 2510 Repositum
1126 2473 1157 2501 in
1182 2476 1286 2501 mente
1312 2470 1396 2504 quod
1421 2474 1489 2503 est,
1513 2471 1674 2496 servatur.

958 2521 1013 2549 27.
1040 2516 1208 2549 Indicium
1238 2513 1396 2551 Paridis,
1426 2515 1510 2548 quod
1533 2513 1649 2542 Iunoni
1674 2516 1704 2540 61

912 2568 1080 2597 Minervae
1117 2563 1353 2600 pulchritudine
1393 2564 1561 2595 praestare
1596 2560 1703 2587 Vene-

912 2622 980 2642 rem
1006 2615 1190 2645 censuerat,
1215 2609 1300 2643 quod
1324 2609 1404 2636 Iuno
1426 2606 1574 2634 iniuriam
1597 2606 1704 2641 babet,

914 2666 1002 2689 more
1025 2657 1226 2686 seminarum.
1250 2670 1294 2673 —
1321 2654 1524 2692 spretaeque
1546 2650 1587 2679 cf.
1612 2649 1643 2678 2.

959 2704 1014 2733 28.
1045 2700 1161 2732 Genus
1199 2697 1368 2731 invisum,
1409 2698 1493 2731 quod
1529 2698 1704 2725 Dardanus

915 2747 1030 2780 lovis
1055 2757 1098 2777 ex
1118 2749 1247 2776 Electra
1270 2748 1337 2773 erat
1358 2744 1443 2772 filius
1474 2759 1518 2763 —
1539 2745 1706 2777 Ganyme-

915 2798 991 2831 des,
1013 2796 1107 2824 Trois
1133 2793 1233 2826 filius,
1259 2791 1424 2819 formosus
1451 2797 1547 2824 puer,
1577 2795 1597 2817 3
1623 2790 1704 2816 Iove

914 2847 1042 2871 amatus
1069 2844 1097 2868 et
1121 2840 1152 2867 in
1184 2839 1308 2866 caelum
1336 2837 1441 2865 elatus
1467 2835 1527 2871 (cf.
1552 2834 1591 2870 5,
1617 2833 1704 2868 252)

915 2889 1026 2917 Hebes
1056 2885 1161 2914 officio
1190 2883 1347 2918 fungitur,
1390 2881 1443 2917 qui
1479 2881 1573 2917 pueri
1602 2882 1706 2910 honor

917 2933 1047 2962 offendit
1077 2937 1223 2959 uxorem.

962 2978 1017 3007 29.
1043 2976 1236 3005 struendum
1272 2978 1357 3002 erat:
1407 2970 1444 3001 id
1481 2973 1635 3000 metucns
1674 2971 1706 2998 et

917 3031 1113 3059 memor...,
1150 3017 1266 3049 causis
1288 3017 1391 3049 eciam
1415 3015 1498 3048 aliis
1521 3012 1707 3046 incidenti-
