2023 3350
245 129 327 169 (322

809 126 841 156 P.
871 124 1063 157 VIRGILII
1090 127 1298 161 MARONIS

244 243 338 284 Stat
375 239 564 282 conferre
601 250 772 278 manum
808 238 994 290 Aeneae,
1030 242 1134 290 stat,
1173 240 1380 295 quidquid
1418 244 1563 284 acerbi
1593 248 1669 294 est,

244 300 383 341 Morte
418 296 530 349 pati3
565 307 702 347 neque
739 308 806 336 me
844 295 1102 347 indecorem,
1134 309 1353 351 germana,
1387 300 1552 342 videbis

242 355 447 408 Amplius.

506 351 646 402 Hunc,
684 365 778 403 oro,
817 353 906 394 sine
938 367 1005 394 me
1038 353 1179 394 furere
1216 359 1315 396 ante
1350 357 1547 400 furorem.

1779 357 1863 397 680

242 412 375 461 Dixit,
411 413 453 451 et
489 422 511 450 e
550 423 677 450 curru
711 410 868 451 saltum
902 409 1019 451 dedit
1057 410 1173 452 ocius
1211 413 1342 465 arvis3

240 471 405 520 Perque
439 466 601 516 hostes,
637 479 714 519 per
746 467 835 509 tela
871 468 975 519 ruit3
1013 471 1305 521 maestamque
1341 484 1530 513 sororem

242 525 428 575 Deserit,
469 537 518 565 ac
544 523 696 577 rapido
738 538 864 566 cursu
901 525 1040 567 media
1075 526 1246 579 agmina
1286 529 1456 582 rumpit.

240 585 300 625 Ac
336 581 466 624 veluti
498 582 656 623 montis
695 596 845 624 saxum
882 583 934 624 de
973 583 1130 624 vertice
1171 597 1375 638 praeceps

241 642 377 692 Quum
412 639 520 690 ruit,
566 639 758 680 avolsum
788 644 931 691 vento,
968 655 1043 682 seu
1079 640 1277 682 turbidus
1315 641 1452 684 imber

1783 642 1863 682 685

238 698 421 748 Proluit,
457 700 533 738 aut
568 697 688 739 annis
726 698 853 739 solvit
891 698 1093 752 sublapsa
1126 702 1327 749 vetustas,

238 757 393 798 Fertur
428 755 471 795 in
505 754 736 808 abruptum
771 769 925 809 magno
963 770 1083 797 mons
1118 755 1339 809 improbus
1377 760 1487 805 actu,

237 813 521 866 Exsultatque
559 812 667 864 solo,
704 813 850 863 silvas,
889 818 1084 856 armenta
1117 814 1318 867 virosque

237 871 461 914 Involvens
495 883 655 911 secum:
690 870 869 913 disiecta
905 885 981 925 per
1018 871 1189 925 agmina
1223 871 1387 912 Turnus

239 930 308 972 Sic
343 927 461 970 urbis
494 928 581 968 ruit
620 927 676 969 ad
710 942 877 979 muros,
915 929 989 970 ubi
1028 929 1213 982 plurima
1248 928 1341 970 suso

1781 927 1864 967 690

239 985 454 1040 Sanguine
488 988 605 1026 terra
641 985 801 1037 madet,
845 987 1118 1040 striduntque
1153 986 1380 1028 hastilibus
1418 998 1565 1036 aurae,

239 1043 544 1098 Significatque
577 1056 726 1094 manu,
765 1048 808 1085 et
837 1058 992 1098 magno
1032 1044 1157 1086 simul
1194 1044 1346 1098 incipit
1387 1057 1481 1085 ore:

237 1101 407 1146 Parcite
445 1101 550 1152 iam,
590 1101 754 1153 Rutuli,
790 1105 833 1142 et
870 1116 943 1143 vos
982 1102 1070 1144 tela
1108 1102 1314 1153 inhibete,
1353 1101 1514 1151 Latini;

239 1162 522 1212 Quaecunque
561 1162 625 1200 est
658 1159 870 1211 Fortuna,
903 1173 997 1201 mea
1029 1163 1113 1211 est,
1152 1174 1219 1201 me
1256 1160 1397 1201 verius
1435 1172 1566 1200 unum

236 1220 319 1261 Pro
358 1216 478 1258 vobis
512 1215 660 1258 foedus
700 1216 833 1268 luere,
870 1221 912 1258 et
947 1218 1175 1259 decernere
1212 1217 1340 1259 ferro.

1783 1213 1865 1253 695

237 1278 481 1319 Discessere
515 1287 659 1316 omnes
695 1274 825 1317 medii
849 1276 1119 1329 spatiumque
1161 1275 1327 1316 dedere.

352 1333 409 1374 At
445 1335 570 1385 pater
609 1334 796 1384 Aeneas,
835 1333 983 1375 audito
1018 1333 1188 1375 nomine
1224 1333 1365 1383 Turni,

237 1390 408 1433 Deserit
444 1393 486 1431 et
522 1403 664 1431 muros
705 1394 747 1432 et
782 1404 966 1433 summas
1006 1391 1164 1433 deserit
1194 1404 1326 1442 arces,

283 1528 360 1559 678.
387 1532 470 1567 stat,
495 1530 667 1559 consilium
695 1535 745 1559 est
776 1530 861 1567 cf.5,
884 1528 960 1559 418.
984 1546 1027 1550 —-

237 1573 407 1616 quidquid
433 1573 547 1604 acerbi
571 1578 620 1604 est
650 1578 758 1605 morte
792 1574 880 1614 pati.
930 1577 1029 1605 Varie

236 1624 320 1651 haec
356 1623 457 1650 verba
487 1622 600 1650 iuncta
626 1626 717 1655 sunt;
772 1618 822 1650 Pl.
849 1622 894 1650 ita
916 1622 1027 1650 habuit

234 1668 361 1703 inepta,
406 1672 439 1695 ut
467 1667 644 1702 corrigeret
678 1664 792 1695 Marte
826 1667 848 1695 i.
873 1675 901 1695 e.
935 1668 1028 1703 „qui-

236 1721 365 1748 cunque
391 1713 489 1741 huius
525 1712 712 1741 certaminis
741 1720 813 1740 cum
837 1714 952 1741 Aenea
974 1712 1027 1741 fu·

236 1764 328 1787 turus
355 1759 395 1787 sit
423 1762 580 1794 eventus,
623 1758 719 1786 etiam
752 1757 780 1786 si
806 1758 848 1786 sit
874 1760 1026 1795 acerbus,

235 1809 300 1833 stat
340 1802 442 1838 11311)ι
489 1804 552 1831 Sed
590 1805 690 1831 multa
718 1803 781 1831 iam
813 1808 844 1831 et
882 1804 1025 1832 maxime

235 1850 333 1878 turris
374 1854 518 1878 cremata
543 1851 652 1877 Turno
684 1854 820 1877 mortem
853 1851 1026 1884 portende-

236 1898 321 1930 bant,
347 1900 376 1923 et
401 1896 465 1923 iam
481 1893 546 1923 646
567 1902 605 1923 se
621 1894 811 1922 moriturum
828 1896 1027 1924 ostenderat.

235 1943 325 1976 Quae
364 1942 489 1969 interea
518 1940 606 1969 facta
643 1945 732 1975 sunt,
778 1949 843 1969 non
889 1946 1027 1975 possunt

234 1988 333 2016 aliam
374 1987 405 2015 ei
447 1991 585 2015 mentem
626 1986 771 2014 iniicere.
831 1987 938 2021 Atque
983 1995 1027 2015 ex

234 2033 444 2068 praegressis
460 2038 713 2066 exspectamus:
729 2032 879 2066 equidem
892 2037 1025 2061 mortem

236 2084 389 2114 oppetere
432 2083 566 2113 paratus
606 2085 689 2106 sum.
737 2079 807 2106 13111
838 2083 870 2106 111
905 2076 933 2113 t,
959 2077 1026 2106 219

233 2125 374 2159 legimus
401 2126 555 2152 extrema
578 2120 657 2162 pati
682 2131 739 2158 pro
762 2121 860 2161 mori,
882 2124 931 2152 sic
955 2125 1024 2152 11.1.

235 2170 346 2199 acerbi
370 2169 521 2204 quidquid
554 2173 603 2197 est
634 2169 699 2204 pati
731 2173 833 2197 morte
862 2169 1026 2204 profitetur

234 2216 254 2244 i.
289 2224 319 2244 e.
352 2223 478 2244 omnem
516 2214 601 2243 ferre
632 2214 755 2243 ‘mortis
802 2215 1023 2244 acerbitatem.

235 2264 346 2296 Neque
371 2261 512 2296 amplius
537 2265 701 2289 certamen
725 2264 756 2288 et
782 2266 916 2290 mortem
933 2261 1024 2290 diffe-

233 2314 313 2343 ram,
345 2315 406 2335 nec
431 2306 551 2342 fugiam
575 2307 763 2335 indecorus.

279 2352 355 2382 679.
382 2355 451 2382 Non
475 2353 618 2387 amplius
637 2360 657 2381 a
682 2357 710 2380 te
736 2359 786 2379 1110
810 2352 942 2381 retineri
966 2360 1025 2387 pa-

232 2400 304 2428 tiar.
328 2414 372 2418 —
397 2396 591 2427 indecorem
617 2398 658 2427 cf.
683 2398 712 2432 7.
740 2395 815 2425 231.

276 2443 353 2473 680.
379 2440 469 2472 hunc
486 2442 776 2481 furerefurorem
793 2443 917 2478 „figura
941 2443 1025 2472 anti-

232 2497 307 2525 qua,
320 2495 353 2518 111
370 2490 561 2518 servitutem
572 2489 686 2525 servit,
703 2488 979 2517 doletdolorem.“
991 2492 1022 2517 S.

234 2536 276 2565 cf.
306 2537 357 2564 Gr.
384 2532 416 2572 §-
433 2533 510 2571 294,
535 2535 563 2563 1.
586 2550 630 2554 —
656 2537 737 2563 ante
762 2542 809 2562 sc.
832 2542 927 2568 quam
955 2543 1024 2563 mo—

232 2583 308 2617 riar,
353 2581 424 2610 sine
452 2588 502 2608 me
526 2583 612 2610 1111110
638 2580 780 2609 furorem
803 2579 921 2617 furere,
959 2589 1022 2615 quo

233 2629 344 2662 ardeo,
371 2627 544 2655 ostendere
570 2628 722 2655 virtutem
747 2632 862 2654 meam.

278 2671 356 2702 681.
381 2669 509 2700 saltum
536 2669 633 2701 dedit
665 2672 706 2701 cf.
735 2670 767 2706 2,
791 2669 867 2699 698.
895 2687 939 2690 ν-
965 2679 1024 2700 ar·-

233 2717 287 2758 vis
315 2718 446 2747 dativus
471 2722 591 2746 1110111111
617 2718 765 2753 signanS.

278 2762 354 2793 683.
387 2760 523 2792 Deserit
554 2764 645 2799 prius
675 2768 725 2792 est
756 2770 852 2797 quam
882 2759 954 2791 ruit
981 2762 1023 2791 cf.

234 2810 265 2841 8.
296 2809 368 2838 125.

277 2854 351 2883 684.
385 2851 434 2884 Pl.
456 2862 512 2890 pro
538 2851 665 2883 montis
677 2853 760 2883 coni.
781 2849 897 2890 Pindi,
917 2857 1024 2882 motus

235 2908 334 2929 versu
357 2900 433 2929 687.

277 2944 352 2973 685.
379 2944 535 2975 avolsum
564 2948 664 2974 vento
690 2943 763 2974 sive
780 2941 941 2973 turbidus
959 2941 1024 2973 im-

235 2986 292 3017 ber
316 2988 449 3027 proluit
473 2994 502 3020 11.
529 2999 557 3020 e.
580 2991 611 3020 si
638 2991 745 3020 subita
769 2994 884 3019 exorta
910 2990 1021 3025 aliqua

235 3038 441 3070 tempestate,
481 3038 542 3066 aut
576 3034 680 3066 annis
713 3033 818 3066 solvit
855 3037 1025 3072 vetustas,

1074 1531 1092 1559 i.
1126 1539 1153 1559 e.
1188 1535 1243 1559 aut
1287 1534 1451 1559 vetustate
1491 1531 1624 1559 corruit.
1671 1531 1864 1565 Bergsturz.

1074 1577 1153 1605 Inde
1168 1577 1317 1605 videmus
1345 1574 1416 1605 sive
1443 1582 1474 1604 et
1497 1578 1559 1605 aut
1573 1576 1716 1605 nonsibi
1733 1575 1864 1611 opponi.

1074 1621 1114 1650 cf.
1143 1621 1175 1657 5,
1204 1621 1259 1650 68.

1119 1666 1196 1696 686.
1223 1664 1401 1707 sublapsa,
1419 1666 1542 1696 sensim
1568 1667 1685 1695 labens
1701 1670 1864 1695 vetustas.

1119 1711 1196 1740 687.
1225 1720 1322 1741 mons
1345 1713 1366 1741 i.
1389 1721 1416 1741 e.
1444 1719 1574 1749 saxum,
1599 1711 1747 1747 fragmen
1771 1719 1865 1741 mon-

1073 1757 1134 1790 tis;
1158 1758 1202 1786 ita
1226 1763 1257 1786 01
1279 1760 1350 1786 Iuv.
1376 1757 1407 1793 3,
1432 1757 1508 1786 258.
1534 1773 1578 1777 —
1599 1755 1787 1796 improbus.
1815 1757 1864 1787 cf.

1071 1802 1105 1838 2,
1129 1801 1205 1831 356.

1118 1846 1194 1876 688.
1221 1847 1372 1877 Gradatio
1411 1852 1480 1883 est,
1525 1854 1599 1876 nam
1634 1848 1741 1876 silvae
1778 1848 1864 1878 fixae

1073 1898 1176 1931 stant,
1220 1898 1367 1923 armenta
1395 1895 1515 1922 malum
1548 1897 1687 1928 possunt
1710 1894 1864 1929 effugere.

1074 1940 1135 1968 viri
1160 1939 1256 1968 etiam
1284 1941 1404 1968 malum
1429 1939 1567 1967 futurum
1593 1939 1800 1975 praevidere.

1119 1984 1196 2014 694.
1222 1983 1348 2022 verius,
1391 1985 1522 2022 iustius,
1547 1985 1593 2014 ita
1621 1984 1653 2022 2,
1691 1984 1763 2014 141.
1785 1987 1864 2015 Hor.

1074 2033 1132 2066 Ep.
1163 2031 1191 2067 l,
1221 2031 1252 2067 7,
1280 2030 1324 2060 98
1368 2027 1487 2060 Metiri
1524 2039 1559 2060 se
1598 2038 1766 2071 quemque
1802 2040 1865 2061 suo

1073 2073 1214 2106 modulo
1237 2085 1278 2106 ac
1297 2073 1385 2116 pede
1408 2084 1524 2105 verum
1551 2077 1611 2105 est.
1641 2078 1690 2106 Ita
1714 2084 1768 2112 ap.
1795 2078 1864 2107 Cic.

1072 2124 1152 2152 Sall.
1181 2123 1251 2152 Liv.
1278 2123 1379 2157 aIiOS,
1410 2127 1439 2151 et
1472 2127 1570 2151 recte.
1618 2123 1749 2152 Veritas
1777 2124 1862 2152 enim

1072 2176 1200 2197 summa
1224 2173 1274 2198 est
1293 2168 1426 2205 iustitia,
1451 2168 1657 2202 omniumque
1673 2176 1780 2198 rerum
1803 2177 1864 2198 ve—

1069 2215 1196 2242 ritatem
1239 2214 1412 2248 exquirere
1451 2214 1482 2242 in
1523 2213 1639 2243 officiis
1681 2219 1863 2250 posuerunt

1070 2260 1193 2294 antiqui
1226 2260 1426 2297 philosophi,
1464 2263 1497 2288 ut
1526 2259 1591 2288 iam
1628 2267 1672 2289 ex
1701 2260 1862 2290 Cicerone

1070 2305 1153 2335 satis
1179 2311 1324 2340 apparet.

1117 2350 1193 2380 695.
1219 2353 1310 2387 „Ego
1347 2352 1442 2380 solus
1476 2352 1566 2379 luam
1601 2358 1740 2389 poenae,
1778 2359 1862 2386 quas

1071 2404 1134 2425 vos
1158 2402 1290 2432 propter
1311 2397 1391 2425 illud
1414 2395 1531 2425 foedus
1556 2397 1736 2426 meruistis.
1781 2399 1861 2427 Nam

1070 2448 1163 2477 turpe
1189 2446 1219 2470 et
1245 2444 1424 2471 scelestum
1441 2441 1559 2471 foedus
1584 2447 1645 2471 est.
1693 2444 1741 2471 lta
1759 2443 1861 2473 Silius

1071 2490 1109 2517 de
1137 2489 1343 2525 saguntinis,
1377 2487 1431 2522 qui
1454 2484 1586 2517 luerent
1603 2485 1754 2525 foedera
1779 2489 1864 2518 inter

1070 2536 1236 2562 Romanos
1265 2539 1294 2562 et
1325 2535 1455 2562 Poenos
1484 2532 1512 2569 t,
1536 2532 1625 2562 67l“
1651 2530 1702 2562 Pl.

1072 2609 1260 2642 697—745.
1308 2609 1596 2651 Congrediuntur.
1634 2610 1728 2643 Ense
1751 2610 1861 2644 fracto

1333 2656 1474 2688 Turnus
1503 2655 1604 2698 fugit.

1115 2712 1190 2743 697.
1223 2712 1330 2744 Pater
1358 2715 1438 2752 Iuli,
1477 2715 1572 2745 cuius
1601 2717 1641 2744 ob
1671 2722 1807 2750 regnum
1828 2715 1861 2744 in

1071 2761 1164 2789 Italia
1207 2761 1469 2790 constituendum
1503 2762 1636 2790 Aeneas
1673 2768 1788 2791 omnes
1828 2764 1861 2789 et

1070 2806 1171 2836 maris
1196 2810 1226 2835 et
1250 2806 1324 2835 belli
1348 2809 1480 2836 labores
1502 2809 1715 2836 toleraverat.

1114 2851 1192 2881 698.
1220 2849 1347 2881 deserit
1372 2860 1488 2882 muros
1509 2853 1543 2882 et
1569 2859 1724 2881 summae
1751 2858 1862 2880 arces.

1069 2899 1185 2932 Itaque
1210 2898 1275 2926 iam
1300 2903 1420 2927 certam
1453 2897 1575 2927 deserit
1606 2897 1776 2926 victoriam
1802 2903 1860 2925 ur-

1070 2945 1207 2978 bemque
1244 2950 1350 2979 paene
1384 2948 1525 2981 captam,
1560 2947 1594 2972 ut
1639 2942 1746 2977 possit
1775 2942 1858 2971 inire

1068 2993 1232 3018 certamen
1277 2997 1351 3019 cum
1389 2992 1516 3025 Turno;

1072 3034 1178 3070 agitur
1201 3035 1329 3064 ardore.

1563 2991 1651 3018 tanto
1692 2988 1858 3023 pugnandi
