2023 3350
774 88 1014 122 AENEIDOS
1041 91 1129 122 LIB.
1156 92 1214 122 ix.

163 203 279 244 Neve
316 205 484 244 armate
518 214 691 252 manus3
733 203 872 243 maria
906 206 1006 244 ante
1041 216 1220 244 exurere
1259 204 1416 256 Turno,

164 260 302 311 Quam
337 273 484 302 sacras
523 258 700 300 dabitur
737 259 876 313 pinus.

162 318 229 358 Ite
265 317 371 360 deae
402 316 569 372 pelagi3
610 317 808 369 genetrix
848 318 979 359 iubet.

163 375 375 417 Continuo
415 387 582 428 puppes
618 373 884 428 abrumpunt
921 375 1093 417 vincula
1127 376 1245 430 ripis,

161 431 510 486 Delphinumque
547 431 675 473 modo
717 432 924 475 demersis
962 446 1154 486 aequora
1186 434 1338 475 rostris

160 490 255 531 Ima
290 493 456 545 petunt.

161 547 294 602 [Quot
326 547 446 600 prius
490 550 668 588 aeratae
706 551 919 589 steterant
956 548 1012 589 ad
1051 549 1184 590 litora
1220 550 1396 604 prorae]

160 603 363 646 Reddunt
400 618 444 646 se
483 604 668 646 totidem
702 604 855 657 facies,
889 609 1109 659 pontoque
1146 607 1357 648 feruntur.

277 661 536 715 Obstipuere
576 663 710 704 animi
749 663 942 715 Rutulis3
982 664 1242 705 conterritus
1284 665 1378 718 ipse

159 718 363 761 Turbatis
396 719 622 773 Messapus
663 721 804 775 equis,
844 724 1075 762 cunctatur
1119 726 1162 763 et
1199 722 1338 763 amnis

158 777 307 819 Rauca
342 790 502 819 sonans
537 782 800 831 revocatque
834 779 988 832 pedem
1022 778 1248 821 Tiberinus
1290 778 1345 820 ab
1388 779 1492 821 alto.

157 834 216 875 At
250 848 336 876 non
375 835 533 877 audaci
567 835 712 877 Turno
751 835 911 878 fiducia
950 836 1101 888 cessit,

127 891 284 933 .Ultro
325 893 492 935 animos
529 893 647 934 tollit
682 893 827 945 dictis,
864 897 996 947 atque
1033 894 1230 947 increpat
1266 893 1405 935 ultro:

158 949 369 992 Troianos
409 950 517 992 haec
552 954 749 992 monstra
787 954 958 1005 petunt3
996 950 1065 992 his
1100 952 1297 1004 Iuppiter
1334 951 1426 1004 ipse

157 1007 380 1049 Auxilium
415 1008 593 1050 solitum
633 1008 815 1062 eripuit,
855 1023 940 1050 non
970 1008 1080 1059 tela,
1116 1023 1257 1062 neque
1292 1009 1414 1061 ignes

159 1065 428 1119 Exspectant
466 1066 660 1107 Rutulos.

721 1066 838 1119 Ergo
880 1066 1020 1107 maria
1059 1066 1176 1107 invia
1211 1065 1399 1116 Teucris,

1737 95 1821 133 439

1741 208 1820 246 115

938 260 1025 302 Vos
1062 260 1123 302 ite
1163 261 1342 312 solutae,

1040 318 1116 370 Et,
1147 333 1226 360 sua
1270 333 1470 373 quaeque

516 489 629 530 Hinc
667 490 904 543 virgineae,
943 516 1001 521 —
1037 491 1236 533 mirabile
1277 491 1535 533 monstrum!
1578 516 1635 521 —-
1738 492 1819 531 120

1736 783 1816 821 125

1736 1067 1817 1105 130

159 1122 249 1164 Nec
293 1137 390 1177 spes
429 1123 520 1165 ulla
556 1123 703 1177 fugae3
746 1137 890 1165 rerum
929 1137 1031 1177 pars
1070 1124 1210 1165 altera
1252 1122 1458 1175 adempta
1496 1124 1582 1162 est:

159 1243 273 1276 Itaque
297 1241 431 1271 Troiani
455 1249 490 1270 se
515 1246 632 1277 parant
658 1243 698 1271 ad
723 1249 829 1270 naves
853 1241 963 1270 defen-

159 1288 291 1316 dendas.

206 1330 283 1361 116.
311 1329 455 1362 dabitur
484 1333 523 1362 cf.
563 1331 599 1369 1,
627 1330 680 1361 66.
716 1348 754 1351 —
788 1329 897 1372 pinus
921 1331 960 1361 cf.

162 1375 220 1414 11,
252 1375 324 1406 136.

207 1422 281 1452 120.
307 1420 469 1452 mirabile
483 1424 675 1452 moustrum
695 1422 733 1452 cf.
749 1420 780 1459 7,
800 1420 852 1450 73.
888 1424 962 1457 Ipse

158 1470 247 1499 omni
272 1470 364 1498 modo
389 1472 498 1504 curat,
524 1476 564 1497 ne
588 1468 669 1497 talia
695 1476 835 1497 narrans
861 1468 960 1496 niniis

157 1516 311 1545 credulus
335 1517 503 1543 habeatur.

205 1557 281 1589 121.
306 1561 433 1589 Versus
459 1562 552 1588 abest
574 1566 595 1587 a
611 1559 802 1597 FMPRybc.
828 1559 862 1586 in
883 1558 962 1586 aliis

156 1606 289 1636 diverso
315 1607 386 1636 loco
415 1606 552 1642 legitur;
589 1609 757 1639 praeterea
787 1608 817 1633 et
844 1611 963 1640 naves,

156 1656 187 1681 et
211 1660 349 1692 puppes
372 1656 403 1681 et
427 1659 554 1690 prorae
580 1652 690 1686 datur,
723 1658 807 1686 quae
839 1650 961 1678 discre-

158 1698 272 1733 pantia
309 1698 440 1734 signum
479 1701 529 1725 est
565 1703 684 1725 versus
723 1705 765 1725 ex
805 1696 962 1724 memoria

157 1744 325 1778 adscripti.
375 1745 432 1772 Est
464 1743 551 1771 enim
583 1744 604 1770 1.
647 1739 701 1777 10,
737 1739 814 1769 223.
863 1742 962 1769 Volc-

159 1793 235 1819 hant
259 1789 357 1818 etiam
382 1790 516 1820 habere,
548 1796 610 1821 quo
637 1787 791 1816 referrent
818 1783 963 1815 totidem

160 1844 192 1864 v.
215 1833 292 1871 122,
319 1835 404 1870 quod
429 1834 512 1862 satis
538 1833 721 1868 explicatur
743 1841 814 1867 per:
843 1833 874 1860 et
898 1839 963 1860 sna

159 1887 318 1920 quaeque
350 1887 486 1919 puppes
524 1875 666 1907 vincula
706 1880 884 1916 rumpunt.
923 1892 961 1896 —

159 1923 313 1955 reddunt
340 1933 392 1961 sc,
417 1928 593 1960 emergunt.

209 1968 285 1999 122.
310 1971 408 1999 Multi
434 1973 519 1999 hanc
542 1970 761 1998 narrationem
785 1969 963 1996 absurdam

159 2026 234 2047 esse
269 2021 482 2049 censuerunt;
521 2015 804 2050 „quandoquidem
840 2013 964 2042 minore

159 2067 219 2093 hoc
260 2062 406 2091 doctrina
447 2062 583 2097 indiget,
626 2068 724 2095 quam
762 2059 964 2095 argumentis

159 2109 286 2138 idoneis
318 2115 391 2137 eam
422 2106 623 2136 defendere.·'·
657 2103 723 2134 Hn.
774 2107 843 2133 lam
877 2105 961 2139 apud

161 2155 313 2184 Servium
345 2154 502 2190 tegimus:
552 2153 642 2187 „Hoc
673 2151 857 2188 figmentum
890 2150 965 2179 licet.

162 2201 322 2235 poeticum
348 2200 406 2233 sit,
443 2202 552 2228 tamen
583 2198 662 2232 quia
687 2199 835 2232 exemplo
865 2200 963 2230 caret,

161 2250 289 2274 notatur
312 2253 333 2274 a
359 2245 502 2275 Criticis.
551 2244 642 2272 Unde
670 2244 765 2279 longo
802 2241 963 2277 prooemio

161 2295 347 2320 excusatur.
405 2292 485 2319 Nam
522 2290 592 2318 ideo
629 2293 657 2317 et
696 2289 805 2323 prisca
839 2288 965 2316 ratione

160 2337 332 2374 religionis
355 2340 386 2365 et
406 2336 498 2365 lovis
522 2335 674 2364 beneficio
697 2334 773 2363 dicit
795 2341 868 2362 esse
891 2341 965 2367 per-

161 2383 290 2418 fectum,
314 2387 349 2411 ut
371 2388 476 2411 naves
502 2384 702 2410 mutarentur
728 2380 761 2408 in
783 2381 964 2415 Nymphas,

161 2437 224 2463 quo
250 2429 304 2456 vel
330 2428 444 2462 aliqua
467 2435 509 2455 ex
535 2430 625 2461 parte
651 2426 756 2460 possit
779 2432 853 2454 esse
876 2424 964 2453 veri-

161 2471 304 2503 simile.“
353 2473 536 2502 Arboribus
554 2474 723 2507 Nymphas
744 2472 854 2499 inesse
879 2478 962 2499 com-

163 2519 273 2548 munis
299 2522 369 2547 erat
400 2518 526 2554 opinio,
565 2522 593 2546 et
622 2524 722 2551 saepe
750 2516 897 2545 homines
931 2516 964 2543 in

161 2567 294 2594 arbores
336 2563 452 2593 mutati
484 2566 575 2598 sunt3
627 2567 734 2591 tamen
765 2563 863 2591 talem
893 2569 965 2590 mu-

160 2612 332 2647 tationem,
373 2609 484 2644 qualis
517 2609 570 2638 hic
600 2612 667 2645 est,
711 2607 784 2636 sine
813 2608 964 2641 exemplo

161 2665 236 2686 esse
254 2655 471 2690 concedimuS,
494 2658 525 2682 et
540 2654 614 2689 Vgl.
634 2654 806 2686 concessit,
827 2656 862 2681 ut
880 2656 965 2681 recte

162 2701 355 2732 observavit
372 2700 521 2737 Servius,
547 2699 711 2728 adstruxit
728 2699 815 2727 enim
833 2698 965 2732 aliquod

162 2750 296 2778 deorum
324 2746 522 2781 colloquium
552 2748 583 2774 et
609 2745 692 2779 quod
722 2744 790 2773 fieri
821 2744 967 2779 potuisse

162 2795 224 2824 vix
252 2793 408 2823 credibile
441 2795 507 2829 est,
548 2790 640 2820 Iovis
675 2793 800 2819 tantum
825 2790 968 2824 potentia

163 2839 311 2870 effectum
336 2838 460 2868 scribit.
509 2837 571 2865 Sed
591 2836 674 2865 satis
689 2835 869 2864 defenditur
881 2835 968 2872 Vgl.,

165 2887 250 2921 quod
267 2888 400 2915 secutus
419 2890 493 2913 eum
507 2885 556 2912 est
569 2882 725 2917 Ovidius,
752 2882 836 2910 unde
854 2882 969 2918 elucet,

164 2931 333 2966 antiquam
361 2930 471 2960 fuisse
502 2929 634 2958 famam.
682 2928 721 2955 Et
742 2927 869 2962 antiqui
897 2926 971 2956 ani-

166 2980 295 3007 marunt
312 2976 413 3006 etiam
431 2975 624 3006 inanimata.
664 2973 718 3003 Sic
730 2972 972 3008 Aristophanes

1010 1241 1154 1269 navibus
1180 1241 1283 1270 vitam
1320 1240 1430 1268 tribuit
1463 1243 1492 1268 et
1519 1232 1735 1276 παρθένους
1759 1246 1817 1267 eas

1009 1288 1154 1321 appellat
1179 1287 1285 1321 Equit.
1314 1284 1398 1314 1299
1427 1294 1474 1320 sq.
1500 1285 1539 1314 cf.
1567 1284 1598 1321 5,
1627 1281 1702 1312 162.
1745 1286 1815 1313 lam

1009 1334 1228 1361 concedamus
1262 1340 1397 1361 necesse
1425 1335 1492 1367 est,
1527 1334 1654 1365 poetam
1686 1338 1739 1358 res
1770 1330 1817 1358 ita

1008 1379 1252 1414 composuisse,
1289 1382 1320 1406 ut
1347 1378 1464 1413 dignae
1494 1376 1560 1405 sint
1586 1376 1730 1405 carmine
1759 1378 1816 1404 116-

1007 1433 1105 1453 roico.

1015 1534 1218 1565 123—157.
1275 1533 1418 1564 Turnus
1450 1531 1586 1563 animos
1620 1531 1713 1564 tollit
1744 1533 1813 1563 Ru-

1009 1579 1165 1612 tulorum
1197 1583 1231 1611 et
1264 1579 1300 1610 in
1326 1582 1508 1620 posterum
1536 1577 1627 1610 dien]
1658 1587 1815 1620 pugnam

1278 1623 1411 1667 sperari
1437 1623 1546 1656 iubet.

1059 1693 1131 1724 123.
1160 1692 1359 1735 obstipuere
1378 1690 1650 1723 animiRntuIis
1665 1690 1812 1733 MPylbl

1009 1741 1048 1770 cf.
1082 1739 1117 1775 2,
1147 1738 1221 1769 120.
1255 1756 1298 1760 —-
1332 1738 1462 1769 animis
1487 1736 1615 1768 Rutuli
1640 1737 1813 1778 Fny2b2c.

1011 1787 1225 1824 „Timuerunt
1252 1786 1377 1819 Rutuli,
1406 1785 1511 1813 timuit
1539 1787 1726 1822 Messapus,
1753 1793 1814 1813 nu-

1010 1833 1110 1861 minis
1143 1832 1261 1860 marini
1294 1831 1398 1863 tillus,
1436 1830 1541 1859 timuit
1565 1830 1702 1859 Tiberis.
1752 1831 1815 1860 Per

1011 1881 1071 1906 hos
1098 1882 1204 1906 autem
1231 1878 1352 1913 gradus
1376 1876 1480 1905 maior
1500 1876 1602 1904 Turni
1624 1876 1815 1912 designatur

1011 1921 1184 1953 audacia.‘²
1210 1925 1241 1951 S.

1060 1966 1135 1997 125.
1162 1976 1272 1997 rauca
1316 1976 1372 2003 pro
1413 1967 1569 1996 adverbio
1610 1971 1659 1995 est
1700 1967 1740 1996 cf.
1781 1965 1813 2003 8,

1011 2012 1088 2042 489.
1132 2029 1169 2034 —
1207 2016 1418 2052 revocatque
1446 2009 1571 2052 pedem
1609 2009 1814 2042 Tiberinus:

1011 2061 1145 2089 retrahit
1170 2061 1285 2088 undas.
1335 2059 1390 2087 Sic
1409 2066 1462 2093 ap.
1482 2059 1576 2087 Lucr.
1599 2057 1630 2095 5,
1659 2056 1724 2086 273
1753 2055 1814 2087 via

1013 2108 1107 2134 secta
1131 2102 1268 2144 liquido
1292 2102 1381 2143 pede
1409 2100 1535 2132 detulit
1560 2101 1676 2132 undas
1706 2108 1736 2133 et
1761 2111 1813 2139 ap.

1012 2152 1070 2179 Sil.
1108 2148 1145 2185 6,
1182 2147 1245 2177 140
1288 2148 1381 2178 {ento
1412 2146 1501 2188 pede
1534 2146 1651 2178 sulcat
1684 2157 1814 2179 arenas

1015 2193 1205 2234 Bagrada.

1062 2239 1135 2270 127.
1163 2238 1277 2268 ultro.-
1311 2239 1372 2267 Ubi
1394 2239 1477 2268 satis
1500 2242 1549 2267 est
1571 2239 1729 2268 audaciae
1750 2247 1813 2268 non

1010 2287 1120 2323 frangi
1146 2286 1274 2321 animo,
1307 2286 1437 2314 'l'urnus
1464 2286 1517 2312 vel
1541 2292 1617 2319 spes
1640 2292 1747 2313 novas
1771 2293 1814 2314 ex

1011 2342 1044 2362 re
1065 2334 1207 2362 adversa
1224 2332 1332 2359 sumit.
1375 2331 1452 2359 Inde
1471 2330 1521 2358 bis
1540 2326 1634 2358 ultro
1653 2329 1692 2359 cf.
1714 2327 1764 2365 12,
1783 2328 1811 2358 3.

1062 2377 1134 2407 128.
1168 2375 1203 2406 Ψ.
1231 2374 1262 2405 11.
1294 2385 1338 2405 m.
1363 2377 1508 2415 petunt:
1548 2376 1623 2404 Vox
1653 2376 1813 2412 gladiato-

1010 2433 1100 2458 rnm·,
1142 2427 1189 2452 est
1226 2426 1332 2457 petere
1369 2422 1482 2450 hostili
1521 2421 1640 2449 animo.
1702 2423 1814 2455 Itaque

1012 2475 1126 2500 contra
1151 2469 1310 2497 Troianos
1336 2470 1416 2496 haec
1440 2470 1585 2496 monstra
1610 2470 1695 2494 sunt.

1064 2514 1135 2544 129.
1162 2511 1336 2543 auxilinm
1364 2510 1504 2541 solitum
1532 2520 1577 2541 sc.
1609 2511 1726 2548 fugae3
1761 2511 1814 2541 fu-

1011 2570 1086 2598 gere
1111 2561 1153 2589 iis
1178 2562 1259 2589 solet
1284 2567 1360 2587 esse
1385 2558 1559 2588 auxilium.
1589 2573 1627 2577 —
1647 2565 1718 2586 non
1741 2554 1814 2587 tela

1016 2603 1150 2635 Rutula
1176 2612 1288 2644 neque
1312 2602 1416 2643 ignes
1442 2600 1481 2631 R.
1505 2603 1544 2632 cf.
1570 2599 1607 2640 4,
1631 2600 1708 2631 588.

1062 2649 1135 2679 130.
1165 2651 1368 2688 exspectant
1392 2658 1438 2677 sc.
1465 2656 1589 2684 naves,
1616 2656 1813 2683 quamquam

1011 2706 1076 2726 non
1100 2697 1196 2727 certis
1227 2695 1333 2731 signis
1366 2695 1569 2728 indicantur,
1600 2702 1704 2729 neque
1728 2694 1813 2723 enim

1014 2744 1105 2772 aliud
1128 2742 1308 2771 subiectum
1333 2748 1406 2768 esse
1428 2744 1531 2774 potest
1567 2738 1625 2774 [cf.
1652 2738 1688 2776 3,
1715 2737 1812 2775 484).

1015 2791 1085 2818 Non
1110 2790 1318 2822 exspectant,
1353 2787 1428 2814 dum
1457 2792 1479 2813 a
1509 2785 1604 2814 nobis
1635 2787 1813 2822 deleantur,

1014 2835 1071 2863 sed
1099 2833 1192 2869 ipsae
1217 2831 1374 2861 Troianos
1399 2832 1560 2859 deserunt.
1609 2832 1814 2869 exspectant

1015 2876 1242 2918 n12FPRyb2c
1259 2877 1465 2917 exspectans
1478 2874 1531 2905 Ml
1552 2884 1615 2906 rec.
1640 2873 1727 2917 Wg.
1750 2873 1814 2905 Rb.

1016 2926 1196 2964 exspectat
1221 2923 1303 2953 coni.
1335 2918 1385 2951 ΡΙ.

1064 2969 1140 3000 131.
1165 2977 1281 3000 rerum
1306 2975 1394 3009 pars
1417 2963 1533 2997 altera
1558 2974 1603 2997 sc.
1628 2973 1734 3003 mare3
1764 2967 1814 2995 al-
