2023 3350
260 156 343 197 688

256 271 430 313 rtauigare
454 275 582 307 aequor
608 265 637 303 1,
665 264 718 296 67.

266 329 378 359 vai-os
402 327 464 354 ins.
492 322 523 361 3,
555 320 629 354 125.

255 397 297 417 ne
317 381 519 417 interrogatio
544 380 683 409 relativo
710 387 874 409 annexum
893 378 943 418 10,
964 378 1040 411 673.

300 446 342 451 -.
362 436 404 457 nc
425 442 468 446 —-
490 433 533 454 ne
560 424 595 460 1,
621 423 697 455 308.
736 441 780 445 —
824 433 867 455 ne
896 434 960 455 non
983 434 1041 455 suo

299 479 367 504 loco
392 473 530 508 positum
557 467 615 509 12,
642 467 718 500 904.
746 486 790 490 —
814 471 859 500 m}
883 480 911 501 c.
941 472 1041 507 impe-

299 521 403 550 rativo
424 516 455 550 6.
480 514 559 546 544-
586 532 629 536 ——
654 525 696 545 ne
718 532 762 536 —-
786 524 853 545 neu
876 532 920 536 -——
944 525 1043 546 ve—

302 568 364 595 aut
391 562 417 599 1,
443 561 519 591 413.

253 631 313 653 nec
334 633 380 644 :e
404 628 486 649 neve
520 615 573 653 12,
614 616 691 647 801.
741 634 784 638 —-
829 625 889 646 nec
916 633 959 637 —
982 625 1043 646 uec

299 675 396 697 unam
419 665 610 694 sententiam
642 672 697 698 per
726 668 833 698 partes
857 663 987 692 variant
1012 661 1042 699 3,

297 710 374 743 585.
419 726 462 731 —
503 717 651 738 necnon
675 707 754 745 et5,
782 707 854 738 100.
901 725 944 729 -
985 717 1044 738 nec

298 774 341 779 —
366 762 420 787 aut
445 754 476 792 3,
500 752 554 783 43.

252 814 356 854 nefas
380 815 417 842 de
440 812 567 841 homine
588 809 637 847 11,
664 808 740 840 407.

255 857 411 901 Negatio
442 858 594 893 repetitur
619 865 673 891 per
706 860 813 891 partes
845 854 881 893 4,
907 853 960 885 33.
997 872 1041 875 -

297 905 424 935 extollit
447 912 513 933 rem
537 901 567 939 7,
597 899 673 931 261.
699 902 815 931 litotes.

254 949 439 982 Nemorum
465 952 596 978 arbores
627 949 758 977 caedere
799 947 891 976 nefas
923 951 972 976 est
1009 945 1041 984 3,

299 995 377 1025 681.

255 1038 501 1082 Neoptolemus
525 1036 556 1075 2,
581 1036 657 1068 261.
686 1036 717 1073 3,
740 1034 815 1068 332.

253 1086 437 1127 Neptunus
480 1085 618 1113 infestus
657 1085 773 1113 Troiae
803 1081 840 1119 3,
872 1081 951 1113 248.

296 1134 391 1168 eripit
419 1131 542 1160 Achilli
572 1131 716 1159 Aeneam
740 1126 775 1164 5,
800 1127 877 1158 808.
921 1144 966 1149 -—
1012 1127 1043 1158 ei

297 1184 410 1208 taurus
434 1177 630 1206 sacrificatur
652 1174 684 1212 3,
708 1173 783 1205 118.

250 1233 360 1265 neque
386 1232 418 1253 v.
444 1230 517 1250 nec.

260 1266 420 1299 Nereides
443 1269 527 1297 unde
552 1267 685 1295 nomina
706 1266 869 1301 accipiant
898 1264 926 1302 1,

257 1314 395 1345 Neritos
416 1323 456 1343 m.
482 1310 513 1351 3,
539 1310 615 1342 271.

254 1359 388 1392 Nersae
411 1368 481 1395 opp.
509 1357 545 1395 7,
574 1356 649 1387 744.

250 1405 388 1436 nescius
414 1415 439 1435 c.
463 1405 549 1433 infin.
580 1401 632 1442 12,
656 1400 733 1432 527.

256 1450 422 1482 Neutrum
464 1459 495 1479 v.
550 1446 762 1485 Pronomen,

302 1493 544 1535 participium.

249 1541 304 1577 ni,
337 1538 407 1570 nisi
437 1549 463 1570 c.
490 1540 571 1569 coui.
595 1543 667 1574 post
689 1538 890 1567 enuntiatum
915 1537 1040 1566 indica-

295 1588 358 1617 tivi
384 1585 421 1623 6,
448 1584 523 1615 358.
551 1600 591 1605 —
617 1594 642 1614 c.
675 1584 757 1613 coni.
793 1591 898 1618 praeS.
925 1580 958 1618 1,
987 1579 1040 1611 59.

296 1649 338 1654 —
363 1642 390 1662 c.
415 1632 498 1661 coni.
522 1634 593 1665 post
615 1632 717 1659 verba
741 1629 886 1659 minandi
910 1626 941 1664 9,
965 1625 1041 1657 804.

297 1675 436 1707 —'m'si
459 1682 487 1706 et
512 1673 549 1704 ui
573 1676 669 1705 fallor
691 1671 724 1709 5,
755 1672 808 1703 49.

253 1721 476 1755 Nicostratus
515 1722 556 1750 fil.
588 1721 729 1750 Menelai
763 1724 791 1748 et

294 1767 371 1798 579.

248 1812 325 1844 nidi
351 1811 512 1853 loquaces
547 1808 596 1846 12,
628 1808 706 1839 475.

248 1859 369 1901 niger:
396 1858 509 1894 nigrae
532 1857 669 1891 pecudes
693 1855 810 1891 quibus
836 1855 1040 1884 immolentur

295 1904 326 1943 3,
355 1902 429 1933 118.

254 1948 356 1981 Nilus
377 1948 648 1985 septemgeminus
673 1945 703 1983 6,
731 1944 809 1976 801.

247 1995 382 2026 nimbus
408 1996 537 2023 deorum
566 1991 617 2029 12,
646 1990 721 2022 416.

252 2040 358 2071 Nisus
383 2041 507 2070 amicus
533 2040 668 2075 Euryali
694 2038 734 2068 cf.
767 2034 958 2076 Euryalus.

246 2086 361 2117 nitens
384 2089 441 2115 bos
467 2084 496 2121 3,
523 2083 575 2114 20.
606 2099 643 2104 —
670 2091 774 2119 equus
800 2082 830 2118 6,
857 2080 934 2112 654.

245 2131 313 2163 niti
337 2131 374 2170 2,
398 2129 475 2161 380.
502 2147 546 2150 —
571 2134 652 2165 part.
687 2127 790 2159 nixus
822 2132 851 2157 et
885 2125 984 2156 nisus
1010 2125 1039 2163 1,

297 2177 368 2208 144.
416 2192 461 2198 —-
508 2174 612 2205 nisus
647 2179 674 2205 et
710 2183 818 2204 nexus
847 2174 984 2204 confusa
1008 2171 1039 2207 4,

292 2222 369 2253 217.

244 2267 366 2299 nixari
390 2273 418 2298 et
443 2275 572 2297 nexare
594 2266 732 2296 confusa
755 2265 786 2302 5,
814 2263 889 2294 279.

245 2317 436 2345 nocturnus
459 2322 514 2349 pro
539 2313 693 2342 adverbio
719 2310 750 2347 4,
777 2309 856 2341 303.

244 2359 369 2399 nodus,
391 2360 589 2389 obstaculum
614 2357 665 2393 10,
691 2355 767 2387 428.

244 2415 368 2436 nomen
391 2414 501 2442 gerere
525 2402 561 2441 2,
598 2402 652 2434 89.
680 2419 718 2424 —
745 2404 778 2431 in
800 2411 831 2432 n.
851 2404 1035 2433 adsciscere

291 2457 348 2481 etc.
375 2450 405 2486 6,
435 2448 510 2480 758.
538 2466 581 2470 -
607 2459 638 2478 n.
670 2452 788 2478 habere
817 2449 960 2478 alicuius
989 2449 1034 2478 rei

293 2496 345 2535 10,
372 2495 448 2526 221.
492 2511 528 2516 —
573 2504 602 2525 n.
625 2496 715 2524 aliud
744 2495 979 2524 circumscribit
1003 2492 1035 2530 4,

293 2541 355 2572 132
377 2541 486 2572 odora
511 2550 636 2570 canum
662 2540 724 2570 vis.
750 2556 794 2560 »-
819 2549 849 2569 n.
875 2550 901 2570 c.
918 2541 954 2569 vi
979 2548 1035 2575 pro

290 2589 475 2624 pronomine
505 2587 668 2622 personali
689 2584 725 2624 4,
752 2584 804 2615 31.
831 2601 869 2606 ——
903 2594 934 2614 n.
961 2594 1035 2621 pro-

290 2635 394 2669 prium
420 2642 474 2669 pro
499 2634 659 2663 adiectivo
685 2630 715 2669 5,
741 2629 795 2660 37.
825 2647 862 2651 —
904 2640 934 2661 n.
962 2640 1035 2666 pro-

292 2681 395 2714 prium
430 2683 539 2709 contra
576 2681 664 2715 leges
700 2678 868 2706 formatum
894 2675 930 2712 9,
959 2675 1034 2706 716.

289 2741 334 2746 --·
355 2735 386 2755 n.
412 2725 592 2760 appositum
621 2723 744 2752 nomini
773 2723 899 2758 proprio
925 2720 955 2759 3,
983 2720 1034 2752 18.

293 2787 330 2791 -
355 2780 384 2801 n.
414 2772 474 2800 duo
499 2771 641 2799 eiusdem
658 2771 780 2798 duobus
805 2770 837 2797 in
855 2769 1032 2798 enuntiatis

290 2817 407 2846 iunctis
432 2817 562 2846 variata
585 2814 617 2851 4,
641 2812 692 2845 91.

250 2859 456 2891 Nomentum
482 2860 512 2898 6,
540 2859 614 2891 773.

249 2903 493 2936 Nominatiuus
515 2907 651 2937 subiecti
675 2907 875 2941 supplendus
899 2904 931 2941 3,
956 2903 1031 2935 484.

294 2967 330 2971 —
359 2960 414 2986 per
457 2958 564 2986 partes
603 2953 775 2988 exponitur
802 2949 852 2986 11,
885 2948 960 2981 887.
989 2966 1033 2971 --

292 3004 321 3023 n.
355 2999 430 3025 nudi
455 2995 491 3034 2,
529 2997 602 3027 170.
651 3014 695 3018 —
743 3005 798 3032 pro
824 2998 975 3027 vocativo
1001 2995 1032 3035 2,

292 3038 365 3069 283.
395 3058 430 3062 -
462 3045 610 3073 vocativo
637 3044 764 3073 iunctus
792 3040 842 3078 12,
869 3040 945 3072 947.

970 1263 1042 1295 144.

810 1443 1044 1484 Adice-tivum,

832 1720 974 1748 Helenae
1008 1715 1039 1753 2,

994 150 1148 183 INDEX.

1086 274 1155 296 non
1180 281 1224 287 —
1241 275 1327 306 non,
1355 276 1458 305 neque
1482 283 1526 287 ——
1548 276 1652 303 neque
1676 265 1707 305 2,
1735 266 1807 308 198.
1832 283 1877 289 -

1132 319 1213 348 non,
1237 321 1340 343 nonne
1363 324 1389 344 c.
1415 315 1471 344 fut.
1498 311 1529 350 2,
1560 312 1634 343 596.
1663 329 1708 334 -
1730 322 1816 352 non,
1837 321 1878 343 ne

1138 354 1188 392 12,
1215 355 1268 387 78.
1305 372 1346 380 —
1385 369 1453 389 non
1475 374 1519 379 —-
1543 368 1613 389 non
1636 363 1709 394 post
1731 359 1877 396 negatio-

1132 410 1205 431 nem
1233 404 1384 437 repetitur
1406 403 1438 442 4,
1463 403 1516 436 33.

1088 456 1162 483 nos,
1191 456 1246 482 pro
1273 456 1330 483 ego
1355 451 1494 480 modeste
1517 451 1636 480 dictum
1660 447 1691 487 2,
1719 447 1773 480 89.

1089 501 1202 529 nosse,
1229 495 1346 522 habere
1372 492 1402 529 6,
1429 493 1505 527 641.

1089 540 1206 574 notae,
1226 539 1352 567 litterae
1379 536 1409 574 3,
1439 537 1515 571 444.

1089 586 1203 621 notus,
1225 588 1398 613 consuetus
1423 581 1454 619 2,
1477 583 1551 615 256.

1089 637 1217 658 novare
1245 630 1345 667 fidem,
1372 634 1494 659 mutare
1517 628 1550 667 5,
1577 629 1652 661 604.

1095 672 1323 703 Noocmdiule
1345 683 1474 704 sacrum
1498 672 1530 711 5,
1555 674 1610 706 64.
1635 673 1714 706 762.

1088 717 1277 749 nouissima
1304 719 1406 749 verba
1432 719 1462 758 6,
1490 718 1565 750 231.

1088 774 1198 794 novus
1226 763 1256 801 1,
1284 764 1359 795 306.
1384 781 1427 786 —
1451 767 1553 795 mirus
1582 764 1619 802 3,
1649 763 1724 796 181.
1749 781 1794 787 -
1817 772 1878 797 no-

1135 819 1198 839 vus
1225 808 1285 847 sol,
1308 819 1430 840 vernus
1457 810 1487 847 7,
1513 809 1588 842 720.

1087 865 1156 885 nos
1185 857 1278 886 varie
1304 857 1496 886 describitur
1519 855 1556 893 4,
1596 852 1674 886 522.
1699 870 1738 876 -
1762 856 1879 886 intem-

1072 928 1076 932 .
1134 906 1224 937 pesta
1254 900 1292 937 3,
1324 899 1400 932 587.
1431 918 1473 923 —-
1500 906 1590 932 nocte
1618 902 1725 932 media
1753 906 1881 937 spectra

1135 953 1290 983 apparent
1314 946 1345 983 5,
1373 945 1447 977 721.
1477 964 1514 968 -
1541 950 1578 977 N.
1604 953 1706 977 mater
1729 948 1880 976 Eumeni-

1135 995 1209 1023 dum
1235 991 1265 1029 6,
1291 989 1368 1023 250.
1394 1009 1437 1013 -
1461 996 1577 1022 noctes
1602 991 1728 1022 tardae
1754 991 1782 1030 1,
1803 989 1879 1022 746.

1089 1036 1216 1068 nubere
1241 1040 1299 1076 bis,
1325 1043 1373 1067 est
1402 1040 1587 1069 indecorum
1607 1037 1639 1077 4,
1667 1037 1719 1068 19.

1088 1082 1226 1113 nudare
1254 1082 1281 1120 1,
1309 1082 1384 1114 356.

1095 1127 1209 1159 Numa
1242 1127 1435 1169 Pompilius
1461 1127 1492 1166 6,
1516 1127 1594 1159 809.

1096 1172 1278 1204 Numanus
1306 1173 1474 1204 Remulus
1497 1174 1528 1211 9,
1553 1172 1631 1205 592.

1089 1219 1234 1250 nunn'na
1255 1229 1374 1257 magna
1402 1220 1433 1258 8,
1459 1218 1536 1251 679.
1559 1237 1605 1241 —
1635 1221 1692 1250 uni
1707 1222 1765 1250 deo
1786 1222 1881 1256 plura

1135 1271 1207 1295 sunt
1234 1267 1366 1296 numina
1396 1265 1421 1305 1,
1449 1264 1480 1296 8.
1506 1283 1551 1287 -—
1577 1269 1636 1296 sub
1663 1276 1695 1297 n.
1719 1267 1772 1296 dei
1805 1273 1881 1296 esse

1136 1310 1166 1349 9,
1193 1309 1266 1341 247.
1292 1329 1336 1332 —
1361 1322 1394 1341 u.
1417 1309 1542 1341 lmbere
1568 1310 1618 1349 10,
1645 1309 1721 1342 221.

1087 1366 1266 1386 ‘numerum
1293 1355 1423 1386 addere
1444 1356 1474 1395 7,
1501 1356 1577 1388 211.

1094 1400 1276 1432 Numicius
1300 1403 1327 1433 fl.
1356 1402 1386 1440 7,
1415 1401 1489 1433 150.

1093 1446 1269 1478 Numidae
1299 1450 1438 1484 poplites
1474 1450 1606 1479 caedere
1648 1451 1793 1479 solebant
1827 1446 1879 1482 10,

1134 1492 1209 1524 700.
1233 1510 1277 1514 —-
1298 1495 1416 1523 infreni
1443 1492 1474 1533 4,
1501 1493 1554 1524 41.

1093 1535 1267 1575 Numitor,
1296 1538 1326 1575 6,
1359 1538 1434 1570 768.

1090 1593 1268 1625 nunquam
1293 1582 1395 1614 hodic
1419 1582 1450 1623 2,
1479 1583 1556 1615 670.

1089 1639 1200 1665 nunc,
1243 1639 1327 1660 nunc
1361 1633 1486 1660 demum
1507 1628 1538 1666 4,
1563 1627 1641 1660 376.
1690 1646 1734 1650 —-
1782 1637 1880 1665 qutun

1134 1678 1212 1705 haec
1238 1677 1282 1705 ita
1307 1677 1373 1705 sint
1401 1675 1453 1713 10,
1478 1673 1554 1705 630.
1579 1688 1627 1695 —
1646 1684 1673 1705 c.
1701 1675 1781 1710 perf.
1805 1676 1880 1704 iun-

1131 1726 1214 1750 ctum
1239 1719 1270 1756 4,
1296 1719 1371 1750 345.
1398 1737 1443 1742 —-
1465 1731 1491 1751 c.
1517 1722 1623 1750 futuro
1646 1719 1678 1757 4,
1704 1718 1782 1750 653.

1085 1764 1241 1802 nuntius,
1267 1767 1393 1795 iussum
1417 1765 1449 1804 4,
1477 1763 1554 1796 237.

1085 1812 1274 1847 Nuptiarum
1298 1812 1408 1842 omina
1433 1810 1461 1847 1,
1488 1809 1564 1842 345.

1091 1854 1220 1886 Nursia
1245 1865 1315 1893 opp.
1343 1856 1373 1894 7,
1401 1855 1477 1887 716.

1086 1905 1213 1932 nutare
1238 1900 1269 1939 2,
1292 1900 1369 1932 629.

1092 1946 1273 1978 Nutricum
1299 1951 1400 1978 honos
1425 1946 1455 1984 7,
1483 1947 1510 1977 1.

1090 1990 1188 2034 Nysa
1213 2003 1285 2030 opp.
1313 1995 1424 2023 Indiae
1451 1992 1482 2033 6,
1508 1992 1584 2024 806.

1453 2069 1511 2104 0.

1091 2128 1119 2159 0
1144 2131 1217 2166 quis
1242 2130 1263 2159 i.
1289 2139 1316 2159 e.
1342 2130 1464 2159 utinam
1489 2130 1563 2165 quis
1590 2127 1642 2167 12,
1668 2127 1746 2160 883.

1087 2174 1188 2205 obes.-
1212 2184 1317 2211 genus
1345 2174 1395 2211 10,
1422 2173 1498 2205 377.

1091 2218 1266 2251 obiectum
1291 2222 1445 2251 omissum
1471 2219 1502 2257 2,
1527 2218 1606 2251 492.

1084 2265 1231 2296 obiicere
1254 2272 1349 2303 caput
1373 2275 1468 2296 suum
1494 2265 1525 2302 8,
1555 2264 1630 2296 145.

1084 2310 1187 2346 obire,
1212 2314 1382 2343 circumire
1411 2311 1448 2351 6,
1470 2309 1525 2343 58.
1573 2327 1617 2333 -
1663 2321 1754 2342 mors
1783 2309 1879 2344 obita

1134 2356 1184 2395 10,
1210 2357 1286 2389 641.

1083 2402 1224 2443 obliqua
1247 2401 1381 2433 inuidia
1410 2402 1462 2441 11,
1487 2401 1562 2432 337.

1083 2447 1263 2489 obliquare
1288 2452 1365 2479 vela
1390 2447 1422 2485 5,
1457 2447 1506 2479 16.

1083 2493 1255 2533 obliuisci,
1280 2496 1440 2533 negligere
1469 2493 1520 2533 11,
1554 2493 1631 2525 866.
1656 2510 1701 2514 —-
1724 2494 1876 2524 oblivisci

1128 2541 1181 2570 sui
1207 2539 1237 2577 3,
1267 2539 1342 2570 629.

1082 2584 1210 2615 oblivia
1235 2585 1265 2623 6,
1292 2584 1367 2616 715.

1082 2630 1221 2671 obloqui
1248 2632 1278 2668 6,
1305 2630 1382 2661 646.

1082 2675 1222 2707 obortus
1246 2677 1277 2714 4,
1305 2676 1358 2706 30.

1081 2721 1243 2752 obmenus
1272 2721 1324 2759 12,
1355 2720 1432 2752 876.

1081 2766 1254 2806 obcurus,
1284 2769 1338 2804 qui
1363 2773 1412 2797 est
1433 2769 1467 2797 in
1491 2770 1606 2797 umbra
1631 2765 1662 2799 6.
1688 2765 1764 2797 268.

1085 2812 1347 2844 obsecrationes
1372 2823 1428 2849 per
1453 2814 1588 2843 alterius
1610 2813 1710 2843 filium
1736 2811 1767 2851 6,
1794 2810 1871 2842 364.

1085 2857 1227 2889 Obsides
1250 2869 1313 2889 non
1337 2860 1479 2896 ligantur
1503 2858 1534 2896 8,
1563 2857 1639 2888 651.

1079 2904 1209 2935 obsitus
1232 2903 1263 2941 8,
1289 2904 1365 2935 307.

1078 2948 1268 2980 obtundere
1296 2949 1323 2987 1,
1352 2947 1429 2980 567.

1078 2994 1291 3033 obrmbrare,
1318 2997 1400 3026 tueri
1429 2994 1480 3031 11,
1506 2993 1584 3024 223.

1077 3039 1252 3072 obvertere
1278 3040 1308 3078 6,
1336 3040 1366 3071 3.
