2023 3350
727 111 959 145 AENEtDos
986 112 1071 145 Lm.
1102 98 1147 144 11.

1698 110 1751 149 73

117 227 274 269 Noster
314 226 418 278 eris3
463 225 652 279 mihique
688 225 794 267 haec
830 225 1015 268 edissere
1049 239 1151 267 vera
1189 224 1371 279 roganti,

119 285 210 336 Quo
251 284 406 327 molem
440 283 552 325 hano
590 283 786 325 immanis
818 284 915 337 equi
946 283 1162 326 statuere?
1209 284 1303 336 quis
1336 281 1514 324 auctor?

1673 282 1752 322 150

119 341 282 393 Quidve
313 342 492 396 petunt?
537 355 647 395 quae
685 341 862 395 religio?
906 345 982 384 aut
1019 355 1129 395 quae
1169 341 1366 382 maehina
1394 339 1524 382 belli?

116 400 309 442 Dixerat.

368 399 464 451 Ille,
506 398 614 441 dolis
648 399 885 441 instructus
916 403 958 441 et
998 403 1091 441 arte
1127 399 1318 453 Pelasga,

119 457 302 499 Sustulit
339 461 489 499 exutas
522 457 671 499 vinclis
709 457 764 498 ad
803 457 946 498 sidera
980 457 1164 510 palmas:

118 515 226 567 Vos,
270 515 434 557 aeterni
469 515 612 569 ignes,
656 518 698 556 et
735 529 821 556 non
857 515 1057 556 violabile
1090 518 1278 556 vestrum

117 573 268 615 Testor
304 587 476 624 numen,
518 573 600 625 ait3
644 587 738 623 vos,
783 587 884 615 arae
920 586 1123 626 ensesque
1159 570 1344 622 nefandi,

118 630 234 681 Quos
264 629 374 684 fugi,
417 630 637 684 vittaeque
673 631 816 682 deum,
861 646 967 685 quas
1004 631 1148 672 hostia
1185 629 1316 683 gessi,

117 688 201 730 Fas
236 688 342 729 mihi
378 688 605 730 Graiorum
644 693 815 730 saerata
851 689 1063 730 resolvere
1103 688 1210 738 iura,

117 746 201 788 Fas
240 745 381 788 odisse
419 746 554 798 viros,
598 750 727 801 atque
765 747 907 788 omnia
937 746 1049 788 ferre
1084 745 1161 787 sub
1192 758 1331 794 auras,

118 803 164 846 Si
202 817 289 858 qua
323 807 494 858 tegunt,
539 807 689 846 teneor
726 805 895 859 patriae
931 818 1008 845 1160
1046 803 1213 857 legibus
1255 802 1366 843 ullis.

117 861 181 903 Tu
220 861 347 904 modo
379 863 603 915 promissis
642 876 816 904 maneas
853 866 1106 915 servataque
1146 874 1285 902 serves

1677 857 1755 896 160

117 919 245 961 Troia
280 918 428 971 fidem,
473 921 509 961 si
545 934 645 962 vera
680 920 833 971 feram,
873 920 908 961 si
945 933 1102 973 magna
1138 917 1383 972 rependam.

234 976 381 1019 Omnis
420 992 516 1031 spes
551 979 748 1020 Danaum
783 981 826 1019 et
860 977 999 1031 coepti
1036 976 1192 1017 fiducia
1227 975 1330 1016 belli

117 1034 307 1077 Palladis
347 1036 516 1077 auxiliis
557 1049 726 1090 semper
764 1035 894 1076 stetit.

953 1034 1114 1087 Impius
1149 1047 1200 1074 ex
1232 1046 1316 1086 quo

117 1091 301 1147 Tydides
335 1093 410 1135 sed
443 1093 551 1135 enim
589 1093 884 1146 scelerumque
916 1092 1110 1133 inventor
1144 1090 1302 1141 Ulixes,

165 1254 239 1285 150.
270 1254 345 1295 Quo
366 1261 413 1286 est
439 1266 599 1293 quorsum.
630 1266 723 1292 quem
750 1258 782 1286 111
807 1258 908 1286 finem.

117 1302 182 1332 cic.
211 1304 292 1331 Sest.
330 1301 379 1332 13.
430 1305 503 1333 Hor.
541 1305 597 1339 Ep.
630 1303 658 1340 1,
690 1303 721 1336 5,
750 1302 790 1331 10
837 1301 910 1342 Quo

117 1344 203 1378 mihi
226 1347 430 1386 fortunam,
469 1348 498 1378 si
527 1358 595 1378 non
624 1347 824 1379 conceditur
846 1347 908 1379 uti.

117 1394 160 1423 A.
185 1391 215 1428 4,
240 1392 293 1423 98.
331 1394 381 1431 11,
403 1393 478 1424 735.
514 1393 565 1431 12.
584 1393 660 1424 879.

163 1437 238 1468 152.
270 1438 368 1469 Dolis
400 1438 590 1470 inctructus
624 1447 671 1470 est
721 1449 786 1470 aus
831 1438 912 1482 Lug

117 1482 190 1514 1111ιῖ
232 1483 332 1527 'frug
369 1489 715 1527 zusammengesetzt.

167 1529 238 1560 153.
262 1530 404 1572 palmas
429 1534 468 1563 cf.
496 1533 526 1570 5,
552 1532 627 1562 2:33.

164 1586 239 1618 154.
269 1588 407 1620 Aeterni
443 1587 545 1630 ignes
580 1596 654 1619 sunt
686 1588 803 1620 sidera
838 1589 912 1620 153.

117 1635 138 1664 i.
173 1644 199 1664 e.
233 1637 288 1664 Sol
318 1637 357 1666 cf.
386 1635 416 1672 3,
445 1634 519 1665 599.
586 1638 752 1666 Sideribus
796 1647 912 1667 numen

116 1680 226 1710 inesse
250 1684 335 1717 apud
365 1683 514 1717 antiquos
538 1685 673 1719 vulgata
699 1688 766 1712 erat
793 1685 911 1719 opinio.

120 1742 158 1747 —-
194 1725 269 1756 ,Νοη
291 1725 456 1757 violabile
479 1737 619 1766 1111111011,
645 1738 700 1764 per
716 1731 797 1766 quod
822 1738 913 1759 1161110

118 1773 248 1809 impune
273 1774 403 1809 peierat.

164 1827 240 1858 155.
273 1828 381 1860 Enses
417 1828 565 1866 nefandi
597 1837 688 1867 sunt,
732 1834 814 1868 quod
850 1833 913 1861 sihi

117 1875 242 1905 nefarie
268 1881 297 1905 et
327 1879 416 1906 mala
440 1877 553 1906 fraude
577 1878 652 1908 dicit
680 1884 821 1914 paratos.
866 1881 914 1907 De

119 1922 242 1957 plurali
266 1922 304 1951 cf.
331 1920 362 1959 7,
385 1920 438 1951 98.

166 1976 240 2007 156.
274 1977 390 2007 Villae
422 1977 521 2008 deum
563 1981 679 2015 legitur
716 1984 758 2009 M.
792 1983 824 2010 S.
859 1982 914 2016 qui

119 2025 275 2059 explicat:
317 2032 399 2059 quae
425 2028 580 2054 habentur
604 2027 637 2055 in
664 2029 814 2055 honorem
839 2028 913 2055 deo-

119 2078 200 2099 rum.
250 2071 319 2099 Alii
343 2071 460 2105 quibus
487 2069 598 2100 vittae
619 2070 719 2100 deum
750 2081 812 2101 non
845 2075 914 2107 pla-

120 2124 213 2146 cuere
237 2117 355 2149 iuncta,
374 2117 568 2151 scripserunt
587 2115 777 2157 vittaeque,
801 2115 914 2147 deum.

120 2163 181 2191 Sed
207 2163 279 2197 quis
305 2163 385 2192 dixit
410 2159 525 2191 hostia
553 2159 680 2192 deum?

168 2217 242 2248 157.
274 2217 343 2248 Fas
380 2216 465 2247 mihi
505 2224 567 2249 est:
611 2221 719 2248 Habes
758 2220 915 2248 hominem

119 2266 325 2302 religiosum,
361 2266 415 2300 (1111
437 2274 537 2300 quum
561 2267 625 2294 iam
650 2267 732 2295 inter
757 2267 915 2295 Troianos

120 2316 266 2346 receptus
297 2311 339 2340 sit
369 2308 452 2345 119.
495 2313 572 2340 cleos
604 2316 709 2340 tamen
735 2317 833 2341 testes
859 2313 917 2340 ad-

121 2361 227 2391 vocat,
253 2365 289 2386 se
314 2357 379 2386 iam
406 2366 502 2392 posse
529 2367 571 2387 ex
599 2358 668 2387 iure
699 2367 756 2387 5110
779 2360 916 2387 Graeco-

121 2411 192 2432 rum
217 2410 269 2431 res
293 2404 434 2438 prodere.
463 2419 500 2423 —
535 2401 728 2432 Resoemmt
755 2405 836 2437 iura,
862 2404 916 2439 qui

121 2455 162 2478 ea
186 2449 321 2478 violant.
346 2454 456 2478 contra
480 2457 519 2478 ea
544 2454 686 2484 peccant.
728 2451 774 2479 Cf.
805 2448 835 2485 4,
862 2448 914 2478 27.

124 2510 163 2514 ——
206 2496 345 2523 sacrata
378 2492 470 2523 iura.
519 2496 615 2530 Apud
640 2497 806 2525 Romanos
832 2497 917 2525 enim

122 2540 216 2569 miles
242 2541 281 2568 ad
305 2541 426 2569 bellum
455 2541 570 2570 exiens
596 2542 734 2579 iuravit,
769 2551 804 2571 se
835 2543 918 2571 nihil

122 2589 235 2616 contra
259 2586 490 2620 rempublicam
514 2587 683 2616 facturum.

169 2640 245 2671 158.
268 2640 364 2679 ferre
390 2640 449 2671 sub
476 2651 594 2672 auras.
628 2641 688 2672 [ΑΙ.
718 2644 806 2673 affert
822 2646 856 2673 0.
876 2647 917 2673 11.

122 2685 178 2727 11,
206 2685 286 2725 184,
323 2689 378 2717 ubi
402 2693 448 2717 est
476 2697 540 2717 rem
566 2687 687 2729 efferre
713 2687 773 2718 sub
800 2698 918 2718 auras.

170 2743 245 2774 159.
276 2742 430 2785 Legibus
454 2743 562 2774 teneri
583 2746 722 2775 formula
740 2748 920 2782 sollemnis,

122 2795 158 2821 ut
181 2793 241 2821 Ov.
268 2793 310 2820 Μ.
338 2788 393 2827 10,
421 2789 485 2819 213
510 2789 624 2828 fatali
654 2790 732 2832 lege
754 2795 918 2821 tenemur.

124 2838 330 2867 Contrarium
351 2842 399 2866 est
420 2834 557 2877 legibus
580 2835 667 2867 solvi
684 2839 748 2868 Cic.
764 2841 849 2868 Man.
866 2837 919 2868 21.

170 2891 246 2923 160.
276 2891 462 2923 Promissis
508 2902 648 2923 manere
697 2896 827 2934 dicitur,
888 2901 920 2925 111

124 2941 218 2969 stare
240 2937 434 2980 promissis,
460 2940 505 2969 ita
530 2938 561 2974 8,
589 2938 664 2969 643.

173 2994 247 3026 161.
278 2994 318 3025 Si
341 3000 390 3025 est
412 2993 582 3036 siquidem
609 2997 646 3025 ef.
673 2995 703 3028 9.
730 2996 805 3027 406.
843 3001 921 3028 Tro-

126 3043 195 3072 iani
220 3043 444 3079 intelligebant
471 3051 593 3082 quum,
623 3041 716 3083 qnia.

962 1253 1161 1286 162—193.
1231 1252 1315 1284 Sino
1364 1249 1522 1282 Troianis
1572 1249 1614 1281 de
1665 1259 1755 1291 equo

1244 1297 1329 1330 falsa
1357 1296 1472 1328 tradit.

1009 1346 1080 1376 162.
1112 1345 1231 1376 Omnis
1275 1355 1350 1386 spes
1399 1343 1573 1374 Danaum.
1646 1347 1757 1378 „More

959 1403 1017 1423 suo
1057 1402 1075 1422 a
1112 1395 1201 1422 veris
1234 1393 1356 1427 incipit.
1408 1394 1487 1420 Nam
1518 1395 1546 1419 et
1580 1390 1663 1420 favit
1694 1391 1756 1419 Mi-

959 1448 1060 1469 nerva
1086 1440 1234 1469 Graecis.
1269 1444 1299 1468 et
1329 1440 1495 1467 constabat
1527 1443 1651 1472 raptum
1683 1446 1757 1466 esse

959 1486 1166 1515 Palladium*
1191 1488 1222 1514 S.

1008 1531 1081 1560 163.
1112 1529 1244 1571 Impius
1267 1531 1381 1560 dicitur
1402 1530 1582 1563 Diomedes,
1608 1534 1757 1564 ..propter

960 1579 1094 1607 numina
1127 1578 1322 1606 vulnerata'·'·
1360 1579 1495 1605 Martem
1525 1580 1554 1604 et
1585 1576 1754 1605 Venerem.

961 1624 1007 1654 Cf.
1040 1622 1088 1658 11,
1114 1622 1188 1652 275.

1012 1667 1083 1698 164.
1111 1667 1169 1698 sed
1195 1666 1283 1698 enim
1303 1669 1340 1698 cf.
1360 1668 1390 1701 5,
1409 1665 1485 1696 395.
1505 1683 1542 1687 ——
1568 1669 1614 1696 De
1637 1664 1758 1707 Ulysse

961 1716 999 1746 ef.
1025 1715 1060 1750 6,
1084 1714 1160 1744 529.
1195 1731 1232 1735 —
1266 1715 1410 1743 Palladii
1436 1718 1548 1749 raptus
1574 1713 1679 1750 magis
1702 1722 1758 1748 per

960 1762 1114 1796 artifices,
1166 1769 1262 1796 quam
1311 1769 1365 1796 per
1415 1765 1525 1795 poetas
1564 1762 1755 1789 celebratus.

960 1810 1056 1836 Erant
1088 1812 1195 1837 31116111
1232 1809 1269 1835 de
1295 1806 1444 1835 Palladio
1475 1806 1614 1834 Troiano
1642 1806 1757 1834 variae

960 1855 1173 1885 narrationes,
1200 1861 1298 1888 (11111111
1322 1857 1351 1881 61
1377 1854 1416 1881 ab
1441 1853 1555 1880 Aenea
1578 1852 1609 1880 id
1632 1852 1666 1880 in
1690 1854 1757 1880 Ita-

960 1901 1038 1929 liam
1062 1905 1219 1934 portatum
1245 1898 1363 1934 (quue
1385 1906 1496 1927 verum
1517 1899 1636 1927 iudicat
1656 1899 1757 1926 Paus.

962 1943 992 1980 2,
1020 1944 1079 1981 23,
1109 1946 1148 1981 5)
1179 1950 1206 1974 61
1233 1946 1368 1973 Romam
1394 1945 1587 1973 translatum
1611 1952 1684 1973 esse
1708 1944 1757 1972 di-

961 1996 1067 2020 cerent
1092 1992 1248 2028 Romani,
1282 1993 1340 2020 Ov.
1368 1992 1401 2019 F.
1431 1989 1460 2025 6,
1485 1987 1569 2021 424,
1599 1994 1628 2018 61
1656 1991 1758 2018 Α1116-

962 2038 1092 2065 ilienses
1119 2038 1151 2065 in
1179 2044 1239 2066 5113
1269 2045 1304 2065 56
1329 2044 1403 2065 arce
1429 2043 1563 2065 servare
1588 2037 1757 2065 contende-

962 2088 1041 2113 rent.
1069 2084 1165 2112 Paus.
1196 2081 1223 2112 1.
1249 2081 1301 2119 28,
1327 2081 1357 2112 9.
1383 2087 1412 2111 61
1437 2082 1557 2118 Argivi
1580 2090 1616 2111 se
1640 2085 1758 2111 habere

961 2129 1175 2164 gloriarentur
1215 2130 1314 2157 Paus.
1350 2127 1379 2163 2,
1403 2126 1456 2161 23.
1479 2128 1509 2156 5.
1559 2128 1629 2156 Alii
1660 2129 1759 2157 etiam

963 2181 982 2202 a
1007 2174 1157 2202 Diomede
1181 2174 1213 2201 in
1238 2175 1336 2202 Italia
1357 2175 1489 2202 Aeneae
1513 2174 1668 2202 redditum
1692 2179 1758 2203 tra-

963 2220 1069 2247 didere
1095 2218 1246 2254 (Serv).
1281 2220 1339 2247 alii
1365 2227 1385 2247 a
1411 2220 1562 2247 Troianis
1586 2220 1758 2249 abscondi-

963 2269 1028 2293 tum
1061 2269 1089 2293 et
1122 2266 1205 2293 bello
1231 2265 1354 2293 demum
1380 2265 1597 2293 Mithridatico
1625 2272 1646 2293 a
1671 2266 1757 2294 Fim-

962 2311 1033 2339 bria
1072 2311 1240 2339 inventum
1273 2314 1303 2338 61
1338 2311 1474 2338 Romam
1511 2310 1647 2339 missum
1685 2318 1758 2340 esse

962 2360 1187 2385 narraverunt.
1236 2358 1326 2384 Serv.
1355 2360 1382 2384 et
1404 2356 1546 2389 Appian.
1572 2356 1678 2384 Mithr.
1703 2354 1756 2385 58.

966 2418 1003 2422 —
1037 2403 1111 2439 Vgl.
1142 2402 1196 2437 qui
1229 2404 1258 2430 h.
1285 2404 1305 2430 l.
1331 2401 1514 2430 Palladium
1540 2405 1665 2436 raptum
1691 2410 1758 2431 me-

964 2453 1083 2483 morat,
1119 2453 1231 2483 postea
1263 2448 1300 2476 de
1325 2456 1360 2476 eo
1391 2447 1480 2480 silet,
1517 2451 1546 2475 et
1572 2449 1663 2476 modo
1692 2449 1758 2477 Ve-

965 2499 1046 2524 stam
1077 2498 1106 2523 et
1138 2495 1275 2523 Penates
1308 2494 1341 2521 in
1372 2493 1502 2521 Italiam
1534 2495 1653 2522 relatos
1684 2502 1759 2523 esse

964 2546 1084 2570 narrat.
1134 2540 1203 2568 Uno
1234 2544 1356 2568 tantum
1381 2541 1450 2568 1000
1474 2539 1658 2568 11011111131111·
1680 2541 1758 2569 Pal-

965 2587 1051 2616 ladis
1077 2587 1229 2615 sacerdos
1251 2588 1370 2614 Nautes
1397 2585 1426 2618 5,
1451 2582 1527 2613 705.
1576 2586 1663 2615 Fecit
1688 2589 1758 2624 1100,

965 2642 1006 2662 116
1032 2633 1174 2662 maxime
1200 2632 1353 2661 confusas
1385 2631 1465 2659 inter
1490 2639 1526 2659 se
1551 2639 1624 2660 esse
1649 2636 1678 2661 et
1703 2635 1758 2661 ob-

967 2686 1082 2708 scuras
1109 2680 1146 2707 de
1164 2678 1312 2706 Palladio
1343 2677 1470 2705 fabulas
1496 2682 1661 2713 cogeretur
1682 2687 1758 2707 con-

966 2725 1055 2754 fiteri.
1106 2726 1186 2752 Nam
1219 2727 1344 2758 praeter
1376 2730 1431 2759 ea,
1470 2730 1552 2757 quae
1584 2725 1675 2753 modo
1701 2733 1758 2753 110-

967 2775 1034 2800 1313
1057 2775 1148 2802 511111.
1172 2770 1253 2797 illud
1278 2769 1434 2803 imprimis
1460 2769 1593 2805 mirum,
1619 2772 1701 2805 quod
1724 2771 1759 2799 in

967 2817 1087 2845 Vestae
1117 2817 1233 2850 templo
1258 2815 1442 2843 Palladium
1468 2816 1595 2844 servari
1623 2819 1758 2851 putaba-

967 2867 1026 2891 tur.
1076 2862 1167 2890 Dion.
1194 2862 1267 2889 Hal.
1296 2858 1323 2894 1,
1348 2858 1400 2889 69.
1436 2858 1467 2897 2,
1489 2859 1540 2890 66.
1578 2863 1699 2892 Lucan.
1728 2861 1758 2900 1,

967 2906 1043 2937 598.
1084 2908 1252 2937 Claudian.
1287 2907 1319 2934 in
1345 2908 1471 2942 Eutrop.
1506 2907 1540 2943 1,
1567 2906 1643 2937 328.
1691 2909 1757 2938 Cic.

967 2963 1013 2989 pr.
1047 2956 1156 2983 Scaur.
1190 2951 1241 2980 48.
1299 2952 1337 2981 cf.
1374 2953 1432 2981 0v.
1464 2953 1558 2982 Trist.
1593 2952 1630 2989 3,
1657 2951 1692 2991 1,
1715 2952 1757 2982 29

970 2997 1036 3028 Hic
1060 2998 1156 3028 locus
1177 3001 1225 3027 est
1256 2996 1390 3033 Vestae,
1418 2995 1478 3038 qui
1504 2996 1660 3029 Pallada
1685 3007 1758 3029 ser-

969 3047 1029 3074 vat
1057 3048 1085 3074 et
1113 3043 1242 3085 ignem.
1290 3046 1365 3073 Erat
1391 3048 1496 3074 autem
1525 3046 1607 3074 inter
1639 3052 1759 3075 arcana
