2023 3350
722 129 955 163 AENEIDOS
979 131 1065 164 LIB.
1092 133 1154 164 111.

116 244 353 297 Lanigerae
389 243 651 286 comitantur
686 257 805 296 oves;
847 258 898 286 ea
934 244 1026 286 sola
1062 245 1271 299 voluptaS,

117 301 400 355 solamenque
439 301 553 343 mali.

1673 134 1752 172 163

1672 248 1753 287 660

113 359 348 413 Postquam
386 359 498 401 altos
524 358 679 413 tetigit
709 358 864 400 fluetus
896 363 938 400 et
973 359 1030 400 ad
1060 373 1250 413 aequora
1282 361 1406 412 venit,

117 417 308 459 Luminis
344 416 487 458 effossi
521 416 701 458 fluidum
732 417 838 458 lavit
874 417 973 458 inde
1006 431 1211 469 cruorem,

113 474 323 516 Dent-ibus
357 473 605 516 infrendens
643 475 820 528 gemitu,
866 475 1148 529 graditurque
1181 490 1258 529 per
1297 483 1459 528 aequor

112 532 204 573 Iam
238 532 446 583 medium,
486 532 667 574 necdum
707 532 862 574 fluctus
905 532 1044 574 latera
1085 533 1222 574 ardua
1254 533 1395 574 tinxit..

1670 535 1750 574 665

110 590 199 631 Nos
233 590 383 643 procul
419 590 519 631 inde
557 590 703 644 fugam
739 590 898 644 trepidi
934 591 1142 641 celerare,
1185 594 1358 645 recepto

114 647 312 702 Supplice
351 648 411 689 sic
450 649 623 699 merito,
668 648 878 701 tacitique
909 648 1097 690 incidere
1135 648 1300 696 funem;

109 706 330 747 Vei-rimus
363 710 404 747 et
439 707 564 759 proni
596 706 861 748 certantibus
897 719 1090 760 aequora
1126 707 1271 758 remis3

111 763 272 815 Sensit,
319 768 361 804 et
397 763 453 805 ad
485 764 670 805 sonitum
700 765 814 805 vocis
848 765 1029 817 vestigia
1068 764 1208 805 torsit.

112 821 274 863 Verum
315 822 386 863 ubi
424 822 542 863 nulla
575 821 704 863 datur
742 821 894 863 dextra
930 822 1149 864 adfectare
1183 824 1387 876 potestas,

110 952 327 985 supplendum
364 954 427 982 est.
466 953 548 985 quod
579 951 674 980 facile
708 951 754 986 fit;
803 955 903 985 potest

105 997 202 1025 etiam
237 997 328 1033 iungi
365 999 555 1025 monstrum
592 1019 622 1025 ..
654 994 761 1037 pians
794 995 905 1036 regit‚·

107 1043 164 1071 sed
203 1047 343 1077 praestat
374 1046 480 1071 tamen
515 1051 545 1071 v.
578 1040 643 1070 658
678 1051 740 1071 non
773 1043 904 1078 iungere

104 1089 322 1122 sequentibus.
357 1103 399 1106 —
440 1089 486 1117 Cf.
525 1089 637 1117 Claud.
672 1090 709 1116 R.
736 1089 772 1117 P.
808 1086 834 1124 l,
865 1086 902 1116 19

106 1131 217 1162 Ebria
251 1131 433 1163 Maeonius
458 1131 585 1172 firmat
620 1131 774 1174 vestigia
811 1130 905 1173 thyr-

105 1188 174 1208 sus,
229 1177 293 1209 Pt..·
317 1179 397 1209 coni.
429 1176 567 1207 Trunca
598 1176 692 1207 viam
715 1176 832 1218 pinus.

151 1222 226 1254 661.
254 1227 340 1255 Oves
383 1228 455 1253 sunt
496 1232 594 1252 unum
633 1225 705 1253 eius
744 1226 900 1253 solamen.

103 1271 257 1300 Additum
278 1276 323 1299 est
347 1271 380 1298 in
405 1271 457 1298 P.:
497 1267 540 1298 de
565 1267 652 1299 collo
667 1268 798 1308 fistula
817 1278 903 1310 pcn-

105 1315 162 1346 det
192 1314 250 1356 (J)
275 1317 430 1345 omissum
452 1316 485 1343 in
509 1316 577 1344 ΜΕ.

153 1361 228 1391 662.
255 1364 429 1397 Postquam
455 1370 490 1390 eo
521 1369 712 1397 progressus
742 1366 806 1397 est,
845 1362 898 1390 uhi

103 1410 171 1437 alta
199 1413 246 1437 est
277 1416 362 1443 aqua
392 1413 421 1437 et
446 1416 565 1442 aequor
595 1408 659 1436 iam
681 1416 743 1435 non
768 1409 898 1436 vadum.

108 1451 160 1483 ΡΙ.
186 1463 242 1490 pro
264 1454 462 1484 coniectandi
485 1461 546 1482 sua
568 1454 701 1482 libidine
725 1454 776 1482 dat
799 1450 898 1482 Poet-

102 1508 205 1539 qnam
238 1498 335 1530 albos
360 1505 436 1537 etc.,
471 1507 546 1528 nam
570 1501 662 1528 albos
685 1499 799 1528 fluctus
827 1508 901 1528 esse

101 1546 133 1574 in
162 1547 263 1575 litore.
313 1547 453 1581 „Mirum
483 1546 605 1574 interea
631 1550 757 1581 poetas,
795 1554 899 1581 quan-

100 1595 165 1621 tum
193 1593 271 1621 novi
294 1601 358 1621 non
381 1593 508 1621 dedisse
532 1592 644 1621 fluctus
674 1593 786 1626 albos,
824 1592 899 1620 licet

99 1639 263 1667 albescere
288 1639 449 1675 cognitum
475 1639 526 1667 sit.
571 1638 659 1666 Nihil
690 1640 793 1667 obstat
819 1647 897 1672 quo-

99 1685 206 1713 minus
239 1684 473 1719 deeritlt.'·(!]
522 1684 630 1713 Potuit
661 1684 773 1713 videre
797 1685 897 1713 Bata-

98 1738 163 1759 vus
188 1732 353 1760 albescere
378 1731 506 1765 quidem
532 1732 587 1759 sed
610 1738 671 1758 non
696 1739 770 1759 esse
792 1732 895 1767 albos,

100 1777 200 1811 potuit
226 1777 407 1813 intelligere
433 1777 593 1813 ingentem
621 1777 790 1811 hominem,
816 1785 896 1811 (μιᾶ-

96 1822 140 1851 lis
173 1826 240 1851 erat
270 1823 506 1860 Polyphemus,
550 1831 614 1851 non
646 1830 742 1857 posse
767 1825 895 1852 oculum

100 1869 216 1897 lavare
244 1869 276 1896 in
300 1870 394 1897 vado.

148 1913 224 1943 663.
254 1911 339 1942 Inde
358 1918 406 1943 est
429 1921 515 1949 aqua
538 1914 675 1942 marina.
712 1914 758 1943 Cf.
785 1916 844 1943 Ov.
863 1916 897 1943 F.

98 1958 127 1997 3,
152 1958 217 1987 273
244 1957 342 1988 rivus
369 1980 388 1988 ..
416 1957 495 1988 iude
515 1958 617 1988 bibes.
668 1962 747 1988 Sall.
768 1962 836 1989 Cat.
855 1959 897 1988 22

99 2003 208 2035 Fuere
234 2003 294 2045 qai
316 2002 467 2034 dicerent
491 2002 681 2034 Catilinam
703 2027 709 2033 .
727 2026 735 2034 .
754 2002 900 2035 humani

94 2048 249 2090 corporis
281 2048 495 2091 sanguinem
523 2048 602 2080 vino
625 2049 835 2090 permistum
863 2049 899 2081 in

93 2095 229 2136 pateris
268 2093 531 2126 circumtulisse.
600 2093 685 2125 Inde
721 2105 827 2136 quum
863 2117 897 2126 ..

96 2151 212 2171 omncs
245 2139 545 2183 degustavissent.

98 2188 146 2217 Cf.
173 2188 204 2226 8,
230 2186 283 2217 71.
339 2186 411 2217 ΡΙ..-
437 2189 662 2225 „Vocabulum
700 2185 782 2217 inde
814 2197 899 2217 nun-

97 2242 194 2268 quam
228 2237 364 2264 tolerare
399 2235 541 2270 potui...
591 2235 652 2263 Pro
692 2231 774 2263 inde
807 2236 899 2271 lega-

98 2287 171 2308 mus
198 2278 313 2309 ot·be.²‘
345 2296 383 2300 —
402 2278 573 2320 fluidum,
601 2280 757 2317 fluentem,
778 2284 813 2309 ut
838 2282 897 2310 Ov.

97 2327 141 2353 Μ.
162 2323 192 2358 4,
214 2324 290 2354 482.

145 2368 220 2399 665.
247 2379 375 2410 aequor
415 2369 567 2401 medium
613 2372 652 2402 cf.
696 2371 734 2408 5,
775 2369 803 2400 l.

96 2413 230 2455 „fluctu
253 2417 369 2453 legitur
391 2422 420 2446 et
436 2416 608 2456 fluctus.“
628 2419 659 2446 S.
700 2416 835 2457 fluctus
852 2420 894 2446 Μ.

98 2462 154 2490 sed
195 2470 210 2490 s
246 2463 350 2491 littera
389 2465 523 2492 delenda
565 2468 701 2493 notatur.
762 2461 895 2502 fluctus

97 2508 194 2536 etiam
217 2508 275 2536 alii
297 2510 376 2537 Mss.
401 2510 548 2538 dicuntur
567 2511 730 2539 exhihere.
763 2510 893 2539 Utrum-

99 2562 160 2588 que
181 2556 307 2582 honum.

145 2597 221 2627 667.
248 2597 390 2635 merito,
415 2603 449 2628 ut
471 2601 664 2635 reciperetur
693 2601 732 2630 cf.
758 2598 788 2639 2,
815 2599 892 2630 585.

98 2646 213 2674 Metuit
234 2650 358 2678 autem,
385 2647 467 2680 quod
487 2649 579 2674 homo
604 2651 661 2683 est,
686 2648 768 2681 quod
794 2651 892 2675 totum

96 2700 133 2720 se
157 2691 305 2728 tradidit,
332 2693 414 2726 quod
439 2692 537 2720 tuitus
560 2696 609 2720 est
636 2699 657 2720 a
681 2693 891 2728 Polyphemo.

142 2735 217 2766 668.
248 2735 417 2766 verrimus
443 2740 522 2766 Mss.
549 2738 688 2772 plurimi.
722 2753 760 2757 —
791 2736 893 2767 verti-

594 2143 679 2171 mor.
706 2140 736 2179 2,
766 2140 817 2180 ιε,
845 2139 898 2171 14.

95 2789 172 2812 mus
197 2784 258 2811 ΜΕ
280 2783 318 2813 cf.
344 2781 420 2811 290.
446 2799 484 2803 —
513 2784 616 2817 Quum
641 2784 819 2812 solvissent
843 2789 892 2814 ta-

95 2828 167 2866 citi,
190 2837 254 2858 non
278 2830 344 2858 iam
372 2829 495 2858 silentii
525 2831 581 2858 sed
614 2830 790 2859 celeritatis
819 2835 890 2860 stu-

98 2874 181 2903 diosi
204 2876 372 2910 strepitum
397 2879 536 2904 movent.

144 2918 220 2949 669.
249 2919 356 2951 sensit
381 2930 425 2951 sc.
450 2929 609 2950 remorum
630 2921 769 2950 sonitum
794 2922 831 2951 cf.
859 2920 889 2957 2,

95 2962 171 2995 377.
216 2982 254 2986 —
300 2965 355 2997 Ad
379 2965 530 2996 sonitum
563 2965 672 2995 vocis:
712 2976 891 3002 „remorum

96 3012 236 3041 sonitum
273 3021 386 3043 vocem
421 3014 512 3043 dixit.
568 3011 643 3041 l‘ox
679 3013 764 3042 enim
799 3023 890 3043 omne

96 3061 145 3085 est
169 3060 251 3093 quod
273 3057 389 3089 sonat“
412 3061 443 3089 S.
485 3059 539 3089 Sic
562 3059 642 3088 alibi
658 3057 776 3096 (556).
809 3061 891 3090 Nam

1668 825 1750 863 670

952 952 989 979 de
1015 951 1199 980 hominibus
1222 959 1284 979 non
1311 951 1409 987 dixit,
1444 951 1524 985 quia
1554 959 1653 986 supra
1682 956 1748 981 est:

951 994 1120 1035 tacitique
1143 994 1296 1025 incidere
1311 995 1448 1034 funem.
1498 997 1551 1026 Sic
1577 999 1612 1025 G.
1639 996 1670 1034 4,
1695 996 1748 1027 49.

951 1039 1009 1070 ubi
1030 1050 1184 1071 concava
1208 1040 1314 1081 pulsu
1343 1050 1431 1070 saxa
1464 1045 1605 1078 sonant,
1643 1042 1749 1072 vocis-

952 1096 1016 1126 que
1036 1087 1139 1122 (quae
1165 1088 1266 1116 oritur
1291 1094 1333 1116 ex
1356 1096 1511 1116 saxorum
1542 1089 1668 1124 sonitu]
1696 1089 1748 1126 os-

945 1132 1051 1170 fcnsa
1093 1130 1243 1162 resultat
1283 1131 1414 1173 imago.
1483 1135 1533 1162 Ex
1576 1142 1637 1169 quo
1679 1136 1749 1164 loco

950 1179 1047 1207 etiam
1071 1179 1133 1207 illa
1157 1179 1368 1213 abundantia,
1389 1186 1471 1213 quae
1489 1184 1537 1207 est
1557 1180 1590 1208 in
1614 1178 1749 1209 sonitus

952 1222 1060 1260 vocis.
1100 1229 1203 1259 potest
1241 1225 1412 1258 explicari.
1473 1221 1524 1253 PL,
1565 1234 1620 1260 pro
1655 1224 1748 1255 vocis

948 1270 1013 1303 legi
1047 1272 1117 1299 vult
1147 1267 1300 1309 Cyclops.
1339 1285 1384 1289 —
1418 1268 1600 1311 „vestigia
1631 1270 1748 1301 torsit:

950 1316 1036 1344 Bene
1061 1324 1123 1344 uno
1143 1324 1290 1344 sermone
1315 1317 1461 1351 ostendit,
1485 1326 1557 1345 eum
1582 1322 1746 1347 reverten-

947 1366 1007 1390 tem
1034 1362 1098 1391 iam
1121 1362 1256 1390 audisse
1279 1370 1396 1391 sonum
1421 1363 1582 1397 remigii.“
1604 1366 1635 1392 S.

992 1406 1067 1437 670.
1098 1405 1232 1437 Dextra
1276 1405 1460 1445 adfectare
1506 1414 1534 1438 et
1586 1408 1745 1439 (teatrum

945 1454 1064 1490 legitur
1090 1454 1122 1482 in
1148 1456 1228 1483 Mss.
1255 1455 1311 1482 sed
1336 1462 1397 1483 non
1423 1460 1547 1484 constat
1571 1457 1608 1484 de
1632 1456 1745 1493 singu-

945 1500 1006 1534 lis;
1041 1500 1074 1528 in
1099 1502 1140 1528 Μ.
1171 1504 1220 1529 est
1245 1497 1405 1529 dextrum
1430 1506 1588 1536 expuncto
1627 1510 1680 1530 um
1715 1507 1745 1531 et

945 1553 1045 1580 supra
1084 1546 1202 1580 scripto
1241 1554 1272 1574 a.
1329 1543 1527 1582 „Dextram
1562 1545 1744 1586 affectare,

946 1593 1092 1621 dextram
1124 1592 1303 1628 intendere,
1330 1593 1453 1622 scilicet
1479 1594 1545 1631 sic,
1577 1598 1609 1622 ut
1636 1598 1745 1628 posset

944 1646 1063 1667 navem
1097 1643 1212 1667 tenere.
1268 1639 1437 1668 Terentius
1478 1640 1612 1675 [Heaut.
1648 1638 1684 1675 2,
1712 1639 1742 1675 3,

944 1682 1024 1720 603:
1075 1682 1127 1713 Art
1154 1681 1329 1713 dominam
1357 1682 1416 1724 qui
1445 1683 1615 1724 affectant
1635 1684 1741 1721 viam,

944 1731 965 1759 i.
993 1740 1018 1759 e.
1045 1731 1221 1759 intendunt.
1272 1732 1353 1759 Nam
1391 1731 1419 1759 si
1450 1729 1575 1761 dextra
1610 1732 1742 1769 legeris,

942 1781 975 1805 ut
1001 1777 1043 1805 sit
1068 1774 1192 1805 dextra
1212 1773 1390 1816 affectare,
1413 1774 1629 1818 contingere.
1658 1782 1745 1807 caret

946 1822 1128 1858 exemplo.“
1161 1824 1192 1851 S.
1264 1822 1420 1851 Videmus
1453 1820 1576 1852 ‹Ieaetra
1611 1832 1684 1852 esse
1723 1832 1743 1853 a

948 1870 1062 1897 Servio
1090 1870 1225 1905 lectum,
1248 1869 1304 1897 sed
1330 1869 1558 1904 improbatum;
1596 1879 1696 1905 neque
1723 1878 1743 1899 a

945 1923 1022 1943 vero
1048 1918 1198 1944 aberrare
1231 1914 1391 1949 videmur,
1433 1915 1462 1944 si
1492 1912 1650 1944 dextram
1687 1921 1743 1945 aut

944 1964 985 1989 ab
1011 1961 1080 1996 ipso
1107 1966 1162 1989 aut
1191 1963 1247 1989 ab.
1267 1961 1332 1989 alio
1363 1962 1572 1997 grammatico
1603 1965 1641 1990 ob
1669 1970 1741 1991 eam

943 2014 1113 2043 caussam,
1151 2015 1247 2042 quam
1287 2007 1374 2036 affert
1415 2009 1466 2039 S..
1510 2007 1637 2036 illatum
1669 2016 1743 2037 esse

944 2054 1129 2082 statuimus.
1160 2054 1230 2082 Iam
1255 2061 1331 2082 vero
1355 2051 1524 2093 affectare
1550 2051 1639 2082 viam
1669 2062 1742 2083 sae-

945 2099 1019 2134 pius
1049 2099 1166 2135 legitur
1194 2103 1227 2127 ut
1261 2100 1296 2127 G.
1324 2096 1355 2135 4,
1382 2097 1447 2126 562
1483 2096 1645 2139 viamque
1677 2099 1741 2128 ad—

941 2142 1053 2181 fectat
1092 2141 1247 2184 Olym-po.
1299 2146 1370 2173 Ter.
1396 2146 1522 2173 Phorm.
1555 2145 1586 2181 5,
1616 2144 1647 2181 7,
1667 2144 1739 2181 (9.)

946 2186 984 2217 71
1016 2187 1070 2218 Act
1099 2197 1152 2218 me
1178 2187 1362 2226 adfectant
1384 2187 1490 2226 viam,
1518 2191 1608 2220 alibi.
1635 2194 1742 2226 Neque

946 2238 1052 2264 tamen
1091 2243 1133 2263 ex
1172 2242 1211 2263 ea
1258 2234 1397 2264 formula
1435 2241 1537 2270 potest
1580 2235 1738 2266 deoetrnm

946 2278 1115 2320 affectare
1138 2281 1233 2309 aliter
1260 2281 1434 2315 explicari,
1470 2289 1566 2316 quam
1592 2288 1740 2317 appetere

944 2328 1090 2355 dextram
1124 2334 1169 2355 sc.
1199 2326 1303 2362 alius,
1337 2335 1400 2354 non
1427 2329 1611 2360 protendere
1636 2335 1738 2357 suam.

943 2374 1012 2401 Iam
1060 2372 1150 2401 verbi
1193 2372 1383 2407 significatio
1434 2376 1467 2400 ut
1508 2373 1739 2408 frequentativi

942 2419 1034 2447 verbi
1066 2416 1210 2457 afficere
1239 2418 1396 2452 reperitur
1425 2418 1497 2446 Liv.
1523 2416 1575 2453 29,
1605 2418 1659 2447 10;
1704 2427 1739 2448 se

941 2461 1196 2503 exercitumque
1236 2472 1333 2492 suum
1376 2462 1485 2503 gravi
1526 2461 1642 2493 morbo
1682 2464 1739 2498 af-

931 2508 1077 2548 fectari.
1133 2511 1195 2538 Sed
1230 2507 1374 2548 afficere
1410 2506 1561 2549 aliquem
1603 2509 1738 2547 dea-tra,

939 2556 960 2585 i.
998 2566 1024 2585 e.
1062 2558 1175 2585 dextra
1210 2556 1474 2590 comprehendere
1512 2564 1575 2584 non
1611 2557 1736 2594 dicitur,

937 2606 972 2631 ut
1015 2600 1158 2639 afficere
1201 2600 1350 2640 aliquem
1401 2598 1534 2638 morbo,
1585 2599 1736 2632 laetitia.

938 2649 1060 2678 Deinde
1082 2649 1198 2677 dicitur
1216 2645 1383 2686 affectare
1403 2654 1484 2677 rem.
1511 2652 1542 2676 ut
1567 2645 1736 2688 gloriam,

938 2702 1089 2733 regnum
1117 2700 1146 2722 et
1175 2698 1221 2723 est
1255 2693 1398 2721 studiose
1427 2700 1597 2728 quaerere,
1638 2702 1737 2729 appe—

938 2744 1019 2775 tere;
1052 2740 1091 2770 cf.
1117 2741 1196 2768 Sall.
1222 2741 1290 2776 lug.
1320 2737 1360 2765 66
1389 2736 1566 2774 civitates,
1595 2748 1686 2779 quae
1714 2750 1734 2769 a

938 2794 972 2815 se
997 2785 1211 2824 defecerant,
1230 2781 1425 2823 formidine
1448 2787 1508 2814 ant
1528 2784 1736 2815 ostentando

934 2830 1098 2871 praemia
1121 2829 1302 2871 affectare.
1353 2830 1436 2858 Vell.
1464 2828 1495 2869 2,
1522 2829 1563 2859 39
1595 2829 1735 2861 Gallias

936 2885 1040 2917 saepe
1089 2879 1121 2907 et
1167 2873 1410 2916 affectavimus
1458 2878 1490 2906 et
1539 2875 1733 2906 amisimus.

936 2925 1011 2953 Tac.
1033 2925 1070 2952 Η.
1097 2920 1127 2960 4,
1154 2920 1196 2950 66
1229 2918 1351 2950 Civilis
1374 2919 1553 2960 proximas
1575 2920 1735 2951 ciuitates

938 2967 1106 3008 affectare
1131 2969 1195 2997 aut
1224 2964 1496 2996 adversantibus
1528 2966 1652 2997 bellum
1682 2967 1735 2997 in-

931 3015 1030 3053 ferre
1053 3011 1192 3050 statuit,
1207 3013 1284 3042 atta.
1333 3015 1383 3042 Ita
1409 3014 1504 3043 etiam
1531 3012 1655 3044 dextra
1677 3013 1736 3052 as-

931 3059 1071 3099 fectarc
1098 3059 1164 3095 (sc.
1194 3067 1254 3088 nos
1284 3060 1335 3088 vel
1369 3067 1474 3089 naves
1508 3060 1547 3089 cf.
1576 3058 1606 3098 2,
1634 3057 1732 3095 492.)
