2023 3350
266 132 351 170 414

835 129 871 160 P.
901 130 1098 162 vltthth
1123 130 1336 164 MAROMS

269 242 346 280 lies
385 239 584 291 equidem
625 239 778 280 Troiae
811 239 946 280 victas
984 244 1060 281 aut
1091 254 1222 295 regna
1253 241 1439 293 fatebor;

269 297 401 337 Nobis
440 296 495 336 ad
534 296 636 336 belli
671 296 877 336 auxilium
914 309 992 348 pro
1032 298 1202 338 nomine
1239 302 1361 339 tanto

266 353 456 404 Exiguae
491 353 622 393 vires:
661 352 759 392 hinc
798 352 932 393 Tusco
970 352 1210 395 claudimur
1245 356 1372 406 amni,

265 409 375 449 Hinc
417 409 595 449 Rutulus
633 410 807 462 premit,
847 413 889 450 et
926 423 1095 450 murum
1135 411 1424 453 circumsonat
1463 413 1605 454 armis.

266 465 349 505 Sed
382 465 460 505 11111
497 479 573 519 ego
607 466 801 519 ingentes
840 466 1021 518 populos
1059 468 1348 521 opulentaque
1386 471 1528 522 regnis

1820 470 1902 508 475

263 523 444 574 Iungere
480 527 623 563 castra
664 536 794 576 paro,
835 536 963 575 quam
994 523 1084 564 fors
1122 525 1297 577 inopina
1337 526 1518 567 salutem

265 580 486 623 Ostentat:
528 580 629 619 satis
669 580 751 620 huc
786 583 828 619 te
859 580 1133 632 poscentibus
1169 581 1324 622 adfers.

266 635 393 675 Haud
433 637 581 688 procul
618 636 716 677 hinc
753 650 855 677 saxo
895 637 1100 678 incolitur
1141 638 1323 678 fundata
1358 642 1525 680 vetusto

266 692 392 733 L'rbis
430 693 654 745 Agyllinae
681 692 834 744 sedes,
876 694 950 734 ubi
986 694 1122 747 Lydia
1161 694 1378 747 quondam

266 752 395 799 Gens,
435 742 547 790 bello
588 751 830 803 praeclara,
869 751 979 803 iugis
1020 751 1177 792 insedit
1216 752 1423 792 Etruscis.

1822 756 1844 792 ΕΠ

1851 755 1874 793 oe

1879 755 1904 793 Φ

265 806 386 846 Hanc
427 807 584 847 multos
618 807 842 848 florentem
877 821 1010 848 annos
1050 822 1126 848 rex
1165 808 1318 849 deinde
1356 807 1540 862 superbo

264 863 449 916 Imperio
486 868 525 903 et
566 865 702 904 saevis
736 864 875 904 tenuit
915 864 1149 906 Mezentius
1188 866 1331 906 armis.

265 920 375 969 Quid
418 934 647 961 memorem
683 920 882 962 infandas
925 921 1096 973 caedes,
1132 923 1236 976 quid
1273 922 1391 963 facta
1424 920 1596 976 tyranni

265 976 435 1018 l-Lffera?
478 977 521 1017 di
558 978 690 1031 capiti
728 978 863 1031 ipsius
903 979 1134 1031 generique
1170 978 1403 1021 reservent!

312 1090 386 1121 ⁴72.
413 1101 476 1131 pro
502 1091 639 1121 nomine
664 1095 779 1127 tanto,
809 1095 890 1123 socii
920 1096 1059 1133 nomine,

266 1139 306 1166 ad
332 1146 425 1172 quem
450 1143 483 1166 tu
507 1141 644 1173 supplex
669 1140 796 1167 venias.

313 1181 388 1210 ⁴74.
418 1185 565 1211 Nostrum
617 1192 750 1219 regnum
797 1186 968 1213 admodum
1013 1190 1059 1213 est

221 1241 224 1246 ·
266 1236 419 1263 parvum,
454 1231 493 1256 ab
520 1236 584 1256 una
610 1234 698 1263 parte
728 1226 836 1257 Tusco
862 1228 958 1258 amni
983 1230 1002 1258 i.
1032 1240 1058 1258 e.

266 1274 373 1301 Tiberi
401 1273 440 1302 cf.
477 1271 530 1307 11,
557 1273 621 1301 316
649 1274 849 1308 clauditnur;
885 1277 925 1303 ab
957 1277 1061 1303 altera

268 1319 379 1347 Rutuli
413 1324 440 1346 et
467 1320 574 1347 Latini
609 1324 672 1347 tam
706 1327 802 1354 prope
832 1320 909 1347 fines
934 1322 1060 1358 habent,

266 1368 299 1392 ut
315 1372 476 1392 armorum
491 1365 658 1398 strepitum
673 1365 855 1393 audiamus.
874 1380 911 1384 -
932 1362 1061 1395 Premit

266 1418 328 1436 non
363 1414 408 1437 est
446 1411 482 1437 de
521 1410 630 1437 hostili
664 1410 772 1438 animo
807 1410 1059 1446 intelligendum,

266 1455 321 1481 sed
349 1455 403 1488 qui
427 1455 584 1486 terminat,
613 1456 725 1488 premit
750 1455 848 1484 etiam
873 1460 902 1483 et
927 1461 1059 1485 coercet.

266 1501 312 1527 lta
339 1501 373 1526 G.
401 1496 437 1535 4,
472 1498 535 1526 290
565 1497 642 1536 Qua
750 1498 879 1528 vicinia
911 1498 1061 1529 Persidis

267 1546 406 1584 urguet.
456 1547 514 1573 ov.
543 1546 584 1572 Μ.
612 1542 641 1578 4,
671 1543 735 1572 635
761 1542 901 1573 humum
931 1544 1060 1574 vicinia

267 1588 366 1617 nulla
395 1588 581 1628 premebat.
632 1589 678 1619 Cf.
716 1592 774 1618 Ov.
804 1591 856 1618 Tr.
884 1590 920 1624 5,
949 1590 982 1627 3,
1022 1589 1054 1619 tt

266 1643 357 1662 ’tuuc
384 1632 507 1673 procul
541 1643 561 1662 ιι
597 1633 720 1674 patria
757 1632 886 1664 Geticis
918 1634 1063 1665 circum-

266 1687 368 1707 sonor
390 1687 508 1707 armis.

313 1732 388 1762 475.
416 1735 620 1764 ..Artificiose
645 1736 728 1771 agit,
755 1740 787 1763 ut
811 1741 838 1765 et
865 1743 947 1770 quae
971 1745 1061 1765 mon-

266 1784 409 1808 strantur
434 1781 561 1809 auxilia
579 1781 685 1815 ipsius
703 1788 777 1809 esse
802 1781 1008 1810 videatttur.·‘
1029 1785 1061 1811 S.

272 1822 321 1853 Pl.
349 1826 430 1854 cotti.
457 1824 692 1865 opulentaque
717 1834 851 1866 regum.

313 1879 388 1909 476.
422 1880 565 1914 Castra,
606 1882 639 1910 in
676 1882 794 1916 quibus
831 1883 929 1910 simul
968 1884 1063 1917 plura

266 1934 379 1966 regna
405 1932 496 1961 sunt,
530 1927 548 1954 i.
577 1937 603 1955 e.
638 1929 747 1962 plures
781 1928 892 1962 populi
917 1932 945 1956 et
970 1936 1061 1963 reges

267 1972 451 2000 consociati.

312 2026 387 2056 478.
415 2037 500 2056 suso
525 2030 656 2056 uetusto
675 2025 835 2063 fundata
862 2028 882 2055 i.
900 2036 926 2055 e.
955 2029 1061 2065 „anti-

267 2081 328 2107 quo
344 2079 469 2107 opere.·'
490 2075 521 2100 S.
563 2075 642 2101 Nam
659 2074 755 2102 Tusci
776 2076 871 2101 urbes
884 2081 963 2102 suas
984 2076 1060 2102 sub-

267 2123 455 2146 struxerunt
480 2118 574 2146 saxis
597 2119 781 2153 ingentibus
807 2121 978 2147 multorum
1001 2127 1061 2147 an-

268 2165 432 2197 gulorum,
475 2169 505 2191 ut
528 2162 564 2195 3.
597 2162 649 2191 et.
706 2164 826 2192 Avien.
852 2165 953 2193 deser.
988 2170 1060 2193 terr.

266 2207 330 2235 5t7
355 2208 479 2237 Croton
498 2206 625 2247 priscis
642 2206 772 2237 attollit
790 2208 925 2237 moenia
944 2208 1063 2238 muris.

269 2255 368 2281 Paulo
390 2254 482 2282 aliter
501 2255 621 2282 Lucan.
641 2252 671 2289 4,
692 2252 729 2281 12
746 2252 906 2290 fundata
927 2257 1062 2284 vetusta

266 2296 380 2338 surgit
410 2297 529 2327 Ilerda
555 2307 672 2327 marm.
723 2300 841 2328 Contra
867 2301 943 2329 Hor.
970 2300 1003 2328 C.
1032 2298 1061 2336 2,

269 2342 324 2379 15.
356 2342 397 2370 20
431 2342 569 2372 deorum
602 2341 732 2383 templa
764 2353 870 2373 nouo
900 2343 1064 2373 decorat-c

266 2397 360 2418 saro.

309 2443 388 2472 479.
414 2445 554 2478 Agylla,
596 2446 672 2472 urbs
698 2446 843 2473 Etruriae
879 2446 1055 2479 atiquandu

265 2490 505 2525 florentissima,
533 2490 619 2517 dicta
644 2494 710 2525 est,
742 2498 838 2523 quum
861 2498 881 2518 a
904 2491 1056 2523 Petasgis

265 2535 485 2571 incolebatur.
522 2540 637 2569 postea
665 2537 705 2562 ab
732 2535 879 2563 Etruscis
914 2536 1058 2563 habitata

265 2583 444 2608 vocabatur
467 2581 580 2609 Caere.
628 2582 731 2608 Docet
748 2582 810 2607 hoc
829 2581 923 2608 Dion.
947 2581 978 2616 3,
1003 2580 1058 2609 525.

264 2627 328 2659 Αρ.
356 2628 460 2653 Strab.
492 2625 531 2658 5,
569 2623 606 2658 2,
647 2625 667 2653 3
696 2633 713 2659 p
754 2624 822 2652 220
853 2627 975 2659 Agylla
1007 2630 1057 2654 est

268 2663 463 2707 Πελάσγων
502 2665 631 2707 κτίσμα
679 2665 752 2698 τῶν
795 2662 833 2698 ἐκ
861 2666 1060 2704 Θετταλίας

264 2707 482 2752 ἀφιγμένων,
506 2716 667 2749 Lsdique,
707 2715 867 2749 Tyrrheni
893 2715 1059 2752 nominati,

265 2767 337 2787 eam
371 2760 524 2794 aggressi
560 2766 645 2789 sunt.
701 2759 809 2789 Caere
841 2763 880 2788 ab
911 2761 1061 2789 Etruscis

265 2805 326 2839 [cf.
358 2804 443 2839 600)
474 2803 605 2844 Agylla
632 2815 652 2834 α
682 2803 844 2846 Pelasgis
875 2804 1063 2835 conditori-

264 2850 327 2879 bus
352 2849 481 2878 dictum
507 2852 588 2879 Ptin.
617 2852 650 2880 3.
676 2850 706 2879 5.
756 2853 823 2879 lam
843 2854 882 2880 ab
901 2852 1061 2886 antiquis-

265 2896 358 2924 simis
387 2897 589 2929 temporibus
611 2896 767 2925 Romanis
790 2896 923 2925 foedere
950 2897 1061 2925 iuncta

269 2946 353 2968 erat.
386 2947 413 2968 et
443 2943 526 2969 betto
554 2943 681 2971 Gallico
708 2942 828 2976 recepit
854 2944 959 2970 Roma
985 2949 1059 2976 pro-

266 2985 360 3019 fugos
395 2988 486 3014 deos.
536 2989 636 3016 Tusci
666 2993 773 3016 autent
815 2987 965 3016 Troianis
1003 2995 1060 3015 co-

1108 1097 1207 1133 gnati,
1233 1098 1316 1131 quod
1336 1097 1509 1125 Dardanus
1529 1103 1572 1123 ex
1591 1096 1702 1122 Tusca
1729 1095 1806 1122 urhe
1823 1095 1905 1123 Cor-

1107 1147 1184 1170 tona
1210 1143 1241 1169 in
1268 1142 1382 1170 Asiam
1416 1140 1582 1176 profectus
1612 1143 1678 1175 est,
1713 1147 1819 1173 neque
1845 1140 1904 1166 mi-

1107 1195 1169 1215 nus
1189 1188 1351 1220 Tyrrheni
1375 1196 1392 1214 e
1412 1186 1516 1219 Lydia
1540 1186 1596 1212 vel
1612 1185 1767 1212 Maeonia
1789 1185 1822 1212 in
1837 1185 1904 1212 Ita-

1107 1233 1182 1259 liam
1209 1232 1415 1266 immigrasse
1436 1231 1636 1265 dicebantur,
1662 1230 1757 1258 cuius
1781 1230 1826 1256 rei
1845 1237 1905 1257 an-

1107 1277 1315 1311 tiquissimus
1346 1281 1460 1304 auctor
1487 1280 1537 1303 est
1564 1276 1752 1303 Herodotus
1782 1273 1816 1309 1,
1841 1272 1903 1308 94;

1109 1327 1180 1356 post
1210 1323 1276 1351 Cic.
1306 1323 1393 1350 Hort.
1421 1321 1463 1348 87
1493 1321 1542 1348 ed.
1560 1321 1612 1348 Or.
1631 1320 1839 1356 „Maeoniam
1860 1334 1904 1337 ——

1107 1368 1202 1395 cuius
1226 1364 1305 1394 'dum
1331 1367 1476 1394 brevitas
1510 1366 1593 1393 duos
1627 1364 1746 1392 fratres
1777 1365 1904 1398 Lydum

1108 1418 1137 1440 et
1162 1414 1366 1445 Tyri-neuun»
1393 1411 1477 1439 ferre
1502 1419 1566 1438 non
1592 1414 1718 1445 posset,
1747 1417 1790 1438 ex
1815 1414 1903 1438 sorte

1107 1459 1300 1491 Tyrrhenus
1333 1464 1405 1485 cunt
1438 1455 1561 1490 ingenti
1588 1455 1792 1483 multitudine
1828 1462 1904 1489 pro-

1106 1502 1212 1530 fectus
1240 1507 1363 1536 partem
1380 1501 1495 1529 ltaliae
1516 1501 1617 1528 tenuit
1644 1505 1673 1528 et
1688 1500 1903 1534 Tyrrheniam

1107 1547 1321 1575 nominavit.‘'·
1370 1548 1485 1575 Strabo
1517 1546 1555 1582 5,
1585 1544 1622 1579 2,
1653 1545 1684 1573 3.
1738 1542 1839 1574 Dion.
1879 1545 1904 1580 1,

1105 1594 1159 1621 2ῖ.
1209 1594 1290 1621 vett.
1321 1591 1350 1628 1,
1380 1591 1406 1619 1.
1456 1593 1534 1619 Tac.
1557 1591 1620 1618 Au.
1647 1589 1684 1625 4,
1708 1589 1762 1618 55.
1813 1591 1903 1618 Unde

1108 1638 1272 1671 Tyrrheni
1295 1645 1375 1672 gens
1390 1637 1496 1670 Lydia
1516 1639 1546 1663 et
1559 1635 1713 1664 Maeonia.
1735 1639 1765 1663 et
1790 1637 1903 1663 Maeo-

1108 1683 1204 1711 nidae
1234 1682 1284 1719 lt,
1314 1682 1377 1710 isit)
1404 1686 1431 1709 et
1452 1681 1579 1709 Etruria
1594 1681 1746 1709 Maeonia
1769 1688 1800 1708 v.
1825 1679 1903 1708 489.

1109 1733 1136 1755 et
1156 1730 1217 1756 ov.
1236 1730 1276 1755 Μ.
1303 1727 1334 1762 3,
1361 1726 1444 1761 5833
1472 1727 1545 1754 inde
1568 1726 1625 1753 sit.
1658 1725 1707 1761 15,
1729 1724 1774 1752 35
1790 1728 1904 1753 Maeo-

1109 1773 1197 1800 nium
1222 1775 1331 1800 lacum
1347 1772 1423 1799 dixit
1441 1771 1679 1800 Trasimenum.
1730 1772 1798 1799 Iam
1819 1771 1903 1803 quod

1109 1818 1193 1846 socii
1225 1818 1303 1846 fiunt
1332 1819 1465 1845 Aeneae
1497 1816 1676 1851 Tyrrheni,
1712 1821 1801 1844 recte
1827 1821 1903 1850 puto

1109 1863 1337 1892 concludimus
1366 1861 1532 1896 t‘trgitium
1574 1860 1781 1897 sumpsisse,
1821 1861 1905 1889 inter
1929 1855 1937 1863 ⁰

1110 1909 1232 1943 primos
1249 1910 1372 1936 Romae
1397 1907 1584 1936 conditores
1606 1905 1713 1935 fuisse
1731 1908 1903 1940 Etruscos,

1109 1961 1193 1988 quae
1218 1959 1286 1982 erat
1312 1953 1477 1981 sententia
1493 1951 1666 1980 xiebtthrii.
1692 1966 1737 1970 —
1762 1951 1905 1985 Antiqua

1110 2004 1179 2027 erat
1203 1999 1364 2035 narratio,
1395 2004 1459 2031 qua
1483 1997 1668 2025 Mezentius
1693 2004 1764 2025 cum
1789 1997 1905 2024 Aenea

1110 2046 1229 2072 bellum
1256 2048 1424 2079 gesserat,
1450 2043 1482 2070 in
1508 2050 1570 2076 (tuo
1592 2042 1690 2070 etiam
1715 2042 1850 2070 Aeneas
1871 2041 1905 2069 in

1108 2090 1255 2118 Numicio
1297 2089 1426 2117 flumine
1465 2088 1607 2122 periisse
1643 2087 1821 2114 dicebatur.
1870 2088 1904 2114 Is

1109 2136 1290 2163 secundum
1311 2135 1466 2163 Catonem
1491 2133 1522 2160 in
1545 2132 1652 2166 origg.
1679 2131 1740 2167 (cf.
1758 2133 1903 2159 macrob.

1109 2180 1145 2211 3.
1170 2179 1222 2214 5.)
1250 2187 1269 2207 a
1293 2179 1418 2207 Latinis
1445 2178 1588 2205 divinum
1618 2179 1774 2205 honorem
1789 2181 1904 2210 postu-

1108 2225 1206 2259 lavit,
1233 2226 1307 2252 hinc
1333 2229 1422 2252 recte
1447 2227 1651 2256 contemptor
1675 2229 1830 2256 superum
1857 2222 1905 2250 di-

1110 2270 1206 2304 citur,
1233 2271 1292 2297 sed
1319 2277 1383 2297 non
1410 2268 1516 2296 minus
1545 2268 1628 2301 quod
1657 2267 1804 2295 homines
1831 2274 1904 2295 cru-

1110 2315 1279 2343 detissime
1307 2318 1452 2342 tractans
1479 2320 1591 2341 eorum
1612 2320 1677 2340 non
1704 2313 1804 2340 timuit
1831 2313 1904 2340 vin—

1110 2361 1227 2387 dictam
1260 2359 1299 2387 cf.
1341 2359 1398 2393 10,
1445 2357 1519 2386 189.
1568 2359 1660 2392 Quod
1691 2362 1798 2386 autem
1837 2362 1904 2385 tor-

1109 2406 1206 2433 menti
1232 2412 1336 2439 genus
1362 2406 1392 2431 h.
1416 2405 1434 2430 t.
1462 2409 1668 2438 memoratur,
1694 2403 1727 2431 in
1751 2403 1903 2437 captivos

1104 2450 1205 2478 Tusci
1231 2450 1380 2477 dicuntur
1400 2449 1576 2477 admisisse
1599 2447 1639 2476 cf,
1661 2449 1728 2477 Cic.
1747 2449 1835 2476 Hort.
1859 2448 1904 2477 85

1103 2492 1162 2533 qui
1211 2493 1398 2534 quondam,
1452 2502 1556 2532 quum
1602 2501 1638 2522 m
1687 2491 1904 2532 praedonum

1107 2538 1334 2568 Etruscorum
1380 2547 1505 2567 manus
1555 2535 1778 2575 incidissent,
1826 2547 1903 2567 cru-

1105 2582 1251 2614 delitate
1275 2582 1478 2624 excogitata
1495 2581 1731 2619 accubantum
1757 2591 1902 2624 quorum

1105 2638 1251 2669 corpora
1276 2627 1358 2658 viva
1381 2637 1454 2657 cum
1480 2626 1637 2665 mortuis,
1663 2626 1813 2657 adversa
1839 2625 1903 2656 ad·

1104 2673 1212 2704 versis
1238 2672 1475 2711 accomodata,
1502 2682 1603 2713 quam
1631 2671 1812 2712 aptissime
1833 2670 1902 2701 col-

1107 2718 1326 2759 ligabantur.
1377 2720 1457 2748 Hinc
1487 2720 1558 2754 Vgl.
1586 2727 1683 2748 suum
1715 2719 1780 2747 sibi
1811 2717 1901 2746 finxit

1106 2766 1313 2794 Mezentium.
1363 2765 1454 2799 Quod
1486 2769 1595 2792 autem
1622 2765 1799 2798 expulsum
1827 2770 1902 2792 eum

1107 2818 1185 2839 esse
1212 2811 1302 2846 dicit,
1327 2812 1389 2838 hoc
1416 2810 1615 2845 assequitur,
1641 2813 1671 2836 ut
1693 2809 1756 2836 iam
1778 2810 1818 2836 ab
1841 2815 1901 2837 an-

1107 2856 1292 2890 tiquissimo
1320 2860 1466 2889 tempore
1495 2856 1599 2884 Caere
1629 2854 1736 2882 amica
1767 2854 1809 2882 sit
1842 2862 1901 2889 po-

1106 2902 1175 2936 puli
1200 2901 1350 2929 Romani.

1150 2944 1227 2974 484.
1255 2944 1292 2974 di
1318 2943 1437 2985 capiti.

1108 2989 1183 3020 190.
1232 2990 1270 3028 6,
1294 2990 1396 3044 529..

1485 2947 1584 2974 Tales
1601 2944 1853 2978 imprecationes
1868 2943 1900 2981 2,
