2023 3350
124 217 311 260 Femina.

373 216 442 259 Sic
477 215 593 258 fatus
630 216 749 258 nocti
788 230 832 258 se
866 216 1099 258 immiscuit
1133 219 1269 259 atrae.

237 275 344 316 Tum
380 287 482 315 vero
522 274 706 326 Aeneas,
752 273 906 316 subitis
946 274 1177 316 exterritus
1211 274 1387 328 umbris,

125 332 316 385 Corripit
346 346 368 373 e
402 345 549 373 somno
586 345 743 385 corpus
781 333 1008 386 sociosque
1042 331 1219 385 fatigat:

122 390 386 443 Praecipites
422 389 614 442 vigilate,
655 389 754 441 viri,
807 393 849 432 et
880 389 1090 432 considite
1126 390 1348 442 transtris3

125 447 286 488 Solvite
320 447 414 489 vela
450 447 535 488 citi.

122 505 346 546 Festinare
381 504 528 558 fugam
565 507 793 558 tortosque
829 505 1018 546 incidere
1056 504 1178 546 funes

123 563 234 603 Ecce
270 563 426 603 iterum
461 562 666 603 stimulat.

124 620 326 673 Quisquis
365 633 444 669 es,
475 620 745 673 imperioque
783 621 941 662 iterum
977 633 1177 673 paremus
1218 623 1405 661 ovantes.

123 677 250 718 Adsis
291 691 333 728 0,
378 677 662 730 placidusque
700 678 836 729 iuves,

122 735 287 776 Dextra
320 734 445 776 feras.

122 792 407 844 Fulmineum,
447 793 686 846 strictoque
720 793 821 834 ferit
857 792 1102 834 retinacula
1137 792 1266 833 ferro.

122 850 242 892 Idem
281 864 425 892 omnes
462 850 589 891 simul
626 850 757 892 ardor
797 850 946 902 habet,
990 850 1253 903 rapiuntque
1290 851 1530 902 ruuntque3

122 908 273 949 Litora
304 908 530 950 deseruere
545 922 554 960 3

122 965 281 1006 Adnixi
314 969 523 1018 torquent
559 979 732 1019 spumas
771 969 813 1007 et
845 965 1019 1007 caerula
1050 967 1240 1005 verrunt.

707 102 943 137 AENEIDOS
975 105 1065 138 Lm.
1095 104 1155 139 iv.
1679 108 1762 148 207

1681 222 1764 262 570

596 447 734 499 Deus,
778 447 953 489 aethere
989 448 1144 488 missus
1182 447 1238 489 ab
1273 448 1377 500 alto,

1682 509 1700 531 r

727 563 954 616 Sequimur
984 566 1048 613 te,
1097 564 1244 603 sancte
1278 561 1468 614 deorum,
1680 509 1762 548 075

878 681 919 719 et
954 677 1099 718 sidera
1129 677 1248 718 caelo

505 735 644 787 Dixit3
688 736 931 789 vaginaque
968 735 1096 788 eripit
1132 748 1275 776 ensem

1681 794 1764 839 580

596 908 704 949 latet
740 908 820 950 sub
853 907 1060 949 classibus
1094 920 1267 960 aequor.

1681 1080 1763 1117 585

238 1024 294 1064 Et
328 1024 415 1064 iam
454 1023 594 1076 prima
628 1037 739 1064 novo
780 1021 1016 1077 spargebat
1052 1021 1211 1061 lumine
1247 1023 1387 1061 terras

122 1080 296 1122 Tithoni
331 1094 530 1122 croceum
564 1081 760 1133 linquens
798 1081 971 1120 Aurora
1007 1077 1167 1118 cubile:

122 1138 286 1192 Regina
321 1152 344 1179 e
384 1138 569 1192 speculis
600 1141 648 1178 ut
684 1137 874 1191 primum
907 1136 1125 1178 albescere
1157 1134 1298 1175 lucem

121 1289 152 1327 3,
173 1288 228 1319 80.
279 1281 359 1318 Οὐκ
377 1281 527 1329 ἀγαθὸν
549 1283 822 1327 πολυκοιρανίη.
872 1288 919 1317 Cf.

121 1338 173 1365 Gr.
198 1336 220 1371 ὅ
246 1333 322 1373 242,
349 1333 379 1363 2.

166 1379 243 1410 570.
272 1378 378 1410 nocti
409 1388 443 1409 se
465 1377 522 1409 im.
549 1388 583 1411 a.
608 1379 629 1408 i.
650 1388 677 1408 e.
703 1379 847 1408 evannit.

122 1458 327 1491 571—583.
364 1456 395 1489 A
415 1456 622 1497 Carthagine
645 1456 783 1488 Aeneas
808 1455 922 1489 solvit.

167 1515 244 1546 571.
275 1514 421 1546 subitae
453 1514 597 1545 umbrae
625 1520 717 1552 sunt,
754 1524 837 1551 quae
866 1525 923 1544 511-

121 1565 186 1594 bito
209 1564 363 1600 incidunt,
389 1563 445 1592 ubi
464 1564 544 1591 deus
570 1563 646 1591 abit.
697 1562 744 1592 Cf.
771 1560 802 1599 2,
829 1560 905 1590 680.

168 1619 244 1649 572.
277 1617 460 1658 Corripere
494 1626 511 1648 e
554 1627 673 1647 somno
710 1627 835 1659 corpus
876 1622 926 1647 est

122 1675 173 1702 ap.
199 1668 294 1696 Lucr.
314 1665 344 1701 3,
370 1662 434 1693 164
459 1669 488 1693 et
514 1672 638 1704 corpus
664 1662 706 1693 de
729 1667 824 1693 terra
851 1672 923 1693 cor-

121 1711 235 1752 ripere
266 1711 296 1748 4,
322 1709 398 1739 998.
453 1708 634 1749 Corripere
666 1715 773 1739 autem
806 1711 925 1745 ubique

121 1763 228 1787 motus
262 1757 421 1793 significat
452 1757 649 1785 celeritatem
681 1756 720 1785 cf.
751 1754 924 1796 corripere

122 1802 218 1833 viam
251 1801 281 1840 1,
307 1799 382 1831 418.
432 1810 467 1830 se
491 1799 663 1842 corripere
695 1801 725 1840 6,
752 1800 828 1830 472.
870 1799 922 1838 ll,

123 1848 188 1878 462
225 1846 298 1878 sich
338 1844 530 1887 aufraffcn.
593 1845 725 1888 Corpus
765 1848 923 1882 corripere

123 1896 162 1925 cf.
190 1892 263 1924 132.
302 1909 339 1913 —
379 1891 529 1933 Fatigat
552 1890 661 1922 socios
685 1902 730 1922 sc.
756 1895 921 1922 hortando.

169 1950 245 1980 574.
276 1948 491 1991 Praecipites
513 1951 552 1980 cf.
579 1950 610 1988 5,
638 1948 713 1979 137.
759 1966 797 1970 ——
846 1948 925 1979 Sol-

122 1995 194 2028 vite
212 1994 303 2034 vela,
324 2005 407 2031 quae
431 2000 520 2025 erant
545 2000 719 2025 contracta.

169 2052 246 2083 576.
276 2051 407 2082 Sancte
441 2050 584 2081 deorum
623 2053 821 2090 „secundum
859 2054 925 2081 En-

122 2101 213 2130 nium
244 2100 341 2128 dixit:
390 2095 586 2138 Respondit
623 2095 708 2127 Iuno
749 2096 923 2127 saturnia

123 2148 246 2176 sancta
283 2142 455 2173 clearum“
503 2146 535 2172 S.
578 2143 616 2172 cf.
646 2146 698 2172 Gr.
731 2144 753 2178 ς
782 2141 865 2180 264,
895 2153 922 2172 e.

123 2188 285 2222 stimulat
310 2199 336 2220 c.
363 2190 418 2219 inf.
445 2192 498 2219 Gr.
525 2189 546 2225 S
570 2187 635 2217 425
662 2190 727 2217 An.
755 2187 784 2218 3.

169 2245 246 2276 577.
277 2244 446 2286 Quisquis
482 2255 536 2282 es,
574 2246 629 2281 qui
668 2255 719 2275 me
754 2247 785 2274 id
818 2246 924 2275 facere

124 2294 255 2324 iussisti
287 2293 326 2322 cf.
351 2291 381 2330 9,
406 2291 457 2321 22.
507 2293 639 2327 Quando
666 2293 750 2321 enim
778 2300 841 2320 11011
868 2299 924 2321 sa-

124 2341 166 2369 tis
191 2341 366 2376 constabat,
388 2340 461 2373 quis
482 2340 561 2367 deus
588 2338 750 2367 auxilium
774 2339 924 2367 attulisse

125 2387 179 2414 vel
204 2385 316 2414 afferre
340 2389 460 2421 posset,
494 2384 635 2413 Romani
660 2388 828 2419 precantes
851 2391 922 2413 ma-

124 2433 233 2459 lebant
267 2431 383 2459 addere
420 2430 609 2467 formulam,
653 2437 717 2464 qua
753 2439 788 2459 se
828 2431 923 2459 (1011111

125 2476 252 2505 11050110
276 2476 466 2511 indicarent,
489 2483 586 2510 quam
611 2475 695 2505 falso
720 2477 850 2505 nomine
875 2476 920 2505 of-

125 2522 263 2550 fendere.
324 2522 527 2557 „Secundum
564 2522 755 2551 Pontificum
792 2530 922 2559 morem,

126 2567 182 2602 qni
212 2567 261 2595 sic
292 2571 479 2600 precantur:
531 2567 675 2601 Iuppiter
711 2568 923 2605 omnipotens,

126 2614 181 2642 vel
210 2620 272 2647 (1110
302 2612 368 2640 allo
398 2612 524 2640 nomine
557 2613 718 2646 appellari
743 2611 923 2642 volueris.“

127 2661 159 2688 S.
199 2658 238 2687 ef.
276 2658 344 2686 Cat.
376 2654 436 2693 34,
459 2655 511 2684 21.
556 2659 631 2685 Hor.
662 2658 696 2686 C.
725 2660 755 2686 S.
786 2656 838 2687 15,
879 2674 923 2678 —-

127 2705 246 2733 Eodem
266 2704 357 2731 modo
375 2703 490 2731 Graeci
509 2705 722 2736 precabantur
747 2704 785 2732 cf.
803 2705 921 2734 Aeson.

127 2752 190 2786 Ag.
225 2746 300 2777 155.
344 2741 452 2784 Ζεὺς,
494 2741 593 2783 ὅστις
626 2741 705 2776 ποτ’
742 2742 855 2787 ἐστίν,
894 2745 928 2778 εἰ

127 2788 205 2825 τόδ’
229 2786 331 2845 αὐτῷ
353 2789 459 2832 φίλον
481 2788 702 2834 κεκλημένῳ,
722 2788 835 2824 τοῦτό
859 2788 925 2824 νιν’

126 2825 368 2890 προςεννέπω.
416 2840 502 2871 Plat.
527 2840 650 2876 Cratyl
675 2848 704 2874 p.
723 2837 838 2869 400E.
867 2834 928 2870 Ἐν

126 2884 209 2921 ταῖς
232 2878 361 2936 εὐχαῖς
378 2878 492 2935 νόμος
515 2881 612 2916 ἐστὶν
628 2877 716 2936 ἡμῖν
741 2878 928 2924 εὔχεσθαι,

129 2925 258 2967 οιτινές
285 2938 324 2960 τε
354 2926 416 2960 καὶ
449 2923 592 2961 οπόθεν
622 2925 814 2981 χαίρουσιν
845 2925 931 2962 ὀνο-

127 2971 344 3028 μαζόμενοι,
388 2974 508 3007 ταῦτα
552 2971 615 3005 καὶ
651 2968 750 3026 ἡμᾶς
791 2969 931 3012 αυτοὺς

128 3022 262 3062 καλεῖν,
288 3031 338 3059 ως
361 3015 450 3053 ἄλλο
475 3017 589 3063 μηδὲν
612 3015 768 3057 εἰδότας.
795 3038 833 3043 -
861 3024 930 3052 Atl-

968 1288 1114 1316 diderunt
1140 1287 1252 1316 etiam:
1296 1282 1369 1314 sive
1393 1283 1495 1320 deus,
1534 1281 1607 1314 sive
1628 1282 1695 1315 dea
1720 1294 1767 1315 cs.
1776 1312 1779 1313 γ

969 1334 1017 1363 Cf.
1041 1335 1122 1362 Gell.
1148 1331 1185 1369 2,
1211 1330 1265 1360 28.
1294 1347 1332 1351 -
1365 1328 1772 1369 ovantescf.10,69o-

1015 1377 1092 1407 578.
1120 1375 1228 1407 Adsis
1250 1377 1289 1407 cf.
1318 1374 1348 1414 1,
1369 1374 1446 1405 734.
1474 1392 1512 1396 —
1538 1374 1668 1406 Sidera
1686 1375 1768 1407 dex*

968 1427 1025 1454 tra
1048 1424 1166 1462 teras,
1192 1424 1342 1459 propitia.
1390 1424 1461 1451 Iam
1485 1431 1564 1452 vero
1590 1423 1619 1451 si
1649 1424 1767 1460 sidera,

970 1480 1012 1500 ex
1046 1478 1181 1505 (1110111111
1209 1473 1276 1498 01111
1309 1474 1338 1497 01
1369 1476 1484 1498 occasu
1510 1469 1601 1497 venti
1632 1478 1768 1504 cognos-

970 1521 1096 1552 cuntur,
1124 1522 1278 1551 prospera
1302 1519 1393 1551 sunt,
1420 1515 1589 1550 navigatio
1612 1523 1768 1550 prospera

971 1563 1030 1599 sit,
1061 1570 1197 1591 necesse
1220 1565 1279 1590 est.
1328 1562 1405 1589 Inde
1429 1561 1475 1597 fit,
1499 1564 1532 1589 ut
1559 1561 1669 1589 sidera
1695 1562 1769 1596 ipsa

970 1609 1122 1637 dicantur
1141 1616 1271 1636 movere
1294 1611 1500 1641 tempestates
1524 1610 1559 1635 ut
1584 1604 1612 1643 1,
1641 1606 1718 1643 535,
1739 1611 1770 1635 et

970 1655 1062 1683 sidus
1098 1654 1141 1682 sit
1171 1662 1227 1688 pro
1254 1656 1443 1687 tempestate
1470 1656 1505 1681 ut
1530 1649 1583 1690 11,
1610 1651 1686 1681 260.
1716 1651 1768 1689 12,

971 1697 1048 1728 451.

1016 1742 1094 1773 579.
1121 1744 1298 1773 Festinatio
1326 1743 1488 1772 indicatur
1520 1747 1549 1772 et
1580 1751 1659 1773 sono
1694 1753 1768 1773 ver-

970 1799 1066 1820 suum
1101 1794 1130 1819 et
1162 1790 1275 1819 multis
1304 1792 1420 1826 rebus,
1456 1796 1540 1824 quas
1574 1794 1671 1819 antea
1702 1790 1768 1818 fieri

969 1845 1104 1867 11000550
1128 1840 1213 1872 erat,
1231 1835 1375 1864 omissis.

1016 1882 1092 1911 580.
1122 1879 1217 1910 Ferit
1242 1881 1280 1910 cf.
1310 1879 1338 1917 1,
1361 1878 1436 1909 103.

1016 1925 1092 1957 581.
1120 1928 1173 1956 Sic
1204 1925 1241 1965 7,
1271 1924 1335 1954 393
1379 1923 1474 1955 Idem
1512 1933 1628 1955 omnes
1665 1923 1770 1956 simul

970 1972 1078 2003 ardor
1107 1970 1199 2013 agit.

1016 2018 1093 2048 582.
1133 2017 1219 2047 latet
1264 2024 1404 2056 aequor.

971 2066 1121 2094 videmus
1141 2064 1326 2093 incedentes
1352 2070 1469 2091 naves.

1015 2109 1091 2139 583.
1125 2107 1277 2139 Caerula
1303 2110 1447 2138 verrunt
1471 2108 1510 2137 cf.
1540 2107 1569 2146 3,
1594 2108 1668 2139 208.

1477 2016 1626 2052 Aequato
1660 2018 1770 2048 ordine

970 2186 1175 2219 584—629.
1223 2184 1363 2216 Aeneae
1389 2183 1532 2217 abeunti
1557 2186 1647 2218 Dido
1675 2187 1768 2219 diras

1259 2230 1481 2272 imprecatur.

1016 2288 1093 2320 584.
1120 2291 1309 2319 Diluculum
1334 2290 1530 2324 descriptum
1553 2290 1591 2318 cf.
1617 2287 1647 2320 7.
1674 2292 1768 2321 Lucr.

971 2335 1008 2375 2,
1042 2335 1104 2365 143
1154 2333 1309 2365 Primum
1351 2334 1490 2364 Aurora
1529 2343 1619 2365 novo
1663 2345 1769 2376 quum

970 2380 1112 2424 spargit
1143 2379 1274 2410 lumine
1300 2382 1425 2411 terras.

1017 2429 1093 2457 585.
1128 2429 1258 2456 Aurora
1305 2427 1495 2463 Tithonum,
1538 2427 1768 2456 Laomedontis

970 2476 1122 2511 fratrem,
1158 2473 1283 2502 amavit
1305 2473 1398 2506 eique
1419 2472 1642 2501 aeternitatem
1667 2474 1769 2511 petiit,

971 2523 1028 2551 sed
1054 2521 1165 2548 omisit
1188 2520 1284 2548 etiam
1315 2521 1501 2552 perpetuam
1528 2526 1620 2547 orare
1652 2519 1770 2548 iuven-

971 2571 1085 2602 tutem3
1116 2567 1190 2594 inde
1215 2572 1317 2593 senex
1341 2563 1522 2598 decrepitus
1547 2564 1675 2600 fingitur
1700 2565 1767 2594 Cic.

972 2613 1041 2642 CM.
1065 2620 1091 2641 c.
1114 2609 1166 2648 17,
1191 2615 1220 2639 et
1243 2610 1334 2639 modo
1360 2618 1426 2638 vox
1450 2611 1651 2638 remansisse
1671 2619 1697 2639 0.
1718 2609 1769 2639 16.

1017 2655 1094 2685 586.
1128 2657 1169 2685 Ut
1206 2654 1357 2695 primum
1402 2656 1465 2682 Mb.
1523 2653 1676 2694 primam
1715 2658 1771 2685 sed

971 2707 1147 2734 correctum
1178 2704 1234 2740 Ργ.
1274 2709 1335 2729 100.
1373 2697 1436 2728 Rb.
1503 2698 1683 2730 Athea-cere
1717 2700 1770 2731 Iu—

973 2758 1048 2778 men
1085 2757 1127 2778 ex
1158 2755 1264 2777 rerum
1303 2749 1419 2774 natura
1451 2746 1543 2774 dixit.
1596 2748 1646 2776 Ita
1676 2748 1771 2777 Caes.

974 2796 1038 2823 BC.
1065 2792 1099 2831 1,
1126 2792 1178 2822 68.
1217 2790 1354 2822 albente
1382 2788 1478 2820 caelo
1503 2800 1619 2821 omncs
1652 2791 1773 2833 copias

974 2838 1099 2870 castris
1131 2836 1258 2867 educit.
1307 2838 1416 2874 „Bene
1446 2839 1531 2867 hanc
1557 2838 1696 2873 primum
1722 2839 1773 2867 in-

975 2886 1061 2914 ducit
1099 2885 1225 2913 vidisse
1260 2884 1504 2920 crepusculum,
1554 2892 1638 2918 quae
1676 2885 1773 2919 quasi

975 2931 1116 2961 amatrix
1139 2934 1205 2958 tota
1230 2930 1430 2965 vigilaverat
1455 2927 1580 2958 nocte.“
1607 2932 1638 2958 S.
1669 2945 1706 2949 —
1738 2927 1771 2959 E

977 2972 1137 3016 speculis,
1162 2984 1204 3005 ex
1230 2976 1313 3004 edito
1338 2976 1407 3004 loco
1431 2975 1537 3011 arcis,
1560 2976 1615 3004 ubi
1639 2975 1772 3011 reginae

976 3023 1074 3051 aedes
1116 3025 1217 3051 erant.
1279 3022 1384 3055 Quum
1422 3021 1483 3050 orti
1523 2997 1587 3049 (1101
1628 3021 1679 3050 bis
1719 3021 1773 3050 fiat
