2023 3350
327 128 407 163 550

327 237 440 277 llaec
478 235 611 274 omnis
650 235 783 287 regio,
820 239 863 275 et
897 235 997 276 celsi
1034 235 1164 289 plaga
1198 238 1323 290 pinea
1358 239 1513 280 montis

878 125 914 155 P.
944 125 1136 157 vtRGtLtt
1164 124 1378 159 MARONJS

1858 241 1939 281 320

327 292 460 334 Cedat
495 291 706 332 amicitiae
743 291 999 333 Teucrorum
1036 297 1078 333 et
1112 292 1293 335 foederis
1338 309 1498 348 aequas

328 350 527 390 Dicamus
559 348 674 401 leges
705 349 928 402 sociosque
966 350 1009 391 in
1042 363 1174 402 regna
1202 364 1416 404 vocemusg

327 405 577 449 Considant.
615 406 650 446 si
688 409 832 447 tantus
873 420 1010 457 amor,
1049 410 1090 447 et
1126 407 1293 448 moenia
1331 410 1526 452 condant.

325 463 399 503 Sin
431 463 537 504 alios
569 461 671 504 fines
707 464 919 517 aliamque
959 477 1184 517 capessere
1217 468 1382 517 gentem

325 520 402 561 Est
432 520 617 567 animus,
655 525 917 573 possuntque
953 521 1042 563 solo
1084 520 1287 562 decedere
1326 526 1492 565 nostro:

1861 525 1942 565 325

325 577 398 618 Bis
428 577 558 618 (lenas
596 578 705 619 Italo
744 582 937 620 texamus
974 578 1130 620 robore
1166 591 1304 627 naves,

326 634 407 676 Seu
442 634 586 688 plures
627 636 838 688 complere
874 636 1028 677 valent.

1086 635 1204 677 Iacet
1239 635 1373 677 omnis
1412 635 1467 677 ad
1501 637 1658 679 undam

325 691 544 743 Materies,
585 693 664 745 ipsi
709 707 1013 746 numerumque
1044 693 1298 746 modumque
1335 692 1490 734 carinis

325 749 616 803 Praecipiant;
658 764 733 791 nos
766 764 883 801 aera,
920 764 1090 799 manus,
1130 750 1300 791 navalia
1334 749 1491 791 demus.

326 806 568 853 Praeterea,
606 807 679 860 qui
713 807 829 849 dicta
864 808 1004 849 ferant
1044 812 1086 849 et
1126 807 1300 849 foedera
1335 807 1515 858 firment,

1864 809 1946 850 330

327 864 504 906 Centum
542 868 734 906 oratores
768 866 907 919 prima
940 865 993 908 de
1030 869 1152 919 gente
1190 865 1366 906 Latinos

326 921 393 962 Ire
429 921 588 975 placet,
627 923 830 977 pacisque
865 937 993 965 manu
1027 921 1307 977 praetendere
1338 934 1494 972 ramos,

325 978 504 1020 Munera
533 983 755 1033 portantes
793 981 972 1034 aurique
1011 980 1237 1033 eborisque
1267 979 1429 1021 talenta

324 1036 380 1077 Et
419 1036 567 1078 sellam
604 1038 723 1090 regni
763 1038 1044 1091 trabeamque
1076 1037 1262 1090 insignia
1301 1036 1449 1078 nostri.

325 1212 504 1246 Vergilium
532 1222 594 1241 non
619 1218 686 1248 post
711 1215 859 1242 durorum
896 1215 1027 1243 collium
1056 1222 1114 1248 ap-

325 1259 529 1291 pellationem
555 1260 803 1294 superposuisse
834 1261 865 1288 in
891 1262 992 1289 altero
1017 1262 1114 1289 verbo

324 1302 514 1340 (pascunt)
540 1305 791 1338 ignavissimum
822 1306 902 1334 illud
928 1309 1031 1345 atque
1055 1303 1114 1334 Ιιο-

325 1356 400 1378 rum
428 1349 590 1384 (ipsorum
615 1352 766 1387 collium]
791 1352 986 1387 asperrima;
1021 1353 1115 1380 debe-

325 1396 378 1423 bat
403 1400 568 1429 praeterea
603 1405 717 1425 eorum
743 1398 823 1431 ttici2
864 1398 1009 1431 idemque
1040 1406 1114 1425 sen—

326 1441 412 1468 sisse
447 1442 538 1470 vides
567 1443 714 1471 Gentium
739 1444 914 1478 Batavum,
954 1443 1113 1471 hominem

326 1486 469 1520 alioquin
493 1488 602 1516 omnia
618 1489 808 1517 coniecturis
826 1497 888 1517 non
907 1489 1115 1525 necessariis,

327 1532 358 1560 id
390 1538 454 1561 est.
492 1533 587 1562 malis
618 1538 868 1568 persequentem.
918 1534 982 1562 Vix
1008 1534 1114 1562 dubito

324 1578 402 1612 quin
435 1584 527 1612 poeta
555 1580 736 1614 scripserit:
782 1577 821 1608 E.
856 1588 893 1615 c.⁷
920 1581 1114 1618 tesqnornm

325 1631 357 1651 a.
385 1623 445 1660 p.·‘
484 1640 528 1643 —
565 1626 720 1653 exercent
747 1621 869 1658 colles‚·
909 1625 956 1654 sic
988 1627 1115 1653 terram

326 1666 355 1697 7.
381 1666 455 1699 749.
479 1677 605 1709 agrum
637 1667 685 1702 10,
713 1667 772 1697 142
801 1670 925 1699 dicitur.

372 1723 446 1753 320.
474 1727 519 1754 Ea
541 1726 627 1761 regio
650 1726 735 1760 pinis
747 1727 938 1754 abundabat.
968 1742 1004 1746 --
1035 1723 1117 1754 celsi

323 1767 437 1809 plaga
462 1769 597 1807 montis.
630 1779 713 1800 nunc
741 1772 840 1799 Monti
863 1772 895 1799 di
922 1772 1052 1801 Decima
1076 1773 1116 1800 ad

324 1816 568 1850 septentrionem
603 1824 720 1845 versus
748 1825 768 1845 a
793 1818 882 1845 silva
917 1817 1117 1845 Laurentina

326 1860 448 1895 (Selva
470 1862 501 1890 di
525 1863 646 1898 Ostia).
681 1878 717 1882 —
742 1863 847 1891 Etiam
873 1865 931 1892 hoc
963 1865 1030 1891 loco
1062 1871 1115 1891 se-

325 1908 432 1941 quitur
456 1908 530 1943 Vgi.
556 1908 699 1937 fabulam
725 1909 900 1944 antiquam.
937 1909 1016 1938 Cato
1029 1909 1115 1937 enim

325 1953 357 1980 in
381 1954 566 1989 Originibus
588 1955 664 1983 dicit
688 1955 846 1983 Troianos
876 1962 896 1983 a
920 1955 1034 1983 Latino
1060 1962 1115 1983 ac-

324 1999 450 2033 cepisse
480 2006 609 2036 agrum,
649 2000 703 2034 qui
733 2004 781 2029 est
810 2001 890 2028 inter
919 2001 1116 2029 Laurentum

325 2049 354 2073 et
391 2049 501 2074 castra
537 2046 688 2074 Troiana.
744 2046 805 2074 Hic
847 2046 945 2074 etiam
985 2047 1116 2074 modum

325 2091 394 2125 agri
423 2095 648 2119 commemorat
682 2091 820 2125 dicitque
853 2100 924 2120 eum
961 2092 1116 2120 habuisse

325 2137 438 2169 iugera
473 2137 565 2165 DCC.
613 2138 699 2173 „Nec
755 2137 909 2166 omissum
961 2138 1002 2165 sit
1052 2138 1118 2166 Ae-

325 2189 419 2211 neam
449 2187 573 2211 aestate
605 2185 644 2211 ab
677 2183 737 2211 Ilio
768 2187 859 2217 capto
890 2184 1047 2219 secunda,
1086 2187 1119 2211 ut

326 2229 466 2257 Hemina
492 2228 598 2266 tradit.
622 2228 722 2257 sociis
738 2237 799 2256 non
822 2229 963 2263 amplius
982 2237 1117 2258 sexcen-

325 2274 377 2309 tis,
402 2275 435 2302 in
459 2282 536 2310 agro
561 2274 716 2302 Laurenti
741 2275 890 2308 posuisse
915 2279 1037 2309 castra;
1062 2274 1118 2302 ubi

326 2321 400 2347 dum
432 2320 659 2355 simulacrum,
701 2321 782 2354 quod
815 2328 921 2349 secum
956 2328 972 2348 e
1004 2320 1119 2349 Sicilia

327 2366 521 2401 advexerat,
560 2365 685 2395 dedicat
728 2366 847 2394 Veneri
887 2366 998 2399 matri,
1036 2373 1118 2400 quae

326 2411 435 2439 Frutis
479 2411 611 2447 dicitur,
669 2418 689 2439 a
735 2411 886 2439 Diomede
932 2412 1119 2440 Palladium

326 2457 472 2494 suscipit,
509 2457 672 2491 tribusque
695 2464 769 2485 mox
796 2457 891 2485 annis
912 2465 984 2486 cum
1002 2458 1117 2486 Latino

327 2507 461 2538 regnam
487 2503 578 2532 socia
602 2506 769 2537 potestate.
794 2503 978 2538 quingentis
998 2503 1119 2539 iugeri-

329 2551 388 2577 bus
414 2550 454 2577 ab
474 2557 511 2577 eo
535 2545 699 2583 acceptis“
724 2549 788 2576 Sol.
815 2546 845 2578 2.
874 2545 923 2577 14.

373 2602 447 2633 321.
477 2602 587 2634 Cedat
599 2601 786 2633 amicitiae.
798 2605 996 2639 permittatur
1006 2604 1120 2634 Troia-

327 2651 396 2685 nis,
437 2651 552 2680 amicis
584 2650 690 2679 factis.
752 2652 820 2678 Non
857 2652 929 2679 vult
961 2659 996 2679 se
1016 2651 1121 2685 ,ipsos

329 2696 434 2725 dicere
456 2697 580 2731 victos,
617 2696 671 2724 sed
697 2696 854 2724 Troianos
892 2703 911 2725 a
948 2704 983 2725 se
1007 2698 1121 2725 volen-

328 2742 413 2770 tibus
440 2742 473 2770 in
495 2741 671 2771 amicitiam
704 2745 864 2777 receptos,
898 2746 932 2770 ut
967 2742 991 2770 ii
1027 2742 1122 2777 quasi

329 2787 513 2817 beneficium
537 2787 704 2821 accepisse
726 2787 907 2816 videantur.
933 2802 970 2807 —-
990 2795 1122 2827 aequae

328 2830 424 2873 leges
448 2837 482 2862 ut
506 2830 536 2870 4,
560 2830 637 2860 520.

375 2887 449 2917 324.
473 2890 568 2918 Ponit
591 2890 634 2923 id,
671 2889 753 2923 quod
777 2889 846 2923 ipse
869 2890 935 2919 fore
961 2897 1024 2918 non
1050 2898 1117 2918 cre-

328 2935 382 2968 dit,
413 2936 467 2964 sed
496 2937 567 2964 vult
582 2936 687 2963 Turno
709 2937 910 2969 persuadere,
936 2937 995 2964 hoc
1020 2935 1118 2964 etiam

329 2987 424 3013 posse
448 2981 531 3017 fieri,
576 2984 608 3008 ut
646 2981 818 3009 abscedere
847 2981 978 3017 malim,
1019 2988 1117 3015 quam

329 3025 442 3053 invitis
473 3034 508 3055 se
540 3026 740 3061 coniungere.
787 3041 823 3045 —
880 3028 1020 3067 gentem
1045 3027 1068 3055 i.
1089 3035 1116 3055 e.

1161 1218 1276 1241 terram
1302 1213 1408 1248 gentis
1434 1211 1472 1240 cf.
1493 1207 1519 1246 1,
1544 1208 1629 1246 5333
1654 1204 1832 1246 simplicior
1844 1214 1949 1239 tamen

1160 1263 1208 1287 est
1232 1258 1313 1287 ratio
1338 1258 1501 1292 accipere:
1528 1255 1562 1284 Si
1578 1257 1662 1285 alios
1687 1257 1765 1286 fines
1782 1256 1949 1295 (terram),

1160 1305 1261 1333 aliam
1283 1308 1417 1341 gentem,
1443 1303 1475 1331 in
1497 1309 1561 1338 qua
1585 1303 1711 1341 vivant,
1733 1307 1900 1338 quaerunt.

1207 1360 1281 1390 325.
1306 1364 1469 1400 possunt:

1159 1411 1253 1443 trare,
1286 1412 1319 1436 ut
1343 1416 1374 1436 v.
1400 1405 1475 1436 307.

1207 1462 1282 1493 326.
1313 1461 1439 1494 'I'exere
1463 1464 1501 1494 cf.
1529 1461 1559 1501 2,
1590 1461 1640 1492 16.

1208 1518 1284 1550 327.
1310 1519 1479 1561 complere
1503 1522 1676 1557 proprium,
1707 1521 1746 1551 cf.
1770 1521 1863 1550 Caes.
1885 1522 1950 1551 Bc.

1166 1563 1193 1604 l,
1229 1565 1281 1595 56.
1321 1567 1367 1595 ita
1407 1560 1582 1606 πλήρωμα
1615 1569 1817 1597 Graecorum.
1865 1568 1952 1596 Iacet

1163 1612 1286 1648 omnis.
1321 1619 1386 1647 qua
1409 1621 1489 1647 opus
1515 1621 1588 1642 esse
1610 1617 1727 1649 potest,
1766 1613 1806 1641 ad
1831 1614 1949 1642 undam

1162 1658 1329 1693 materies3
1355 1659 1461 1693 itaque
1486 1658 1582 1688 facile
1606 1659 1852 1693 praestabimus.

1512 1362 1542 1391 si
1575 1365 1709 1397 possunt
1738 1367 1758 1389 a
1788 1368 1825 1390 se
1851 1360 1950 1396 impe-

1210 1712 1284 1742 328.
1309 1715 1519 1744 Troianorum
1542 1723 1647 1744 naves
1675 1716 1707 1745 in
1735 1717 1857 1751 proelio
1881 1725 1952 1752 per-

1163 1760 1248 1788 ditae
1271 1764 1362 1788 erant
1384 1761 1422 1789 cf.
1441 1758 1470 1797 9,
1491 1758 1565 1789 120.
1593 1776 1630 1780 —
1653 1758 1815 1790 materies
1840 1763 1951 1791 eadem

1162 1805 1264 1833 forma
1288 1812 1339 1840 ap.
1363 1807 1437 1834 Hor.
1452 1807 1520 1835 ΑΡ.
1544 1804 1600 1834 131
1632 1814 1688 1841 pro
1713 1807 1842 1843 vulgari
1875 1817 1950 1837 ma-

1163 1847 1262 1880 teria.

1209 1894 1284 1925 329.
1313 1904 1412 1934 aera,
1440 1897 1558 1932 quibus
1580 1904 1660 1931 opus
1684 1901 1734 1927 est
1757 1897 1790 1926 in
1812 1899 1954 1928 navibus

1162 1941 1202 1971 cf.
1229 1938 1258 1977 1,
1285 1940 1336 1971 35.
1373 1951 1508 1978 manus,
1537 1950 1651 1978 operas
1674 1943 1728 1978 qui
1755 1948 1952 1974 construant.

1161 1988 1215 2016 [lli
1245 1989 1370 2025 dicant,
1406 1992 1481 2023 quot
1516 1993 1546 2017 et
1575 1997 1637 2024 quo
1668 1991 1758 2019 modo
1790 1990 1853 2018 sibi
1887 1990 1954 2020 fieri

1162 2041 1266 2062 naves
1292 2034 1405 2069 velint,
1431 2042 1490 2063 nos
1514 2038 1543 2063 et
1567 2042 1695 2070 operam
1722 2039 1752 2064 et
1772 2043 1856 2070 quae
1872 2043 1952 2072 opus

1163 2084 1235 2107 sunt
1262 2084 1471 2114 praestemus.
1515 2096 1553 2100 —
1597 2077 1783 2116 „Navalia
1813 2089 1865 2111 res
1894 2089 1954 2111 na-

1163 2127 1258 2154 vales
1286 2129 1363 2153 sunt
1387 2125 1409 2154 i.
1433 2134 1459 2154 e.
1483 2126 1550 2164 pix,
1575 2133 1660 2161 cera,
1691 2126 1798 2163 funes,
1823 2129 1899 2157 vela
1923 2132 1952 2157 et

1166 2171 1234 2199 alia
1258 2170 1477 2201 huiusmodi.“
1503 2173 1534 2200 S.
1559 2171 1593 2200 in
1619 2173 1694 2206 alqt.
1739 2174 1789 2201 Ita
1819 2175 1955 2203 materia

1165 2217 1300 2251 reliquis
1326 2219 1434 2253 rebus,
1470 2215 1587 2252 quibus
1610 2217 1814 2248 instruuntur
1838 2226 1953 2258 navem,

1166 2263 1335 2297 opponitur
1357 2270 1408 2297 ap.
1429 2263 1515 2292 Curt.
1542 2259 1593 2300 10,
1622 2261 1649 2299 1,
1678 2261 1727 2292 19.

1209 2317 1284 2348 331.
1310 2321 1442 2348 centurn
1473 2317 1587 2358 prima
1616 2317 1657 2348 de
1680 2321 1804 2360 gente.-
1835 2323 1896 2359 „nt
1914 2330 1956 2351 ex

1163 2373 1295 2393 numero
1317 2369 1345 2393 et
1369 2373 1410 2394 ex
1434 2366 1602 2394 nobilitate
1623 2367 1804 2401 legatorum
1832 2366 1955 2396 intelli-

1163 2410 1248 2446 gitur
1280 2411 1399 2447 negotii
1421 2409 1641 2447 magnitudo.“
1671 2413 1703 2440 S.
1754 2412 1802 2441 De
1827 2417 1954 2442 centum

1163 2456 1346 2485 oratoribus
1381 2456 1418 2485 cf.
1445 2455 1475 2492 7,
1506 2453 1582 2486 153.
1629 2459 1741 2486 Nonne
1773 2460 1803 2486 h.
1830 2459 1852 2487 l.
1877 2459 1952 2495 Vgl.

1162 2502 1304 2536 respexit
1349 2503 1459 2531 verbis
1506 2500 1622 2541 prima
1674 2500 1715 2530 de
1763 2505 1868 2543 gente
1914 2505 1955 2533 ad

1164 2548 1345 2583 Rhamnes,
1382 2556 1514 2583 quorum
1561 2556 1602 2577 ex
1629 2548 1770 2585 singulis
1806 2549 1956 2585 gentibus

1166 2592 1312 2627 (centum
1323 2595 1431 2630 erant]
1448 2594 1569 2628 singuli
1585 2594 1658 2624 lecti
1674 2597 1908 2632 suntoratoreS,
1920 2599 1955 2624 ut

1164 2639 1260 2668 etiam
1271 2639 1302 2667 in
1318 2639 1438 2668 talibus
1445 2641 1592 2669 Romana
1605 2640 1645 2668 ad
1654 2639 1802 2669 instituta
1809 2641 1956 2670 alludat?

1213 2693 1289 2723 332.
1313 2693 1414 2734 pacis
1438 2704 1554 2725 ramos
1580 2695 1618 2726 cf.
1641 2694 1671 2734 7,
1698 2693 1774 2725 152.

1211 2751 1286 2781 3:33.
1312 2750 1490 2791 eborisque
1519 2749 1654 2782 talenta
1678 2753 1776 2790 „quia
1815 2756 1844 2781 et
1875 2755 1954 2782 ebur

1168 2800 1206 2827 ad
1244 2799 1366 2833 pondus
1399 2794 1582 2827 venditur.“
1607 2799 1637 2826 S.
1676 2794 1726 2827 Pl.
1756 2801 1862 2827 tamen
1893 2799 1954 2828 im-

1166 2846 1274 2879 probat
1302 2840 1412 2873 eboris
1435 2845 1557 2872 talenta
1590 2843 1763 2878 scribitque
1795 2841 1956 2884 acrisque

1164 2887 1311 2919 talenta.

1208 2933 1284 2964 334.
1314 2931 1410 2963 Sella
1449 2930 1579 2963 curulis
1607 2933 1638 2961 et
1677 2929 1799 2961 trabea
1827 2933 1956 2969 imperii

1163 2981 1290 3018 insigne
1332 2981 1416 3016 apud
1455 2981 1617 3008 Romanos
1661 2977 1720 3013 (cf.
1751 2980 1789 3008 de
1821 2982 1952 3010 trabeae

1163 3026 1263 3056 forma
1284 3030 1316 3055 et
1344 3033 1404 3055 usu
1429 3022 1460 3062 7,
1475 3021 1570 3060 612.)
1595 3025 1772 3055 traductum
1795 3032 1816 3054 a
1836 3026 1954 3057 Tuscis
