2023 3350
694 112 930 146 AENEIDOS
957 115 1042 146 LIB.
1073 115 1120 147 ΙΙ.

84 226 269 278 Funera,
315 229 414 280 post
449 225 591 268 varios
629 226 934 281 hominumque
966 227 1173 282 urbisque
1209 227 1380 270 labores

85 283 253 326 Defessi
294 284 584 338 adspicimus?
630 298 741 339 quae
778 299 932 327 caussa
969 286 1146 339 indigna
1185 299 1356 328 serenos

85 342 295 384 Foedavit
332 341 504 383 voltus?
552 345 629 383 aut
664 355 740 383 cur
778 342 887 385 haec
921 344 1096 385 volnera
1129 344 1285 385 cerno?

84 400 163 441 Ille
200 399 323 451 nihil,
365 413 442 441 nec
477 413 544 441 me
587 404 866 454 quaerentem
900 415 1010 442 vana
1051 404 1257 454 moratur,

86 457 169 499 Sed
204 457 392 511 graviter
423 458 606 510 gemitus
645 458 731 499 imo
766 458 818 500 (16
855 462 1028 512 pectore
1069 459 1238 509 ducens,

84 515 179 556 Heu
215 515 333 568 fuge,
376 519 477 556 nate
515 515 614 567 dea,
656 520 785 569 teque
818 516 905 568 his,
944 517 1023 567 ait,
1069 517 1187 571 eripe
1220 516 1414 558 flammis.

84 572 232 614 Hostis
270 572 402 614 habet
438 586 605 625 muros3
651 574 740 615 ruit
776 574 866 616 alto
902 588 927 615 a
964 575 1146 616 culmine
1182 574 1321 616 Troia.

1638 576 1719 614 290

84 630 160 672 Sat
198 631 366 684 patriae
408 631 663 685 Priamoque
697 631 858 674 datum.
917 632 961 674 Si
994 632 1204 686 Pergama
1239 632 1392 674 dextra

82 688 265 730 Defendi
302 693 495 742 possent,
538 689 667 731 etiam
701 690 782 732 hac
822 689 997 732 defensa
1034 690 1227 731 fuissent.

84 746 217 788 Sacra
253 761 437 801 suosque
470 746 551 788 tibi
587 748 858 790 commendat
888 748 1017 789 Troia
1047 748 1248 798 Penates,

83 804 175 846 Hos
209 818 314 859 cape
351 805 540 846 fatorum
576 806 772 857 comites,
816 806 882 847 his
916 806 1084 847 moenia
1112 818 1282 859 quaere,

82 862 241 916 Magna
283 866 506 917 pererrato
544 867 708 905 statues
748 877 858 918 quae
898 862 1081 917 denique
1117 866 1266 916 ponto.

1637 863 1659 901 10

1666 862 1688 900 tc>

1696 863 1718 900 C(

85 920 154 962 Sic
191 921 269 971 ait,
313 924 355 962 et
393 920 591 962 manibus
625 921 755 963 vittas
792 922 1054 973 Vestamque
1089 924 1312 974 potentem

83 979 400 1032 Aeternumque
439 978 580 1033 adytis
617 977 740 1020 effert
767 978 1060 1032 penetralibus
1097 978 1250 1031 ignem.

197 1036 375 1078 Diverso
411 1036 576 1078 interea
610 1037 842 1078 miscentur
877 1036 1047 1077 moenia
1079 1034 1209 1086 luctu,

82 1093 139 1134 Et
176 1094 312 1147 magis
348 1097 479 1147 atque
515 1094 670 1147 magis,
714 1107 975 1147 quamquam
1015 1096 1182 1134 secreta
1215 1089 1407 1145 parentis

83 1151 296 1193 Anchisae
334 1151 484 1192 domus
519 1150 834 1204 arboribusque
876 1150 1050 1192 obtecta
1088 1149 1275 1199 recessit,

1640 1148 1720 1186 300

85 1209 337 1251 Clarescunt
374 1209 539 1250 sonitus
571 1222 877 1262 armorumque
912 1208 1074 1262 ingruit
1110 1207 1278 1249 horror.

83 1387 195 1415 Claud.
219 1386 258 1414 R.
277 1387 313 1415 P.
339 1387 365 1415 Ι.
392 1382 456 1413 105
485 1382 531 1414 Te
555 1381 678 1424 recipit
703 1386 781 1424 post
807 1381 879 1420 ful—

82 1430 179 1460 mina
198 1430 330 1470 fessum
358 1428 456 1462 luno.

129 1475 205 1506 287.
232 1474 291 1506 ille
312 1474 401 1506 nihil
418 1477 565 1511 ..scilicet
586 1477 625 1505 311
652 1476 879 1509 interrogata-u

83 1526 115 1552 S.
145 1539 182 1543 —-
211 1532 304 1552 vana
329 1527 564 1563 quaerentem,
590 1530 675 1551 nunc
699 1522 829 1551 inutilia
852 1527 881 1550 61

84 1576 204 1598 11131113.

129 1613 205 1643 288.
233 1614 334 1644 Gemit
362 1615 399 1643 de
425 1615 549 1649 patriae
574 1614 716 1648 interitu,
743 1618 773 1642 et
797 1614 878 1647 quod

82 1662 136 1691 vir
153 1661 243 1690 fortis
263 1661 336 1689 forti
359 1660 431 1689 viro
451 1660 561 1697 fugam
585 1661 721 1689 suadere
744 1660 876 1693 cogitur.

82 1709 195 1742 Itaque
231 1706 366 1741 erumpit
403 1707 511 1735 statim
548 1707 668 1740 gemitu
701 1702 813 1743 (heu)
849 1710 878 1733 et

83 1753 303 1782 tristissimam
334 1761 446 1781 vocem
476 1753 649 1788 praemittit
679 1748 815 1791 (fuge)
850 1756 878 1780 et

82 1800 117 1828 in
140 1801 223 1828 uate
251 1797 317 1827 dea
347 1800 472 1827 nullam
504 1799 567 1827 sibi
600 1806 673 1827 esse
697 1798 816 1826 indicat
843 1799 880 1826 de

83 1846 216 1874 Aeneae
239 1845 357 1874 virtute
381 1844 618 1873 dubitationem.

130 1889 205 1919 290.
231 1888 304 1919 alto
330 1887 479 1918 culmine
500 1891 534 1918 F.
567 1905 611 1909 —
637 1887 710 1918 alto
731 1885 881 1917 culmine

83 1938 126 1965 M.
152 1940 232 1965 teste
263 1932 348 1975 Wg.
374 1933 447 1964 alto
471 1944 492 1964 a
518 1936 610 1963 MPR
641 1940 719 1963 teste
744 1931 879 1973 Rb.(!)

87 1998 125 2002 —
154 1979 230 2010 alta
256 1989 277 2009 a
305 1978 453 2009 culmine
486 1983 618 2017 elegans
649 1985 696 2009 est
726 1981 881 2008 Dorvillii

84 2028 284 2061 coniectura3
308 2035 369 2055 rec.
393 2023 480 2066 ltfg.
514 2027 567 2055 sic
590 2027 664 2054 Hor.
689 2026 723 2055 C.
751 2024 780 2061 4,
804 2024 834 2062 6,
860 2024 878 2053 3

89 2071 214 2102 Troiae
256 2069 365 2101 victor
400 2069 495 2100 altae
535 2069 683 2101 Phthius
714 2068 878 2100 Achilles.

84 2121 146 2148 Sed
170 2120 261 2147 Hom.
285 2119 323 2147 Il.
352 2115 405 2147 13.
431 2115 496 2145 772
535 2113 602 2146 νῦν
633 2109 743 2145 ὤλετο
777 2112 878 2144 πᾶσα

83 2156 161 2194 κατ’
183 2155 412 2202 ἅκρηςἼλιος
436 2156 592 2202 αἰπεινή.
640 2163 750 2191 Acron
772 2167 878 2190 autem

83 2212 124 2240 ad
158 2210 284 2239 Horatii
315 2211 422 2239 locum
454 2210 499 2238 ita
527 2209 615 2238 affert
649 2213 808 2241 nostrum,
845 2212 879 2236 ut

83 2257 248 2293 probabile
279 2256 338 2290 sit,
373 2263 445 2284 eum
481 2251 557 2284 alta
589 2255 727 2291 legisse,
766 2261 879 2288 quam-

83 2310 181 2338 quam
201 2303 234 2330 in
258 2302 352 2330 6111115
377 2306 461 2331 certe
485 2306 531 2329 est
557 2297 640 2330 alto.

130 2345 205 2376 291.
236 2346 300 2376 Sat
330 2345 471 2386 patriae
506 2344 712 2385 Priamoque
746 2342 881 2381 datum,

88 2394 128 2424 cf.
156 2391 208 2430 11,
235 2391 300 2422 288
325 2401 372 2428 sq.
409 2393 546 2422 Α11611116
569 2396 689 2427 quanta
714 2394 793 2420 haec
813 2396 882 2420 arte

84 2440 262 2474 composita
286 2439 367 2472 sint:
393 2440 524 2476 Hector,
551 2439 604 2467 vir
630 2438 827 2466 fortissimus
852 2442 881 2465 et

84 2486 210 2521 patriae
253 2485 515 2522 amantissimus,
562 2488 694 2513 testatur
734 2484 881 2512 Aeneam

86 2531 194 2560 omnia
218 2530 343 2566 patriae
367 2531 587 2565 praestitisse,
612 2530 795 2558 fortitudine
815 2530 881 2558 13111

85 2578 119 2606 in
149 2580 228 2606 urbe
259 2580 402 2606 cremata
435 2577 519 2604 nihil
553 2576 680 2612 profici,
717 2582 737 2604 a
776 2576 881 2610 patria

85 2624 159 2658 ipsa
195 2630 291 2651 sacra
324 2623 454 2650 deorum
486 2622 516 2650 ei
547 2620 779 2655 commendari;
818 2621 881 2649 diis

84 2669 264 2698 Penatibus
306 2674 426 2696 novam
472 2668 579 2696 sedem
623 2675 696 2696 eum
737 2667 882 2695 conditu-

85 2723 173 2752 rum,
217 2715 264 2743 ita
303 2717 337 2742 ut
381 2713 479 2742 Troia
522 2717 722 2742 renascatur.
778 2713 882 2741 Simul

85 2761 171 2790 effert
196 2761 270 2795 ipsa
293 2766 398 2788 sacra.

131 2804 206 2835 293.
234 2813 336 2835 sacra
366 2811 514 2843 suosque
544 2805 700 2844 penates.
746 2804 792 2832 De
826 2805 883 2832 311-

85 2853 203 2882 iectivo
228 2853 269 2881 ad
290 2852 351 2880 duo
377 2852 533 2879 translato
556 2850 762 2879 substantiva
787 2850 825 2879 cf.
847 2847 878 2887 4,

85 2896 162 2927 588.
189 2914 227 2918 —
254 2899 301 2926 De
325 2897 499 2926 Penatibus
522 2895 560 2924 cf.
588 2894 618 2932 3,
638 2893 690 2924 12.

131 2942 206 2972 295.
239 2940 379 2973 Moenia
402 2943 556 2971 statuere
583 2939 611 2976 1,
639 2939 715 2970 573.
750 2938 780 2978 4,
803 2939 878 2970 655.

86 2994 117 3019 et
150 2991 236 3025 apud
268 2989 361 3018 alios.
408 3003 445 3008 —
483 2989 584 3023 Iunge
618 2995 708 3027 quae
743 2995 879 3028 magna

86 3037 228 3075 statuet,
251 3043 338 3074 „non
360 3035 448 3064 enim
471 3040 591 3070 magna
613 3033 741 3062 moenia
764 3034 880 3063 inven-

925 1389 1031 1414 turum
1061 1384 1227 1423 promittit,
1257 1383 1314 1411 5611
1339 1388 1455 1417 magna
1483 1380 1659 1408 sariuntur·
1688 1382 1718 1407 S.

931 1430 978 1460 Cf.
1007 1429 1035 1460 3.
1061 1428 1136 1459 160.

1480 1472 1600 1499 Vitiata
1634 1471 1720 1499 6111111

1665 1518 1719 1544 sou

974 1474 1049 1504 296.
1075 1473 1184 1505 vittas
1216 1484 1260 1504 sc.
1294 1474 1425 1502 Vestae.

928 1527 1002 1551 sunt
1027 1523 1157 1551 deorum
1181 1522 1374 1550 simulacra.
1414 1518 1452 1547 cf.
1481 1515 1510 1545 3.
1543 1515 1621 1546 174:

927 1576 985 1597 ara
1012 1569 1108 1597 etiam
1133 1568 1226 1596 festis
1255 1567 1366 1595 diebus
1397 1564 1488 1593 vitus
1519 1564 1624 1591 1311615
1653 1564 1720 1591 cin-

925 1617 1068 1648 gebatur.
1103 1614 1150 1643 Cf.
1177 1615 1270 1648 Pron.
1299 1610 1329 1641 4.
1354 1610 1384 1646 6,
1410 1610 1439 1638 11.
1462 1625 1498 1628 —-
1525 1610 1627 1637 Vesta
1651 1617 1720 1637 cuin

925 1661 999 1697 igne
1026 1665 1154 1689 aeterno
1176 1660 1208 1688 in
1229 1658 1359 1687 Italiam
1380 1659 1418 1685 ab
1444 1657 1574 1689 Aenea,
1605 1656 1716 1683 deindo

926 1707 1066 1735 Lavinio
1090 1707 1211 1735 Albam
1230 1706 1377 1738 Longam
1396 1706 1435 1731 ab
1457 1701 1619 1733 Ascanio,
1653 1706 1720 1735 post

926 1753 1013 1781 Alba
1043 1754 1178 1781 Romam
1212 1759 1232 1780 3
1268 1752 1362 1779 Τ11110
1392 1749 1530 1777 Hostilio
1563 1749 1719 1775 translata

927 1799 1050 1827 dicitnr.
1086 1814 1123 1818 —
1157 1799 1245 1827 Deae
1275 1802 1382 1825 autem
1408 1795 1619 1823 simulacrum
1643 1802 1721 1821 11115-

926 1852 1022 1880 quam
1055 1845 1194 1879 exstitit,
1232 1844 1288 1872 sed
1329 1843 1402 1876 igne
1439 1845 1562 1869 tantum
1596 1840 1722 1867 videtui·

926 1891 1110 1925 significari.
1139 1890 1186 1920 Cf.
1209 1897 1291 1924 quae
1315 1889 1352 1916 116
1370 1887 1517 1915 Ρ31131110
1541 1886 1622 1914 dicta
1647 1890 1721 1913 sunt

930 1934 1002 1964 164.

973 1980 1049 2010 297.
1075 1978 1285 2021 penetralis,
1314 1981 1468 2008 internus.
1517 1979 1566 2006 Ita
1592 1976 1622 2006 4.
1645 1974 1721 2005 504.

927 2030 962 2056 G.
1000 2026 1034 2064 1,
1059 2025 1134 2055 379.
1183 2028 1249 2056 Cic.
1279 2027 1316 2054 de
1349 2027 1425 2054 Har.
1458 2032 1540 2058 resp.
1576 2021 1616 2050 27
1648 2020 1723 2061 foci

921 2070 1132 2111 penetrales.
1158 2074 1225 2101 ΝΒ.
1243 2070 1273 2105 2,
1286 2070 1327 2100 27
1354 2067 1551 2111 penetrales
1576 2067 1626 2097 11ἰί
1663 2070 1721 2097 Or.

923 2121 965 2146 M.
994 2117 1043 2154 13,
1071 2116 1136 2146 337
1164 2116 1307 2158 signum
1330 2113 1510 2157 penetrale
1533 2112 1722 2143 Minervae.

926 2195 1142 2227 295—317.
1193 2192 1361 2225 Tumultu
1399 2200 1566 2224 excussus
1599 2202 1721 2223 somno

1146 2239 1283 2271 Aeneas
1317 2247 1354 2269 se
1385 2242 1505 2269 armat.

973 2297 1048 2327 298.
1081 2295 1271 2327 Miscentur
1295 2294 1431 2326 moenia
1454 2293 1568 2331 luctu,
1595 2296 1638 2324 ita
1663 2293 1723 2324 do-

927 2354 1001 2373 mus
1029 2342 1163 2384 gemitu
1198 2341 1280 2379 486,
1324 2344 1449 2372 caelum
1485 2349 1658 2369 murmure
1692 2338 1722 2373 4,

931 2390 1012 2423 160,
1058 2397 1188 2430 aequor
1225 2386 1434 2418 clamoribus
1469 2384 1545 2416 411.
1599 2387 1724 2415 Dicitur

926 2438 1022 2465 etiam
1047 2433 1187 2465 miscere
1206 2431 1354 2475 proelia,
1376 2431 1534 2471 vulnera,
1560 2429 1723 2460 incendia

929 2481 1003 2511 3:29.
1055 2482 1101 2510 Cf.
1132 2481 1158 2516 l,
1188 2479 1262 2510 134.
1287 2496 1325 2500 —
1352 2477 1489 2508 diverso
1513 2478 1551 2507 cf.
1576 2476 1605 2515 3,
1632 2475 1651 2505 4
1675 2482 1723 2506 est

926 2531 996 2557 loco
1022 2530 1115 2564 longe
1141 2532 1269 2556 remoto.

975 2573 1049 2602 300.
1075 2575 1206 2602 secreta
1231 2569 1371 2601 recessit
1397 2571 1435 2599 cf.
1461 2567 1491 2605 4,
1513 2567 1566 2598 22.
1617 2566 1722 2598 Rece-

929 2618 1008 2649 dere
1036 2624 1064 2648 61
1090 2627 1242 2648 recessus
1266 2618 1398 2652 saepius
1427 2618 1465 2644 de
1486 2616 1585 2651 locis,
1617 2616 1665 2644 sic
1690 2613 1721 2651 8,

931 2664 1004 2695 193.
1027 2681 1065 2685 ——-
1095 2662 1262 2694 Anchisae
1287 2661 1418 2691 domus.
1446 2662 1554 2697 „Satis
1571 2662 1723 2695 religiose

928 2713 1010 2741 locis
1032 2712 1189 2740 omnibns.
1210 2709 1362 2744 quamdiu
1386 2708 1470 2737 vixit
1494 2707 1667 2742 Anchises,
1692 2708 1722 2735 61

932 2759 1089 2787 universa
1111 2757 1263 2790 concedit.
1288 2760 1319 2784 ut
1345 2755 1410 2783 alio
1435 2753 1526 2782 loco“
1550 2752 1602 2792 (3,
1628 2751 1669 2789 9)
1689 2755 1720 2781 S.

975 2802 1051 2832 301.
1084 2801 1280 2832 Clarescere
1305 2805 1337 2829 ut
1362 2803 1392 2828 11.
1416 2801 1437 2828 1.
1463 2799 1589 2828 sonitus
1608 2799 1723 2828 dicitur

928 2850 1025 2878 etiam
1051 2857 1118 2878 vox
1139 2853 1166 2877 61
1191 2848 1289 2881 tibia;
1324 2847 1369 2875 ita
1389 2854 1456 2874 vox
1481 2847 1572 2875 clara
1596 2845 1721 2878 dicitur,

925 2892 1033 2924 heller
1056 2892 1146 2928 Τοη,
1173 2891 1282 2922 61705
1306 2889 1435 2921 clarior
1455 2892 1541 2928 ignis
1564 2889 1722 2920 auditur.

926 2942 1044 2970 Contra
1072 2939 1122 2974 10,
1148 2937 1190 2967 98
1222 2943 1296 2967 sunt
1326 2945 1429 2966 caeca
1455 2944 1646 2966 murmura.
1680 2951 1718 2955 —

926 2989 1029 3016 Multa
1067 2991 1174 3015 autem
1207 2987 1308 3013 verba
1342 2983 1474 3013 videndi
1505 2984 1545 3012 ad
1578 2982 1721 3011 auditum

925 3033 1114 3062 referuntur.
1171 3031 1224 3060 Sic
1261 3030 1376 3060 dicitur
1412 3027 1450 3066 4,
1481 3026 1546 3057 490
1584 3025 1722 3068 mugire
