<?xml version="1.0" encoding="UTF-8"?>
<!DOCTYPE html PUBLIC "-//W3C//DTD XHTML 1.0 Transitional//EN"
    "http://www.w3.org/TR/xhtml1/DTD/xhtml1-transitional.dtd">
<html xmlns="http://www.w3.org/1999/xhtml" xml:lang="en" lang="en">
 <head>
  <title>
</title>
<meta http-equiv="Content-Type" content="text/html;charset=utf-8" />
  <meta name='ocr-system' content='tesseract 3.04.00' />
  <meta name='ocr-capabilities' content='ocr_page ocr_carea ocr_par ocr_line ocrx_word'/>
</head>
<body>
  <div class='ocr_page' id='page_1' title='image "aeneisvi00virguoft_0262.png"; bbox 0 0 2023 3350; ppageno 0'>
   <div class='ocr_carea' id='block_1_1' title="bbox 165 131 1231 173">
    <p class='ocr_par' dir='ltr' id='par_1_1' title="bbox 165 131 1231 173">
     <span class='ocr_line' id='line_1_1' title="bbox 165 131 1231 173; baseline -0.006 0"><span class='ocrx_word' id='word_1_1' title='bbox 165 133 246 173; x_wconf 80' lang='grc'>236</span> <span class='ocrx_word' id='word_1_2' title='bbox 734 131 769 163; x_wconf 89' lang='grc' dir='ltr'><strong>Ρ.</strong></span> <span class='ocrx_word' id='word_1_3' title='bbox 797 131 993 165; x_wconf 85' lang='lat' dir='ltr'>VIRGILII</span> <span class='ocrx_word' id='word_1_4' title='bbox 1020 132 1231 168; x_wconf 79' lang='lat' dir='ltr'>MARONIS</span> 
     </span>
    </p>
   </div>
   <div class='ocr_carea' id='block_1_2' title="bbox 163 242 1452 354">
    <p class='ocr_par' dir='ltr' id='par_1_2' title="bbox 163 242 1452 354">
     <span class='ocr_line' id='line_1_2' title="bbox 163 242 1452 300; baseline 0.004 -15"><span class='ocrx_word' id='word_1_5' title='bbox 163 244 244 285; x_wconf 88' lang='lat' dir='ltr'>Hic</span> <span class='ocrx_word' id='word_1_6' title='bbox 279 242 426 284; x_wconf 86' lang='lat' dir='ltr'>Nisus:</span> <span class='ocrx_word' id='word_1_7' title='bbox 476 242 520 285; x_wconf 81' lang='lat' dir='ltr'>Si</span> <span class='ocrx_word' id='word_1_8' title='bbox 558 245 701 294; x_wconf 88' lang='lat' dir='ltr'>tanta,</span> <span class='ocrx_word' id='word_1_9' title='bbox 746 243 904 298; x_wconf 89' lang='lat' dir='ltr'>inquit,</span> <span class='ocrx_word' id='word_1_10' title='bbox 951 248 1051 287; x_wconf 87' lang='lat' dir='ltr'>sunt</span> <span class='ocrx_word' id='word_1_11' title='bbox 1085 247 1280 300; x_wconf 89' lang='lat' dir='ltr'>praemia</span> <span class='ocrx_word' id='word_1_12' title='bbox 1316 247 1452 300; x_wconf 87' lang='lat' dir='ltr'>victis,</span> 
     </span>
     <span class='ocr_line' id='line_1_3' title="bbox 164 300 1303 354; baseline 0.005 -13"><span class='ocrx_word' id='word_1_13' title='bbox 164 302 220 342; x_wconf 86' lang='lat' dir='ltr'>Et</span> <span class='ocrx_word' id='word_1_14' title='bbox 256 304 298 342; x_wconf 93' lang='lat' dir='ltr'>te</span> <span class='ocrx_word' id='word_1_15' title='bbox 331 300 553 353; x_wconf 90' lang='lat' dir='ltr'>lapsorum</span> <span class='ocrx_word' id='word_1_16' title='bbox 594 300 787 352; x_wconf 78' lang='lat' dir='ltr'>miseret,</span> <span class='ocrx_word' id='word_1_17' title='bbox 831 315 942 354; x_wconf 90' lang='lat' dir='ltr'>quae</span> <span class='ocrx_word' id='word_1_18' title='bbox 982 317 1162 346; x_wconf 88' lang='lat' dir='ltr'>munera</span> <span class='ocrx_word' id='word_1_19' title='bbox 1199 305 1303 347; x_wconf 90' lang='lat' dir='ltr'>Niso</span> 
     </span>
    </p>
   </div>
   <div class='ocr_carea' id='block_1_3' title="bbox 161 357 1806 518">
    <p class='ocr_par' dir='ltr' id='par_1_3' title="bbox 161 357 1806 518">
     <span class='ocr_line' id='line_1_4' title="bbox 162 357 1806 416; baseline 0.004 -17"><span class='ocrx_word' id='word_1_20' title='bbox 162 358 304 411; x_wconf 83' lang='lat' dir='ltr'>Digna</span> <span class='ocrx_word' id='word_1_21' title='bbox 345 357 498 398; x_wconf 75' lang='lat' dir='ltr'>dabis?</span> <span class='ocrx_word' id='word_1_22' title='bbox 545 357 729 410; x_wconf 85' lang='lat' dir='ltr'>primam</span> <span class='ocrx_word' id='word_1_23' title='bbox 766 358 903 399; x_wconf 88' lang='lat' dir='ltr'>merui</span> <span class='ocrx_word' id='word_1_24' title='bbox 943 360 1015 412; x_wconf 86' lang='lat' dir='ltr'>qui</span> <span class='ocrx_word' id='word_1_25' title='bbox 1052 360 1181 402; x_wconf 86' lang='lat' dir='ltr'>laude</span> <span class='ocrx_word' id='word_1_26' title='bbox 1215 376 1429 416; x_wconf 83' lang='lat' dir='ltr'>coronam,</span> <span class='ocrx_word' id='word_1_27' title='bbox 1725 365 1806 404; x_wconf 83' lang='lat'>355</span> 
     </span>
     <span class='ocr_line' id='line_1_5' title="bbox 161 414 1370 467; baseline 0.005 -11"><span class='ocrx_word' id='word_1_28' title='bbox 161 415 215 456; x_wconf 80' lang='lat' dir='ltr'>Ni</span> <span class='ocrx_word' id='word_1_29' title='bbox 257 427 340 465; x_wconf 91' lang='lat' dir='ltr'>me,</span> <span class='ocrx_word' id='word_1_30' title='bbox 385 427 495 467; x_wconf 89' lang='lat' dir='ltr'>quae</span> <span class='ocrx_word' id='word_1_31' title='bbox 531 414 716 467; x_wconf 83' lang='lat' dir='ltr'>Salium,</span> <span class='ocrx_word' id='word_1_32' title='bbox 764 414 941 457; x_wconf 89' lang='lat' dir='ltr'>fortuna</span> <span class='ocrx_word' id='word_1_33' title='bbox 977 417 1152 459; x_wconf 87' lang='lat' dir='ltr'>inimica</span> <span class='ocrx_word' id='word_1_34' title='bbox 1187 420 1370 462; x_wconf 87' lang='lat' dir='ltr'>tulisset.</span> 
     </span>
     <span class='ocr_line' id='line_1_6' title="bbox 162 470 1314 518; baseline 0.004 -5"><span class='ocrx_word' id='word_1_35' title='bbox 162 472 217 513; x_wconf 86' lang='lat' dir='ltr'>Et</span> <span class='ocrx_word' id='word_1_36' title='bbox 251 470 377 512; x_wconf 91' lang='lat' dir='ltr'>simul</span> <span class='ocrx_word' id='word_1_37' title='bbox 414 471 481 512; x_wconf 88' lang='lat' dir='ltr'>his</span> <span class='ocrx_word' id='word_1_38' title='bbox 521 471 648 513; x_wconf 87' lang='lat' dir='ltr'>dictis</span> <span class='ocrx_word' id='word_1_39' title='bbox 681 472 835 514; x_wconf 88' lang='lat' dir='ltr'>faciem</span> <span class='ocrx_word' id='word_1_40' title='bbox 870 474 1119 516; x_wconf 74' lang='lat' dir='ltr'>ostentabat</span> <span class='ocrx_word' id='word_1_41' title='bbox 1154 478 1197 516; x_wconf 91' lang='lat' dir='ltr'>et</span> <span class='ocrx_word' id='word_1_42' title='bbox 1227 477 1314 518; x_wconf 91' lang='lat' dir='ltr'>udo</span> 
     </span>
    </p>
   </div>
   <div class='ocr_carea' id='block_1_4' title="bbox 161 528 699 582">
    <p class='ocr_par' dir='ltr' id='par_1_4' title="bbox 161 528 699 582">
     <span class='ocr_line' id='line_1_7' title="bbox 161 528 699 582; baseline 0.004 -13"><span class='ocrx_word' id='word_1_43' title='bbox 161 528 321 582; x_wconf 86' lang='lat' dir='ltr'>Turpia</span> <span class='ocrx_word' id='word_1_44' title='bbox 359 528 552 570; x_wconf 88' lang='lat' dir='ltr'>membra</span> <span class='ocrx_word' id='word_1_45' title='bbox 585 529 699 571; x_wconf 89' lang='lat' dir='ltr'>fimo.</span> 
     </span>
    </p>
   </div>
   <div class='ocr_carea' id='block_1_5' title="bbox 760 531 1374 587">
    <p class='ocr_par' dir='ltr' id='par_1_5' title="bbox 760 531 1374 587">
     <span class='ocr_line' id='line_1_8' title="bbox 760 531 1374 587; baseline 0.008 -16"><span class='ocrx_word' id='word_1_46' title='bbox 760 531 872 572; x_wconf 87' lang='lat' dir='ltr'>Risit</span> <span class='ocrx_word' id='word_1_47' title='bbox 908 535 1034 584; x_wconf 85' lang='lat' dir='ltr'>pater</span> <span class='ocrx_word' id='word_1_48' title='bbox 1068 532 1254 584; x_wconf 87' lang='lat' dir='ltr'>optimus</span> <span class='ocrx_word' id='word_1_49' title='bbox 1289 535 1374 587; x_wconf 86' lang='lat' dir='ltr'>olli,</span> 
     </span>
    </p>
   </div>
   <div class='ocr_carea' id='block_1_6' title="bbox 161 585 1304 643">
    <p class='ocr_par' dir='ltr' id='par_1_6' title="bbox 161 585 1304 643">
     <span class='ocr_line' id='line_1_9' title="bbox 161 585 1304 643; baseline 0.005 -17"><span class='ocrx_word' id='word_1_50' title='bbox 161 586 215 627; x_wconf 83' lang='lat' dir='ltr'>Et</span> <span class='ocrx_word' id='word_1_51' title='bbox 258 585 441 639; x_wconf 87' lang='lat' dir='ltr'>clipeum</span> <span class='ocrx_word' id='word_1_52' title='bbox 482 586 625 628; x_wconf 86' lang='lat' dir='ltr'>efferri</span> <span class='ocrx_word' id='word_1_53' title='bbox 662 587 808 639; x_wconf 87' lang='lat' dir='ltr'>iussit,</span> <span class='ocrx_word' id='word_1_54' title='bbox 857 588 1139 642; x_wconf 77' lang='lat' dir='ltr'>Didymaonis</span> <span class='ocrx_word' id='word_1_55' title='bbox 1176 595 1304 643; x_wconf 89' lang='lat' dir='ltr'>artes,</span> 
     </span>
    </p>
   </div>
   <div class='ocr_carea' id='block_1_7' title="bbox 159 644 958 699">
    <p class='ocr_par' dir='ltr' id='par_1_7' title="bbox 159 644 958 699">
     <span class='ocr_line' id='line_1_10' title="bbox 159 644 958 699; baseline 0.005 -16"><span class='ocrx_word' id='word_1_56' title='bbox 159 644 350 697; x_wconf 79' lang='lat' dir='ltr'>Neptuni</span> <span class='ocrx_word' id='word_1_57' title='bbox 385 657 507 685; x_wconf 86' lang='lat' dir='ltr'>sacro</span> <span class='ocrx_word' id='word_1_58' title='bbox 541 645 704 686; x_wconf 90' lang='lat' dir='ltr'>Danais</span> <span class='ocrx_word' id='word_1_59' title='bbox 745 645 797 686; x_wconf 85' lang='lat' dir='ltr'>de</span> <span class='ocrx_word' id='word_1_60' title='bbox 833 649 958 699; x_wconf 88' lang='lat' dir='ltr'>poste</span> 
     </span>
    </p>
   </div>
   <div class='ocr_carea' id='block_1_8' title="bbox 999 645 1805 690">
    <p class='ocr_par' dir='ltr' id='par_1_8' title="bbox 999 645 1805 690">
     <span class='ocr_line' id='line_1_11' title="bbox 999 645 1805 690; baseline 0.002 -3"><span class='ocrx_word' id='word_1_61' title='bbox 999 645 1193 688; x_wconf 76' lang='lat' dir='ltr'>refixum.</span> <span class='ocrx_word' id='word_1_62' title='bbox 1722 650 1805 690; x_wconf 88' lang='lat'>360</span> 
     </span>
    </p>
   </div>
   <div class='ocr_carea' id='block_1_9' title="bbox 110 701 1497 931">
    <p class='ocr_par' dir='ltr' id='par_1_9' title="bbox 110 701 1497 875">
     <span class='ocr_line' id='line_1_12' title="bbox 110 701 1412 756; baseline 0.005 -15"><span class='ocrx_word' id='word_1_63' title='bbox 110 712 114 716; x_wconf 83' lang='grc'><em>·</em></span> <span class='ocrx_word' id='word_1_64' title='bbox 159 701 254 742; x_wconf 87' lang='lat' dir='ltr'>Hoc</span> <span class='ocrx_word' id='word_1_65' title='bbox 288 701 482 743; x_wconf 88' lang='lat' dir='ltr'>iuvenem</span> <span class='ocrx_word' id='word_1_66' title='bbox 521 703 740 756; x_wconf 87' lang='lat' dir='ltr'>egregium</span> <span class='ocrx_word' id='word_1_67' title='bbox 777 704 1018 756; x_wconf 81' lang='lat' dir='ltr'>praestanti</span> <span class='ocrx_word' id='word_1_68' title='bbox 1055 718 1230 746; x_wconf 87' lang='lat' dir='ltr'>munere</span> <span class='ocrx_word' id='word_1_69' title='bbox 1267 705 1412 748; x_wconf 85' lang='lat' dir='ltr'>donat.</span> 
     </span>
     <span class='ocr_line' id='line_1_13' title="bbox 274 758 1397 817; baseline 0.004 -17"><span class='ocrx_word' id='word_1_70' title='bbox 274 758 395 810; x_wconf 85' lang='lat' dir='ltr'>Post,</span> <span class='ocrx_word' id='word_1_71' title='bbox 434 759 509 801; x_wconf 88' lang='lat' dir='ltr'>ubi</span> <span class='ocrx_word' id='word_1_72' title='bbox 549 760 734 802; x_wconf 85' lang='lat' dir='ltr'>confecti</span> <span class='ocrx_word' id='word_1_73' title='bbox 768 775 939 813; x_wconf 86' lang='lat' dir='ltr'>cursus,</span> <span class='ocrx_word' id='word_1_74' title='bbox 979 765 1022 803; x_wconf 90' lang='lat' dir='ltr'>et</span> <span class='ocrx_word' id='word_1_75' title='bbox 1059 761 1172 803; x_wconf 84' lang='lat' dir='ltr'>dona</span> <span class='ocrx_word' id='word_1_76' title='bbox 1207 763 1397 817; x_wconf 83' lang='lat' dir='ltr'>peregit:</span> 
     </span>
     <span class='ocr_line' id='line_1_14' title="bbox 159 816 1497 875; baseline 0.004 -18"><span class='ocrx_word' id='word_1_77' title='bbox 159 816 303 868; x_wconf 85' lang='lat' dir='ltr'>Nunc,</span> <span class='ocrx_word' id='word_1_78' title='bbox 350 817 386 858; x_wconf 92' lang='lat' dir='ltr'>si</span> <span class='ocrx_word' id='word_1_79' title='bbox 424 817 491 858; x_wconf 88' lang='lat' dir='ltr'>cui</span> <span class='ocrx_word' id='word_1_80' title='bbox 525 817 662 859; x_wconf 86' lang='lat' dir='ltr'>virtus</span> <span class='ocrx_word' id='word_1_81' title='bbox 701 818 954 872; x_wconf 86' lang='lat' dir='ltr'>animusque</span> <span class='ocrx_word' id='word_1_82' title='bbox 992 819 1036 860; x_wconf 90' lang='lat' dir='ltr'>in</span> <span class='ocrx_word' id='word_1_83' title='bbox 1071 824 1248 873; x_wconf 79' lang='lat' dir='ltr'>pectore</span> <span class='ocrx_word' id='word_1_84' title='bbox 1282 834 1497 875; x_wconf 75' lang='lat' dir='ltr'>praeseHS,</span> 
     </span>
    </p>

    <p class='ocr_par' dir='ltr' id='par_1_10' title="bbox 159 873 1240 931">
     <span class='ocr_line' id='line_1_15' title="bbox 159 873 1240 931; baseline 0.004 -17"><span class='ocrx_word' id='word_1_85' title='bbox 159 873 307 925; x_wconf 85' lang='lat' dir='ltr'>Adsit,</span> <span class='ocrx_word' id='word_1_86' title='bbox 347 878 389 916; x_wconf 90' lang='lat' dir='ltr'>et</span> <span class='ocrx_word' id='word_1_87' title='bbox 425 875 603 917; x_wconf 85' lang='lat' dir='ltr'>evinctis</span> <span class='ocrx_word' id='word_1_88' title='bbox 646 876 825 917; x_wconf 86' lang='lat' dir='ltr'>attollat</span> <span class='ocrx_word' id='word_1_89' title='bbox 862 876 1043 918; x_wconf 88' lang='lat' dir='ltr'>brachia</span> <span class='ocrx_word' id='word_1_90' title='bbox 1074 877 1240 931; x_wconf 85' lang='lat' dir='ltr'>palmis.</span> 
     </span>
    </p>
   </div>
   <div class='ocr_carea' id='block_1_10' title="bbox 160 931 1406 989">
    <p class='ocr_par' dir='ltr' id='par_1_11' title="bbox 160 931 1406 989">
     <span class='ocr_line' id='line_1_16' title="bbox 160 931 1406 989; baseline 0.005 -17"><span class='ocrx_word' id='word_1_91' title='bbox 160 931 230 973; x_wconf 83' lang='lat' dir='ltr'>Sic</span> <span class='ocrx_word' id='word_1_92' title='bbox 264 932 343 984; x_wconf 87' lang='lat' dir='ltr'>ait,</span> <span class='ocrx_word' id='word_1_93' title='bbox 392 935 435 973; x_wconf 86' lang='lat' dir='ltr'>et</span> <span class='ocrx_word' id='word_1_94' title='bbox 473 933 687 986; x_wconf 85' lang='lat' dir='ltr'>geminum</span> <span class='ocrx_word' id='word_1_95' title='bbox 729 948 901 988; x_wconf 83' lang='lat' dir='ltr'>pugnae</span> <span class='ocrx_word' id='word_1_96' title='bbox 937 935 1143 989; x_wconf 87' lang='lat' dir='ltr'>proponit</span> <span class='ocrx_word' id='word_1_97' title='bbox 1177 935 1406 978; x_wconf 88' lang='lat' dir='ltr'>honorem:</span> 
     </span>
    </p>
   </div>
   <div class='ocr_carea' id='block_1_11' title="bbox 1723 937 1805 977">
    <p class='ocr_par' dir='ltr' id='par_1_12' title="bbox 1723 937 1805 977">
     <span class='ocr_line' id='line_1_17' title="bbox 1723 939 1747 977; textangle 90"><span class='ocrx_word' id='word_1_98' title='bbox 1723 939 1747 977; x_wconf 75' lang='lat'>02</span> 
     </span>
     <span class='ocr_line' id='line_1_18' title="bbox 1753 937 1775 976; textangle 90"><span class='ocrx_word' id='word_1_99' title='bbox 1753 937 1775 976; x_wconf 63' lang='lat' dir='ltr'>&lt;D</span> 
     </span>
     <span class='ocr_line' id='line_1_19' title="bbox 1782 937 1805 977; textangle 90"><span class='ocrx_word' id='word_1_100' title='bbox 1782 937 1805 977; x_wconf 65' lang='lat' dir='ltr'>et</span> 
     </span>
    </p>
   </div>
   <div class='ocr_carea' id='block_1_12' title="bbox 158 989 1222 1046">
    <p class='ocr_par' dir='ltr' id='par_1_13' title="bbox 158 989 1222 1046">
     <span class='ocr_line' id='line_1_20' title="bbox 158 989 1222 1046; baseline 0.004 -16"><span class='ocrx_word' id='word_1_101' title='bbox 158 989 324 1031; x_wconf 77' lang='lat' dir='ltr'>Victori</span> <span class='ocrx_word' id='word_1_102' title='bbox 358 990 547 1032; x_wconf 88' lang='lat' dir='ltr'>velatum</span> <span class='ocrx_word' id='word_1_103' title='bbox 582 1005 689 1033; x_wconf 87' lang='lat' dir='ltr'>auro</span> <span class='ocrx_word' id='word_1_104' title='bbox 729 992 935 1046; x_wconf 84' lang='lat' dir='ltr'>vittisque</span> <span class='ocrx_word' id='word_1_105' title='bbox 976 992 1222 1045; x_wconf 79' lang='lat' dir='ltr'>iuvencum3</span> 
     </span>
    </p>
   </div>
   <div class='ocr_carea' id='block_1_13' title="bbox 203 1140 955 1181">
    <p class='ocr_par' dir='ltr' id='par_1_14' title="bbox 203 1140 955 1181">
     <span class='ocr_line' id='line_1_21' title="bbox 203 1140 955 1181; baseline 0.004 -11"><span class='ocrx_word' id='word_1_106' title='bbox 203 1140 280 1172; x_wconf 86' lang='grc'><strong>355.</strong></span> <span class='ocrx_word' id='word_1_107' title='bbox 307 1140 426 1179; x_wconf 79' lang='lat' dir='ltr'>laude,</span> <span class='ocrx_word' id='word_1_108' title='bbox 453 1143 537 1174; x_wconf 85' lang='lat' dir='ltr'>facto</span> <span class='ocrx_word' id='word_1_109' title='bbox 563 1145 722 1174; x_wconf 83' lang='lat' dir='ltr'>laudabili</span> <span class='ocrx_word' id='word_1_110' title='bbox 754 1146 793 1176; x_wconf 87' lang='lat' dir='ltr'>cf.</span> <span class='ocrx_word' id='word_1_111' title='bbox 822 1142 852 1181; x_wconf 88' lang='lat'>1,</span> <span class='ocrx_word' id='word_1_112' title='bbox 879 1142 955 1174; x_wconf 88' lang='grc'><strong>461.</strong></span> 
     </span>
    </p>
   </div>
   <div class='ocr_carea' id='block_1_14' title="bbox 157 1196 956 1282">
    <p class='ocr_par' dir='ltr' id='par_1_15' title="bbox 157 1196 956 1282">
     <span class='ocr_line' id='line_1_22' title="bbox 205 1196 956 1239; baseline 0.004 -13"><span class='ocrx_word' id='word_1_113' title='bbox 205 1196 279 1228; x_wconf 79' lang='grc'><strong>357.</strong></span> <span class='ocrx_word' id='word_1_114' title='bbox 307 1201 395 1230; x_wconf 84' lang='lat' dir='ltr'>Haec</span> <span class='ocrx_word' id='word_1_115' title='bbox 427 1202 524 1230; x_wconf 86' lang='lat' dir='ltr'>etiam</span> <span class='ocrx_word' id='word_1_116' title='bbox 553 1202 698 1231; x_wconf 84' lang='lat' dir='ltr'>imitatus</span> <span class='ocrx_word' id='word_1_117' title='bbox 728 1207 775 1231; x_wconf 81' lang='lat' dir='ltr'>est</span> <span class='ocrx_word' id='word_1_118' title='bbox 811 1204 887 1231; x_wconf 87' lang='lat' dir='ltr'>Stat.</span> <span class='ocrx_word' id='word_1_119' title='bbox 926 1201 956 1239; x_wconf 83' lang='lat'>6,</span> 
     </span>
     <span class='ocr_line' id='line_1_23' title="bbox 157 1242 891 1282; baseline 0.007 -11"><span class='ocrx_word' id='word_1_120' title='bbox 157 1242 232 1273; x_wconf 88' lang='grc'><strong>622.</strong></span> <span class='ocrx_word' id='word_1_121' title='bbox 267 1261 304 1266; x_wconf 86' lang='grc'><strong>-</strong></span> <span class='ocrx_word' id='word_1_122' title='bbox 332 1243 437 1275; x_wconf 82' lang='lat' dir='ltr'>simul</span> <span class='ocrx_word' id='word_1_123' title='bbox 463 1244 516 1276; x_wconf 80' lang='lat' dir='ltr'>his</span> <span class='ocrx_word' id='word_1_124' title='bbox 543 1245 646 1277; x_wconf 68' lang='lat' dir='ltr'>(lictis</span> <span class='ocrx_word' id='word_1_125' title='bbox 671 1248 710 1277; x_wconf 83' lang='lat' dir='ltr'>cf.</span> <span class='ocrx_word' id='word_1_126' title='bbox 737 1246 788 1282; x_wconf 91' lang='grc'>10,</span> <span class='ocrx_word' id='word_1_127' title='bbox 815 1246 891 1276; x_wconf 66' lang='grc'><strong>856.</strong></span> 
     </span>
    </p>
   </div>
   <div class='ocr_carea' id='block_1_15' title="bbox 154 1300 957 1800">
    <p class='ocr_par' dir='ltr' id='par_1_16' title="bbox 154 1300 957 1800">
     <span class='ocr_line' id='line_1_24' title="bbox 202 1300 955 1341; baseline 0.004 -11"><span class='ocrx_word' id='word_1_128' title='bbox 202 1300 279 1331; x_wconf 91' lang='grc'><strong>359.</strong></span> <span class='ocrx_word' id='word_1_129' title='bbox 308 1301 409 1332; x_wconf 76' lang='lat' dir='ltr'>Artes</span> <span class='ocrx_word' id='word_1_130' title='bbox 434 1304 572 1339; x_wconf 87' lang='lat' dir='ltr'>pluralis</span> <span class='ocrx_word' id='word_1_131' title='bbox 602 1312 698 1333; x_wconf 89' lang='lat' dir='ltr'>suum</span> <span class='ocrx_word' id='word_1_132' title='bbox 722 1307 817 1333; x_wconf 85' lang='lat' dir='ltr'>habet</span> <span class='ocrx_word' id='word_1_133' title='bbox 838 1306 955 1341; x_wconf 90' lang='lat' dir='ltr'>locum,</span> 
     </span>
     <span class='ocr_line' id='line_1_25' title="bbox 156 1350 954 1387; baseline 0.005 -12"><span class='ocrx_word' id='word_1_134' title='bbox 156 1355 232 1376; x_wconf 88' lang='lat' dir='ltr'>nam</span> <span class='ocrx_word' id='word_1_135' title='bbox 262 1353 336 1377; x_wconf 87' lang='lat' dir='ltr'>sunt</span> <span class='ocrx_word' id='word_1_136' title='bbox 369 1351 483 1378; x_wconf 80' lang='lat' dir='ltr'>variae</span> <span class='ocrx_word' id='word_1_137' title='bbox 511 1350 591 1379; x_wconf 86' lang='lat' dir='ltr'>artis</span> <span class='ocrx_word' id='word_1_138' title='bbox 623 1351 766 1387; x_wconf 87' lang='lat' dir='ltr'>species,</span> <span class='ocrx_word' id='word_1_139' title='bbox 807 1358 891 1385; x_wconf 84' lang='lat' dir='ltr'>quae</span> <span class='ocrx_word' id='word_1_140' title='bbox 922 1350 954 1379; x_wconf 89' lang='lat' dir='ltr'>in</span> 
     </span>
     <span class='ocr_line' id='line_1_26' title="bbox 155 1393 955 1435; baseline 0.003 -14"><span class='ocrx_word' id='word_1_141' title='bbox 155 1402 250 1428; x_wconf 82' lang='lat' dir='ltr'>opere</span> <span class='ocrx_word' id='word_1_142' title='bbox 288 1396 546 1431; x_wconf 76' lang='lat' dir='ltr'>conspiciunmr;</span> <span class='ocrx_word' id='word_1_143' title='bbox 596 1397 645 1426; x_wconf 86' lang='lat' dir='ltr'>sic</span> <span class='ocrx_word' id='word_1_144' title='bbox 682 1393 888 1435; x_wconf 69' lang='lat' dir='ltr'>palaestrae</span> <span class='ocrx_word' id='word_1_145' title='bbox 926 1394 955 1431; x_wconf 85' lang='lat'>3,</span> 
     </span>
     <span class='ocr_line' id='line_1_27' title="bbox 156 1436 957 1477; baseline 0.002 -11"><span class='ocrx_word' id='word_1_146' title='bbox 156 1436 232 1473; x_wconf 74' lang='grc'><strong>281,</strong></span> <span class='ocrx_word' id='word_1_147' title='bbox 258 1437 384 1468; x_wconf 73' lang='lat' dir='ltr'>ruinae</span> <span class='ocrx_word' id='word_1_148' title='bbox 413 1440 441 1476; x_wconf 85' lang='grc'>3,</span> <span class='ocrx_word' id='word_1_149' title='bbox 467 1439 544 1477; x_wconf 93' lang='grc'><strong>571,</strong></span> <span class='ocrx_word' id='word_1_150' title='bbox 573 1449 708 1470; x_wconf 83' lang='lat' dir='ltr'>amores</span> <span class='ocrx_word' id='word_1_151' title='bbox 734 1439 764 1470; x_wconf 88' lang='grc'>4.</span> <span class='ocrx_word' id='word_1_152' title='bbox 790 1439 844 1477; x_wconf 75' lang='grc'>28,</span> <span class='ocrx_word' id='word_1_153' title='bbox 867 1449 957 1470; x_wconf 88' lang='lat' dir='ltr'>mor-</span> 
     </span>
     <span class='ocr_line' id='line_1_28' title="bbox 156 1481 954 1521; baseline 0.003 -9"><span class='ocrx_word' id='word_1_154' title='bbox 156 1486 206 1513; x_wconf 72' lang='lat' dir='ltr'>tes</span> <span class='ocrx_word' id='word_1_155' title='bbox 234 1481 287 1521; x_wconf 80' lang='lat'>10,</span> <span class='ocrx_word' id='word_1_156' title='bbox 313 1483 390 1519; x_wconf 79' lang='grc'><strong>854,</strong></span> <span class='ocrx_word' id='word_1_157' title='bbox 417 1489 527 1515; x_wconf 78' lang='lat' dir='ltr'>metus</span> <span class='ocrx_word' id='word_1_158' title='bbox 552 1483 580 1517; x_wconf 88' lang='grc'>1.</span> <span class='ocrx_word' id='word_1_159' title='bbox 605 1485 681 1515; x_wconf 78' lang='grc'><strong>463.</strong></span> <span class='ocrx_word' id='word_1_160' title='bbox 722 1489 774 1516; x_wconf 88' lang='lat' dir='ltr'>Gr.</span> <span class='ocrx_word' id='word_1_161' title='bbox 793 1485 905 1521; x_wconf 56' lang='lat'>5362,</span> <span class='ocrx_word' id='word_1_162' title='bbox 924 1484 954 1515; x_wconf 87' lang='grc'>2.</span> 
     </span>
     <span class='ocr_line' id='line_1_29' title="bbox 157 1531 953 1569; baseline 0.003 -11"><span class='ocrx_word' id='word_1_163' title='bbox 157 1531 262 1565; x_wconf 86' lang='lat' dir='ltr'>Clipei</span> <span class='ocrx_word' id='word_1_164' title='bbox 288 1533 361 1559; x_wconf 80' lang='lat' dir='ltr'>laus</span> <span class='ocrx_word' id='word_1_165' title='bbox 387 1536 489 1566; x_wconf 85' lang='lat' dir='ltr'>potest</span> <span class='ocrx_word' id='word_1_166' title='bbox 516 1541 589 1561; x_wconf 88' lang='lat' dir='ltr'>esse</span> <span class='ocrx_word' id='word_1_167' title='bbox 615 1534 754 1569; x_wconf 83' lang='lat' dir='ltr'>duplex,</span> <span class='ocrx_word' id='word_1_168' title='bbox 795 1536 824 1560; x_wconf 86' lang='lat' dir='ltr'>et</span> <span class='ocrx_word' id='word_1_169' title='bbox 851 1535 890 1561; x_wconf 84' lang='lat' dir='ltr'>ab</span> <span class='ocrx_word' id='word_1_170' title='bbox 917 1541 953 1561; x_wconf 86' lang='lat' dir='ltr'>eo</span> 
     </span>
     <span class='ocr_line' id='line_1_30' title="bbox 156 1576 955 1613; baseline 0.004 -9"><span class='ocrx_word' id='word_1_171' title='bbox 156 1576 211 1610; x_wconf 88' lang='lat' dir='ltr'>qui</span> <span class='ocrx_word' id='word_1_172' title='bbox 242 1577 332 1613; x_wconf 82' lang='lat' dir='ltr'>fecit,</span> <span class='ocrx_word' id='word_1_173' title='bbox 375 1581 403 1606; x_wconf 87' lang='lat' dir='ltr'>et</span> <span class='ocrx_word' id='word_1_174' title='bbox 436 1581 475 1606; x_wconf 85' lang='lat' dir='ltr'>ab</span> <span class='ocrx_word' id='word_1_175' title='bbox 504 1587 540 1606; x_wconf 89' lang='lat' dir='ltr'>eo</span> <span class='ocrx_word' id='word_1_176' title='bbox 570 1579 625 1612; x_wconf 89' lang='lat' dir='ltr'>qui</span> <span class='ocrx_word' id='word_1_177' title='bbox 659 1579 811 1612; x_wconf 78' lang='lat' dir='ltr'>possedit.</span> <span class='ocrx_word' id='word_1_178' title='bbox 861 1580 955 1607; x_wconf 91' lang='lat' dir='ltr'>Hunc</span> 
     </span>
     <span class='ocr_line' id='line_1_31' title="bbox 157 1623 954 1659; baseline 0.004 -10"><span class='ocrx_word' id='word_1_179' title='bbox 157 1623 271 1652; x_wconf 88' lang='lat' dir='ltr'>Graeci</span> <span class='ocrx_word' id='word_1_180' title='bbox 299 1625 444 1658; x_wconf 77' lang='lat' dir='ltr'>Neptuno</span> <span class='ocrx_word' id='word_1_181' title='bbox 469 1625 719 1659; x_wconf 74' lang='lat' dir='ltr'>suspenderant,</span> <span class='ocrx_word' id='word_1_182' title='bbox 741 1625 823 1652; x_wconf 83' lang='lat' dir='ltr'>unde</span> <span class='ocrx_word' id='word_1_183' title='bbox 849 1625 954 1652; x_wconf 87' lang='lat' dir='ltr'>detra—</span> 
     </span>
     <span class='ocr_line' id='line_1_32' title="bbox 156 1667 953 1704; baseline 0.003 -8"><span class='ocrx_word' id='word_1_184' title='bbox 156 1672 273 1697; x_wconf 82' lang='lat' dir='ltr'>xerunt</span> <span class='ocrx_word' id='word_1_185' title='bbox 310 1669 451 1698; x_wconf 87' lang='lat' dir='ltr'>Troiani.</span> <span class='ocrx_word' id='word_1_186' title='bbox 494 1685 531 1689; x_wconf 92' lang='lat'><em>-</em></span> <span class='ocrx_word' id='word_1_187' title='bbox 570 1671 616 1698; x_wconf 89' lang='lat' dir='ltr'>De</span> <span class='ocrx_word' id='word_1_188' title='bbox 654 1670 857 1704; x_wconf 86' lang='lat' dir='ltr'>appositione</span> <span class='ocrx_word' id='word_1_189' title='bbox 893 1667 953 1698; x_wconf 77' lang='lat' dir='ltr'>cli-</span> 
     </span>
     <span class='ocr_line' id='line_1_33' title="bbox 154 1713 955 1751; baseline 0.002 -9"><span class='ocrx_word' id='word_1_190' title='bbox 154 1722 255 1751; x_wconf 58' lang='lat' dir='ltr'>peum</span> <span class='ocrx_word' id='word_1_191' title='bbox 282 1729 327 1734; x_wconf 77' lang='lat'><strong>—</strong></span> <span class='ocrx_word' id='word_1_192' title='bbox 352 1717 447 1743; x_wconf 78' lang='lat' dir='ltr'>artes</span> <span class='ocrx_word' id='word_1_193' title='bbox 478 1715 516 1744; x_wconf 89' lang='lat' dir='ltr'>cf.</span> <span class='ocrx_word' id='word_1_194' title='bbox 551 1713 588 1751; x_wconf 80' lang='lat'>8,</span> <span class='ocrx_word' id='word_1_195' title='bbox 622 1713 698 1743; x_wconf 84' lang='grc'><strong>729.</strong></span> <span class='ocrx_word' id='word_1_196' title='bbox 757 1717 850 1743; x_wconf 76' lang='lat' dir='ltr'>artes</span> <span class='ocrx_word' id='word_1_197' title='bbox 883 1718 955 1744; x_wconf 79' lang='lat' dir='ltr'>Mbc</span> 
     </span>
     <span class='ocr_line' id='line_1_34' title="bbox 155 1756 953 1800; baseline 0.004 -13"><span class='ocrx_word' id='word_1_198' title='bbox 155 1768 216 1788; x_wconf 84' lang='lat' dir='ltr'>rec.</span> <span class='ocrx_word' id='word_1_199' title='bbox 247 1756 315 1789; x_wconf 76' lang='lat' dir='ltr'>Ha.</span> <span class='ocrx_word' id='word_1_200' title='bbox 350 1758 434 1800; x_wconf 74' lang='lat' dir='ltr'>Wg.</span> <span class='ocrx_word' id='word_1_201' title='bbox 461 1757 515 1789; x_wconf 83' lang='lat' dir='ltr'>Ld</span> <span class='ocrx_word' id='word_1_202' title='bbox 537 1782 544 1797; x_wconf 90' lang='lat'>,</span> <span class='ocrx_word' id='word_1_203' title='bbox 571 1762 680 1790; x_wconf 82' lang='lat' dir='ltr'>artem</span> <span class='ocrx_word' id='word_1_204' title='bbox 701 1762 780 1799; x_wconf 73' lang='lat' dir='ltr'>PRy</span> <span class='ocrx_word' id='word_1_205' title='bbox 799 1769 859 1789; x_wconf 87' lang='lat' dir='ltr'>rec.</span> <span class='ocrx_word' id='word_1_206' title='bbox 889 1758 953 1790; x_wconf 79' lang='lat' dir='ltr'>Rb.</span> 
     </span>
    </p>
   </div>
   <div class='ocr_carea' id='block_1_16' title="bbox 155 1814 953 1946">
    <p class='ocr_par' dir='ltr' id='par_1_17' title="bbox 155 1814 953 1946">
     <span class='ocr_line' id='line_1_35' title="bbox 201 1814 953 1856; baseline 0.003 -12"><span class='ocrx_word' id='word_1_207' title='bbox 201 1814 277 1845; x_wconf 83' lang='lat'><strong>360.</strong></span> <span class='ocrx_word' id='word_1_208' title='bbox 307 1814 472 1856; x_wconf 72' lang='lat' dir='ltr'>Refigcre</span> <span class='ocrx_word' id='word_1_209' title='bbox 512 1817 550 1846; x_wconf 87' lang='lat' dir='ltr'>cf.</span> <span class='ocrx_word' id='word_1_210' title='bbox 594 1815 630 1853; x_wconf 82' lang='lat'>6,</span> <span class='ocrx_word' id='word_1_211' title='bbox 666 1815 741 1846; x_wconf 85' lang='grc'><strong>622.</strong></span> <span class='ocrx_word' id='word_1_212' title='bbox 803 1819 953 1846; x_wconf 80' lang='lat' dir='ltr'>Solebam</span> 
     </span>
     <span class='ocr_line' id='line_1_36' title="bbox 155 1863 953 1898; baseline 0.003 -8"><span class='ocrx_word' id='word_1_213' title='bbox 155 1866 263 1891; x_wconf 88' lang='lat' dir='ltr'>autem</span> <span class='ocrx_word' id='word_1_214' title='bbox 293 1863 433 1891; x_wconf 89' lang='lat' dir='ltr'>Romani</span> <span class='ocrx_word' id='word_1_215' title='bbox 465 1864 571 1897; x_wconf 89' lang='lat' dir='ltr'>spolia</span> <span class='ocrx_word' id='word_1_216' title='bbox 605 1863 728 1892; x_wconf 85' lang='lat' dir='ltr'>foribus</span> <span class='ocrx_word' id='word_1_217' title='bbox 763 1865 953 1898; x_wconf 88' lang='lat' dir='ltr'>templorum</span> 
     </span>
     <span class='ocr_line' id='line_1_37' title="bbox 155 1906 509 1946; baseline 0.003 -10"><span class='ocrx_word' id='word_1_218' title='bbox 155 1908 285 1944; x_wconf 83' lang='lat' dir='ltr'>affigere</span> <span class='ocrx_word' id='word_1_219' title='bbox 309 1909 346 1938; x_wconf 86' lang='lat' dir='ltr'>cf.</span> <span class='ocrx_word' id='word_1_220' title='bbox 375 1906 405 1946; x_wconf 86' lang='lat'>3,</span> <span class='ocrx_word' id='word_1_221' title='bbox 433 1906 509 1937; x_wconf 66' lang='lat' dir='ltr'>2s8.</span> 
     </span>
    </p>
   </div>
   <div class='ocr_carea' id='block_1_17' title="bbox 217 1985 881 2027">
    <p class='ocr_par' dir='ltr' id='par_1_18' title="bbox 217 1985 881 2027">
     <span class='ocr_line' id='line_1_38' title="bbox 217 1985 881 2027; baseline 0.005 -12"><span class='ocrx_word' id='word_1_222' title='bbox 217 1985 432 2018; x_wconf 75' lang='lat'>362—484.</span> <span class='ocrx_word' id='word_1_223' title='bbox 481 1985 665 2027; x_wconf 80' lang='lat' dir='ltr'>Pugilatus</span> <span class='ocrx_word' id='word_1_224' title='bbox 698 1990 881 2018; x_wconf 83' lang='lat' dir='ltr'>certamen.</span> 
     </span>
    </p>
   </div>
   <div class='ocr_carea' id='block_1_18' title="bbox 146 2042 951 3087">
    <p class='ocr_par' dir='ltr' id='par_1_19' title="bbox 146 2042 951 3087">
     <span class='ocr_line' id='line_1_39' title="bbox 200 2042 951 2083; baseline 0.004 -12"><span class='ocrx_word' id='word_1_225' title='bbox 200 2042 276 2072; x_wconf 87' lang='grc'><strong>362.</strong></span> <span class='ocrx_word' id='word_1_226' title='bbox 303 2042 453 2082; x_wconf 74' lang='lat' dir='ltr'>confecti</span> <span class='ocrx_word' id='word_1_227' title='bbox 488 2053 532 2075; x_wconf 90' lang='lat' dir='ltr'>sc.</span> <span class='ocrx_word' id='word_1_228' title='bbox 572 2049 645 2074; x_wconf 88' lang='lat' dir='ltr'>sunt</span> <span class='ocrx_word' id='word_1_229' title='bbox 684 2046 723 2075; x_wconf 82' lang='lat' dir='ltr'>cf.</span> <span class='ocrx_word' id='word_1_230' title='bbox 755 2048 834 2075; x_wconf 86' lang='lat' dir='ltr'>Gell.</span> <span class='ocrx_word' id='word_1_231' title='bbox 871 2047 902 2083; x_wconf 88' lang='lat'>5,</span> <span class='ocrx_word' id='word_1_232' title='bbox 932 2045 951 2074; x_wconf 81' lang='lat'>8</span> 
     </span>
     <span class='ocr_line' id='line_1_40' title="bbox 154 2089 951 2127; baseline 0.005 -10"><span class='ocrx_word' id='word_1_233' title='bbox 154 2091 213 2117; x_wconf 85' lang='lat' dir='ltr'>..Et</span> <span class='ocrx_word' id='word_1_234' title='bbox 240 2091 288 2119; x_wconf 76' lang='lat' dir='ltr'>est</span> <span class='ocrx_word' id='word_1_235' title='bbox 316 2094 345 2118; x_wconf 90' lang='lat' dir='ltr'>et</span> <span class='ocrx_word' id='word_1_236' title='bbox 371 2092 446 2119; x_wconf 79' lang='lat' dir='ltr'>erat</span> <span class='ocrx_word' id='word_1_237' title='bbox 472 2095 500 2119; x_wconf 85' lang='lat' dir='ltr'>et</span> <span class='ocrx_word' id='word_1_238' title='bbox 525 2089 596 2127; x_wconf 79' lang='lat' dir='ltr'>suit</span> <span class='ocrx_word' id='word_1_239' title='bbox 622 2093 807 2126; x_wconf 86' lang='lat' dir='ltr'>plerumque</span> <span class='ocrx_word' id='word_1_240' title='bbox 833 2095 951 2121; x_wconf 85' lang='lat' dir='ltr'>absunt</span> 
     </span>
     <span class='ocr_line' id='line_1_41' title="bbox 153 2136 949 2171; baseline 0.005 -8"><span class='ocrx_word' id='word_1_241' title='bbox 153 2143 225 2163; x_wconf 88' lang='lat' dir='ltr'>cum</span> <span class='ocrx_word' id='word_1_242' title='bbox 251 2136 413 2171; x_wconf 79' lang='lat' dir='ltr'>elegantia</span> <span class='ocrx_word' id='word_1_243' title='bbox 433 2136 503 2165; x_wconf 89' lang='grc'><strong>31110</strong></span> <span class='ocrx_word' id='word_1_244' title='bbox 527 2137 713 2166; x_wconf 84' lang='lat' dir='ltr'>detrimento</span> <span class='ocrx_word' id='word_1_245' title='bbox 737 2136 949 2167; x_wconf 75' lang='lat' dir='ltr'>sententiae.“</span> 
     </span>
     <span class='ocr_line' id='line_1_42' title="bbox 154 2182 949 2213; baseline 0.006 -5"><span class='ocrx_word' id='word_1_246' title='bbox 154 2182 264 2209; x_wconf 80' lang='lat' dir='ltr'>Solent</span> <span class='ocrx_word' id='word_1_247' title='bbox 300 2182 386 2210; x_wconf 89' lang='lat' dir='ltr'>enim</span> <span class='ocrx_word' id='word_1_248' title='bbox 421 2183 531 2210; x_wconf 88' lang='lat' dir='ltr'>Latini</span> <span class='ocrx_word' id='word_1_249' title='bbox 568 2191 609 2211; x_wconf 87' lang='lat' dir='ltr'>ex</span> <span class='ocrx_word' id='word_1_250' title='bbox 654 2186 752 2212; x_wconf 68' lang='lat' dir='ltr'>verbo</span> <span class='ocrx_word' id='word_1_251' title='bbox 800 2185 949 2213; x_wconf 79' lang='lat' dir='ltr'>arctioris</span> 
     </span>
     <span class='ocr_line' id='line_1_43' title="bbox 152 2227 945 2263; baseline 0.006 -9"><span class='ocrx_word' id='word_1_252' title='bbox 152 2227 398 2262; x_wconf 79' lang='lat' dir='ltr'>significationis</span> <span class='ocrx_word' id='word_1_253' title='bbox 428 2228 557 2256; x_wconf 86' lang='lat' dir='ltr'>latioris</span> <span class='ocrx_word' id='word_1_254' title='bbox 591 2229 681 2257; x_wconf 85' lang='lat' dir='ltr'>aliud</span> <span class='ocrx_word' id='word_1_255' title='bbox 717 2231 867 2263; x_wconf 88' lang='lat' dir='ltr'>supplere</span> <span class='ocrx_word' id='word_1_256' title='bbox 907 2230 945 2259; x_wconf 86' lang='lat' dir='ltr'>cf.</span> 
     </span>
     <span class='ocr_line' id='line_1_44' title="bbox 151 2269 947 2309; baseline 0.005 -9"><span class='ocrx_word' id='word_1_257' title='bbox 151 2273 189 2300; x_wconf 88' lang='lat' dir='ltr'>de</span> <span class='ocrx_word' id='word_1_258' title='bbox 209 2277 377 2309; x_wconf 79' lang='lat' dir='ltr'>zeugmate</span> <span class='ocrx_word' id='word_1_259' title='bbox 402 2269 429 2309; x_wconf 90' lang='grc'>1,</span> <span class='ocrx_word' id='word_1_260' title='bbox 449 2272 532 2309; x_wconf 84' lang='grc'><strong>356;</strong></span> <span class='ocrx_word' id='word_1_261' title='bbox 554 2278 587 2302; x_wconf 85' lang='grc'>111</span> <span class='ocrx_word' id='word_1_262' title='bbox 610 2283 651 2303; x_wconf 86' lang='lat' dir='ltr'>ex</span> <span class='ocrx_word' id='word_1_263' title='bbox 676 2276 825 2303; x_wconf 84' lang='lat' dir='ltr'>hortandi</span> <span class='ocrx_word' id='word_1_264' title='bbox 848 2278 947 2304; x_wconf 76' lang='lat' dir='ltr'>verbo</span> 
     </span>
     <span class='ocr_line' id='line_1_45' title="bbox 153 2318 948 2356; baseline 0.005 -10"><span class='ocrx_word' id='word_1_265' title='bbox 153 2318 279 2347; x_wconf 82' lang='lat' dir='ltr'>dicendi</span> <span class='ocrx_word' id='word_1_266' title='bbox 322 2319 453 2354; x_wconf 83' lang='lat' dir='ltr'>aliquod</span> <span class='ocrx_word' id='word_1_267' title='bbox 493 2320 630 2356; x_wconf 76' lang='lat' dir='ltr'>intelligi</span> <span class='ocrx_word' id='word_1_268' title='bbox 668 2322 790 2349; x_wconf 85' lang='lat' dir='ltr'>volunt.</span> <span class='ocrx_word' id='word_1_269' title='bbox 862 2318 948 2350; x_wconf 71' lang='lat' dir='ltr'>Esse</span> 
     </span>
     <span class='ocr_line' id='line_1_46' title="bbox 151 2366 947 2403; baseline 0.004 -11"><span class='ocrx_word' id='word_1_270' title='bbox 151 2368 258 2393; x_wconf 83' lang='lat' dir='ltr'>autem</span> <span class='ocrx_word' id='word_1_271' title='bbox 290 2367 427 2393; x_wconf 77' lang='lat' dir='ltr'>verbum</span> <span class='ocrx_word' id='word_1_272' title='bbox 466 2366 512 2394; x_wconf 85' lang='lat' dir='ltr'>ita</span> <span class='ocrx_word' id='word_1_273' title='bbox 553 2367 702 2399; x_wconf 72' lang='lat' dir='ltr'>generale</span> <span class='ocrx_word' id='word_1_274' title='bbox 741 2370 805 2403; x_wconf 86' lang='lat' dir='ltr'>est,</span> <span class='ocrx_word' id='word_1_275' title='bbox 839 2370 873 2394; x_wconf 85' lang='lat' dir='ltr'>ut</span> <span class='ocrx_word' id='word_1_276' title='bbox 906 2368 947 2395; x_wconf 86' lang='lat' dir='ltr'>ad</span> 
     </span>
     <span class='ocr_line' id='line_1_47' title="bbox 150 2410 946 2448; baseline 0.004 -11"><span class='ocrx_word' id='word_1_277' title='bbox 150 2410 289 2443; x_wconf 78' lang='lat' dir='ltr'>quodvis</span> <span class='ocrx_word' id='word_1_278' title='bbox 326 2413 462 2439; x_wconf 83' lang='lat' dir='ltr'>verbum</span> <span class='ocrx_word' id='word_1_279' title='bbox 500 2411 602 2445; x_wconf 83' lang='lat' dir='ltr'>possit</span> <span class='ocrx_word' id='word_1_280' title='bbox 646 2412 807 2448; x_wconf 85' lang='lat' dir='ltr'>suppleri,</span> <span class='ocrx_word' id='word_1_281' title='bbox 849 2420 946 2446; x_wconf 88' lang='lat' dir='ltr'>quum</span> 
     </span>
     <span class='ocr_line' id='line_1_48' title="bbox 151 2456 946 2492; baseline 0.004 -9"><span class='ocrx_word' id='word_1_282' title='bbox 151 2456 232 2483; x_wconf 86' lang='lat' dir='ltr'>nihil</span> <span class='ocrx_word' id='word_1_283' title='bbox 279 2456 436 2491; x_wconf 76' lang='lat' dir='ltr'>significet</span> <span class='ocrx_word' id='word_1_284' title='bbox 483 2457 666 2492; x_wconf 80' lang='lat' dir='ltr'>singulare,</span> <span class='ocrx_word' id='word_1_285' title='bbox 714 2458 769 2485; x_wconf 88' lang='lat' dir='ltr'>sed</span> <span class='ocrx_word' id='word_1_286' title='bbox 810 2457 946 2486; x_wconf 84' lang='lat' dir='ltr'>formam</span> 
     </span>
     <span class='ocr_line' id='line_1_49' title="bbox 149 2501 944 2537; baseline 0.003 -8"><span class='ocrx_word' id='word_1_287' title='bbox 149 2503 240 2530; x_wconf 88' lang='lat' dir='ltr'>modo</span> <span class='ocrx_word' id='word_1_288' title='bbox 262 2501 379 2530; x_wconf 84' lang='lat' dir='ltr'>indicet</span> <span class='ocrx_word' id='word_1_289' title='bbox 401 2502 586 2537; x_wconf 86' lang='lat' dir='ltr'>praedicati.</span> <span class='ocrx_word' id='word_1_290' title='bbox 635 2503 861 2531; x_wconf 85' lang='lat' dir='ltr'>Praedicatum</span> <span class='ocrx_word' id='word_1_291' title='bbox 885 2510 944 2531; x_wconf 87' lang='lat' dir='ltr'>au-</span> 
     </span>
     <span class='ocr_line' id='line_1_50' title="bbox 149 2547 944 2585; baseline 0.003 -11"><span class='ocrx_word' id='word_1_292' title='bbox 149 2551 211 2575; x_wconf 84' lang='lat' dir='ltr'>tem</span> <span class='ocrx_word' id='word_1_293' title='bbox 243 2547 404 2576; x_wconf 88' lang='lat' dir='ltr'>sumimus</span> <span class='ocrx_word' id='word_1_294' title='bbox 435 2548 469 2576; x_wconf 92' lang='lat' dir='ltr'>in</span> <span class='ocrx_word' id='word_1_295' title='bbox 500 2548 618 2582; x_wconf 82' lang='lat' dir='ltr'>quovis</span> <span class='ocrx_word' id='word_1_296' title='bbox 655 2556 728 2576; x_wconf 88' lang='lat' dir='ltr'>esse</span> <span class='ocrx_word' id='word_1_297' title='bbox 767 2549 944 2585; x_wconf 85' lang='lat' dir='ltr'>enuntiato,</span> 
     </span>
     <span class='ocr_line' id='line_1_51' title="bbox 149 2592 943 2628; baseline 0.003 -8"><span class='ocrx_word' id='word_1_298' title='bbox 149 2592 242 2626; x_wconf 86' lang='lat' dir='ltr'>idque</span> <span class='ocrx_word' id='word_1_299' title='bbox 279 2593 409 2622; x_wconf 85' lang='lat' dir='ltr'>etiamsi</span> <span class='ocrx_word' id='word_1_300' title='bbox 443 2595 560 2628; x_wconf 87' lang='lat' dir='ltr'>copula</span> <span class='ocrx_word' id='word_1_301' title='bbox 591 2596 696 2627; x_wconf 78' lang='lat' dir='ltr'>abest,</span> <span class='ocrx_word' id='word_1_302' title='bbox 738 2593 835 2622; x_wconf 81' lang='lat' dir='ltr'>facile</span> <span class='ocrx_word' id='word_1_303' title='bbox 871 2602 943 2622; x_wconf 90' lang='lat' dir='ltr'>cum</span> 
     </span>
     <span class='ocr_line' id='line_1_52' title="bbox 148 2638 942 2674; baseline 0.004 -9"><span class='ocrx_word' id='word_1_304' title='bbox 148 2638 290 2667; x_wconf 89' lang='lat' dir='ltr'>subiecto</span> <span class='ocrx_word' id='word_1_305' title='bbox 322 2641 521 2674; x_wconf 81' lang='lat' dir='ltr'>copulamus.</span> <span class='ocrx_word' id='word_1_306' title='bbox 570 2641 607 2667; x_wconf 88' lang='lat' dir='ltr'>Et</span> <span class='ocrx_word' id='word_1_307' title='bbox 633 2639 854 2673; x_wconf 81' lang='lat' dir='ltr'>antiquissimi</span> <span class='ocrx_word' id='word_1_308' title='bbox 886 2648 942 2674; x_wconf 88' lang='lat' dir='ltr'>po-</span> 
     </span>
     <span class='ocr_line' id='line_1_53' title="bbox 149 2683 940 2719; baseline 0.004 -9"><span class='ocrx_word' id='word_1_309' title='bbox 149 2683 217 2716; x_wconf 87' lang='lat' dir='ltr'>puli</span> <span class='ocrx_word' id='word_1_310' title='bbox 251 2685 445 2719; x_wconf 83' lang='lat' dir='ltr'>saepissime</span> <span class='ocrx_word' id='word_1_311' title='bbox 478 2685 634 2713; x_wconf 88' lang='lat' dir='ltr'>omittunt.</span> <span class='ocrx_word' id='word_1_312' title='bbox 685 2684 840 2713; x_wconf 88' lang='lat' dir='ltr'>Conferas</span> <span class='ocrx_word' id='word_1_313' title='bbox 869 2692 940 2713; x_wconf 88' lang='lat' dir='ltr'>eam</span> 
     </span>
     <span class='ocr_line' id='line_1_54' title="bbox 149 2727 940 2767; baseline 0.005 -12"><span class='ocrx_word' id='word_1_314' title='bbox 149 2727 183 2755; x_wconf 88' lang='lat' dir='ltr'>in</span> <span class='ocrx_word' id='word_1_315' title='bbox 220 2737 286 2757; x_wconf 87' lang='lat' dir='ltr'>rem</span> <span class='ocrx_word' id='word_1_316' title='bbox 322 2731 467 2767; x_wconf 77' lang='lat' dir='ltr'>linguam</span> <span class='ocrx_word' id='word_1_317' title='bbox 493 2731 695 2759; x_wconf 83' lang='lat' dir='ltr'>Hebraicam.</span> <span class='ocrx_word' id='word_1_318' title='bbox 745 2731 828 2759; x_wconf 87' lang='lat' dir='ltr'>Hinc</span> <span class='ocrx_word' id='word_1_319' title='bbox 857 2735 940 2765; x_wconf 84' lang='lat' dir='ltr'>patet</span> 
     </span>
     <span class='ocr_line' id='line_1_55' title="bbox 147 2772 939 2810; baseline 0.006 -10"><span class='ocrx_word' id='word_1_320' title='bbox 147 2772 245 2801; x_wconf 83' lang='lat' dir='ltr'>facile</span> <span class='ocrx_word' id='word_1_321' title='bbox 270 2776 371 2803; x_wconf 80' lang='lat' dir='ltr'>omitti</span> <span class='ocrx_word' id='word_1_322' title='bbox 394 2784 491 2810; x_wconf 87' lang='lat' dir='ltr'>posse</span> <span class='ocrx_word' id='word_1_323' title='bbox 515 2779 650 2805; x_wconf 83' lang='lat' dir='ltr'>verbum</span> <span class='ocrx_word' id='word_1_324' title='bbox 675 2783 764 2809; x_wconf 76' lang='lat' dir='ltr'>esse,</span> <span class='ocrx_word' id='word_1_325' title='bbox 795 2776 860 2804; x_wconf 91' lang='lat' dir='ltr'>nisi</span> <span class='ocrx_word' id='word_1_326' title='bbox 885 2784 939 2805; x_wconf 85' lang='lat' dir='ltr'>ac—</span> 
     </span>
     <span class='ocr_line' id='line_1_56' title="bbox 147 2820 941 2857; baseline 0.005 -11"><span class='ocrx_word' id='word_1_327' title='bbox 147 2820 237 2847; x_wconf 83' lang='lat' dir='ltr'>cedat</span> <span class='ocrx_word' id='word_1_328' title='bbox 262 2827 430 2855; x_wconf 73' lang='lat' dir='ltr'>personae,</span> <span class='ocrx_word' id='word_1_329' title='bbox 450 2822 546 2856; x_wconf 74' lang='lat' dir='ltr'>modi,</span> <span class='ocrx_word' id='word_1_330' title='bbox 565 2822 716 2856; x_wconf 87' lang='lat' dir='ltr'>temporis</span> <span class='ocrx_word' id='word_1_331' title='bbox 739 2822 941 2857; x_wconf 74' lang='lat' dir='ltr'>significatio,</span> 
     </span>
     <span class='ocr_line' id='line_1_57' title="bbox 148 2866 941 2902; baseline 0.006 -10"><span class='ocrx_word' id='word_1_332' title='bbox 148 2866 246 2892; x_wconf 87' lang='lat' dir='ltr'>verbo</span> <span class='ocrx_word' id='word_1_333' title='bbox 279 2866 434 2894; x_wconf 83' lang='lat' dir='ltr'>auxiliari</span> <span class='ocrx_word' id='word_1_334' title='bbox 473 2868 661 2901; x_wconf 73' lang='lat' dir='ltr'>indicanda3</span> <span class='ocrx_word' id='word_1_335' title='bbox 702 2867 809 2902; x_wconf 85' lang='lat' dir='ltr'>itaque</span> <span class='ocrx_word' id='word_1_336' title='bbox 845 2869 941 2896; x_wconf 86' lang='lat' dir='ltr'>tertia</span> 
     </span>
     <span class='ocr_line' id='line_1_58' title="bbox 148 2910 940 2949; baseline 0.004 -11"><span class='ocrx_word' id='word_1_337' title='bbox 148 2917 286 2944; x_wconf 88' lang='lat' dir='ltr'>persona</span> <span class='ocrx_word' id='word_1_338' title='bbox 311 2910 440 2940; x_wconf 81' lang='lat' dir='ltr'>facilius</span> <span class='ocrx_word' id='word_1_339' title='bbox 471 2914 627 2942; x_wconf 88' lang='lat' dir='ltr'>omittitur</span> <span class='ocrx_word' id='word_1_340' title='bbox 659 2913 752 2949; x_wconf 87' lang='lat' dir='ltr'>aliis,</span> <span class='ocrx_word' id='word_1_341' title='bbox 789 2913 940 2942; x_wconf 81' lang='lat' dir='ltr'>indicati-</span> 
     </span>
     <span class='ocr_line' id='line_1_59' title="bbox 147 2955 938 2994; baseline 0.006 -12"><span class='ocrx_word' id='word_1_342' title='bbox 147 2962 211 2983; x_wconf 85' lang='lat' dir='ltr'>vus</span> <span class='ocrx_word' id='word_1_343' title='bbox 248 2955 471 2994; x_wconf 86' lang='lat' dir='ltr'>coniunctivo,</span> <span class='ocrx_word' id='word_1_344' title='bbox 512 2966 667 2993; x_wconf 85' lang='lat' dir='ltr'>praesens</span> <span class='ocrx_word' id='word_1_345' title='bbox 703 2959 874 2993; x_wconf 85' lang='lat' dir='ltr'>praeterito</span> <span class='ocrx_word' id='word_1_346' title='bbox 909 2963 938 2987; x_wconf 89' lang='lat' dir='ltr'>et</span> 
     </span>
     <span class='ocr_line' id='line_1_60' title="bbox 146 2999 938 3036; baseline 0.006 -8"><span class='ocrx_word' id='word_1_347' title='bbox 146 2999 264 3029; x_wconf 82' lang='lat' dir='ltr'>futuro.</span> <span class='ocrx_word' id='word_1_348' title='bbox 313 3002 445 3036; x_wconf 84' lang='lat' dir='ltr'>Quando</span> <span class='ocrx_word' id='word_1_349' title='bbox 473 3006 577 3032; x_wconf 85' lang='lat' dir='ltr'>tamen</span> <span class='ocrx_word' id='word_1_350' title='bbox 609 3004 675 3033; x_wconf 86' lang='lat' dir='ltr'>iam</span> <span class='ocrx_word' id='word_1_351' title='bbox 707 3004 839 3033; x_wconf 82' lang='lat' dir='ltr'>aliunde</span> <span class='ocrx_word' id='word_1_352' title='bbox 871 3012 938 3033; x_wconf 89' lang='lat' dir='ltr'>mo-</span> 
     </span>
     <span class='ocr_line' id='line_1_61' title="bbox 147 3045 937 3087; baseline 0.008 -15"><span class='ocrx_word' id='word_1_353' title='bbox 147 3045 206 3073; x_wconf 88' lang='lat' dir='ltr'>dus</span> <span class='ocrx_word' id='word_1_354' title='bbox 231 3050 287 3075; x_wconf 84' lang='lat' dir='ltr'>aut</span> <span class='ocrx_word' id='word_1_355' title='bbox 310 3051 434 3083; x_wconf 84' lang='lat' dir='ltr'>tempus</span> <span class='ocrx_word' id='word_1_356' title='bbox 460 3053 515 3077; x_wconf 84' lang='lat' dir='ltr'>aut</span> <span class='ocrx_word' id='word_1_357' title='bbox 534 3056 673 3083; x_wconf 83' lang='lat' dir='ltr'>persona</span> <span class='ocrx_word' id='word_1_358' title='bbox 699 3053 840 3087; x_wconf 83' lang='lat' dir='ltr'>constat,</span> <span class='ocrx_word' id='word_1_359' title='bbox 880 3057 937 3078; x_wconf 87' lang='lat' dir='ltr'>eae</span> 
     </span>
    </p>
   </div>
   <div class='ocr_carea' id='block_1_19' title="bbox 989 1144 1805 2597">
    <p class='ocr_par' dir='ltr' id='par_1_20' title="bbox 989 1144 1805 2597">
     <span class='ocr_line' id='line_1_62' title="bbox 1003 1144 1803 1185; baseline 0.001 -10"><span class='ocrx_word' id='word_1_360' title='bbox 1003 1148 1101 1177; x_wconf 80' lang='lat' dir='ltr'>etiam</span> <span class='ocrx_word' id='word_1_361' title='bbox 1135 1147 1257 1178; x_wconf 87' lang='lat' dir='ltr'>formae</span> <span class='ocrx_word' id='word_1_362' title='bbox 1289 1148 1485 1177; x_wconf 81' lang='lat' dir='ltr'>omittuntur.</span> <span class='ocrx_word' id='word_1_363' title='bbox 1535 1149 1585 1177; x_wconf 80' lang='lat' dir='ltr'>Ita</span> <span class='ocrx_word' id='word_1_364' title='bbox 1611 1155 1684 1176; x_wconf 82' lang='lat' dir='ltr'>snm</span> <span class='ocrx_word' id='word_1_365' title='bbox 1717 1144 1745 1185; x_wconf 86' lang='grc'>1,</span> <span class='ocrx_word' id='word_1_366' title='bbox 1773 1145 1803 1177; x_wconf 89' lang='grc'>2.</span> 
     </span>
     <span class='ocr_line' id='line_1_63' title="bbox 1004 1191 1805 1229; baseline 0.002 -9"><span class='ocrx_word' id='word_1_367' title='bbox 1004 1191 1034 1229; x_wconf 90' lang='grc'>2,</span> <span class='ocrx_word' id='word_1_368' title='bbox 1059 1192 1135 1221; x_wconf 81' lang='grc'><strong>792.</strong></span> <span class='ocrx_word' id='word_1_369' title='bbox 1174 1203 1209 1223; x_wconf 87' lang='lat' dir='ltr'>es</span> <span class='ocrx_word' id='word_1_370' title='bbox 1237 1192 1264 1227; x_wconf 90' lang='grc'>1,</span> <span class='ocrx_word' id='word_1_371' title='bbox 1288 1191 1364 1222; x_wconf 86' lang='grc'><strong>237.</strong></span> <span class='ocrx_word' id='word_1_372' title='bbox 1393 1191 1445 1229; x_wconf 87' lang='grc'>10,</span> <span class='ocrx_word' id='word_1_373' title='bbox 1472 1191 1549 1222; x_wconf 80' lang='grc'><strong>827.</strong></span> <span class='ocrx_word' id='word_1_374' title='bbox 1574 1193 1605 1229; x_wconf 88' lang='grc'><strong>5,</strong></span> <span class='ocrx_word' id='word_1_375' title='bbox 1629 1191 1704 1222; x_wconf 72' lang='grc'><strong>687.</strong></span> <span class='ocrx_word' id='word_1_376' title='bbox 1747 1202 1805 1222; x_wconf 79' lang='lat' dir='ltr'>su—</span> 
     </span>
     <span class='ocr_line' id='line_1_64' title="bbox 1003 1236 1802 1276; baseline 0 -8"><span class='ocrx_word' id='word_1_377' title='bbox 1003 1247 1079 1268; x_wconf 82' lang='lat' dir='ltr'>mus</span> <span class='ocrx_word' id='word_1_378' title='bbox 1105 1238 1134 1276; x_wconf 81' lang='lat'>2,</span> <span class='ocrx_word' id='word_1_379' title='bbox 1159 1238 1211 1268; x_wconf 88' lang='grc'><strong>25.</strong></span> <span class='ocrx_word' id='word_1_380' title='bbox 1238 1237 1314 1268; x_wconf 87' lang='grc'><strong>651.</strong></span> <span class='ocrx_word' id='word_1_381' title='bbox 1364 1237 1446 1269; x_wconf 81' lang='lat' dir='ltr'>estis</span> <span class='ocrx_word' id='word_1_382' title='bbox 1470 1239 1501 1276; x_wconf 81' lang='grc'>5,</span> <span class='ocrx_word' id='word_1_383' title='bbox 1530 1236 1605 1268; x_wconf 89' lang='grc'><strong>192.</strong></span> <span class='ocrx_word' id='word_1_384' title='bbox 1650 1236 1699 1276; x_wconf 91' lang='grc'>11,</span> <span class='ocrx_word' id='word_1_385' title='bbox 1725 1237 1802 1268; x_wconf 85' lang='grc'><strong>737.</strong></span> 
     </span>
     <span class='ocr_line' id='line_1_65' title="bbox 1003 1285 1804 1320; baseline 0.002 -7"><span class='ocrx_word' id='word_1_386' title='bbox 1003 1289 1030 1313; x_wconf 90' lang='grc'>01</span> <span class='ocrx_word' id='word_1_387' title='bbox 1057 1285 1145 1314; x_wconf 82' lang='lat' dir='ltr'>aliae</span> <span class='ocrx_word' id='word_1_388' title='bbox 1171 1286 1302 1314; x_wconf 86' lang='lat' dir='ltr'>formae.</span> <span class='ocrx_word' id='word_1_389' title='bbox 1337 1301 1375 1305; x_wconf 89' lang='lat'>—</span> <span class='ocrx_word' id='word_1_390' title='bbox 1413 1286 1560 1320; x_wconf 83' lang='lat' dir='ltr'>Apparet</span> <span class='ocrx_word' id='word_1_391' title='bbox 1591 1289 1662 1320; x_wconf 87' lang='lat' dir='ltr'>post</span> <span class='ocrx_word' id='word_1_392' title='bbox 1692 1287 1742 1314; x_wconf 84' lang='lat' dir='ltr'>est</span> <span class='ocrx_word' id='word_1_393' title='bbox 1772 1289 1804 1315; x_wconf 89' lang='lat' dir='ltr'>et</span> 
     </span>
     <span class='ocr_line' id='line_1_66' title="bbox 1003 1331 1802 1367; baseline 0.003 -9"><span class='ocrx_word' id='word_1_394' title='bbox 1003 1333 1083 1360; x_wconf 78' lang='lat' dir='ltr'>suut</span> <span class='ocrx_word' id='word_1_395' title='bbox 1124 1332 1318 1366; x_wconf 82' lang='lat' dir='ltr'>saepissime</span> <span class='ocrx_word' id='word_1_396' title='bbox 1352 1331 1454 1360; x_wconf 84' lang='lat' dir='ltr'>omitti</span> <span class='ocrx_word' id='word_1_397' title='bbox 1495 1339 1581 1367; x_wconf 73' lang='lat' dir='ltr'>esse,</span> <span class='ocrx_word' id='word_1_398' title='bbox 1621 1332 1703 1366; x_wconf 86' lang='lat' dir='ltr'>quod</span> <span class='ocrx_word' id='word_1_399' title='bbox 1736 1331 1802 1360; x_wconf 82' lang='lat' dir='ltr'>iam</span> 
     </span>
     <span class='ocr_line' id='line_1_67' title="bbox 1002 1377 1804 1413; baseline 0.002 -9"><span class='ocrx_word' id='word_1_400' title='bbox 1002 1377 1217 1406; x_wconf 79' lang='lat' dir='ltr'>accusativus</span> <span class='ocrx_word' id='word_1_401' title='bbox 1244 1377 1408 1412; x_wconf 86' lang='lat' dir='ltr'>participii</span> <span class='ocrx_word' id='word_1_402' title='bbox 1435 1377 1585 1413; x_wconf 80' lang='lat' dir='ltr'>sufficiat,</span> <span class='ocrx_word' id='word_1_403' title='bbox 1611 1377 1656 1406; x_wconf 86' lang='lat' dir='ltr'>ita</span> <span class='ocrx_word' id='word_1_404' title='bbox 1677 1381 1711 1406; x_wconf 89' lang='lat' dir='ltr'>ut</span> <span class='ocrx_word' id='word_1_405' title='bbox 1732 1381 1804 1412; x_wconf 82' lang='lat' dir='ltr'>post</span> 
     </span>
     <span class='ocr_line' id='line_1_68' title="bbox 1002 1423 1802 1458; baseline 0.003 -8"><span class='ocrx_word' id='word_1_406' title='bbox 1002 1423 1210 1457; x_wconf 83' lang='lat' dir='ltr'>participium</span> <span class='ocrx_word' id='word_1_407' title='bbox 1235 1423 1269 1451; x_wconf 90' lang='grc'>111</span> <span class='ocrx_word' id='word_1_408' title='bbox 1293 1431 1377 1451; x_wconf 79' lang='lat' dir='ltr'>urus</span> <span class='ocrx_word' id='word_1_409' title='bbox 1401 1430 1505 1458; x_wconf 85' lang='lat' dir='ltr'>paene</span> <span class='ocrx_word' id='word_1_410' title='bbox 1527 1431 1652 1458; x_wconf 87' lang='lat' dir='ltr'>semper</span> <span class='ocrx_word' id='word_1_411' title='bbox 1674 1423 1802 1452; x_wconf 85' lang='lat' dir='ltr'>omitta-</span> 
     </span>
     <span class='ocr_line' id='line_1_69' title="bbox 1003 1468 1801 1498; baseline 0.003 -2"><span class='ocrx_word' id='word_1_412' title='bbox 1003 1472 1063 1496; x_wconf 89' lang='lat' dir='ltr'>tur.</span> <span class='ocrx_word' id='word_1_413' title='bbox 1095 1484 1132 1488; x_wconf 97' lang='lat'>—</span> <span class='ocrx_word' id='word_1_414' title='bbox 1159 1471 1229 1498; x_wconf 87' lang='lat' dir='ltr'>Iam</span> <span class='ocrx_word' id='word_1_415' title='bbox 1255 1477 1332 1497; x_wconf 84' lang='lat' dir='ltr'>vero</span> <span class='ocrx_word' id='word_1_416' title='bbox 1359 1469 1438 1497; x_wconf 86' lang='lat' dir='ltr'>illae</span> <span class='ocrx_word' id='word_1_417' title='bbox 1466 1468 1587 1497; x_wconf 86' lang='lat' dir='ltr'>formae</span> <span class='ocrx_word' id='word_1_418' title='bbox 1613 1469 1801 1498; x_wconf 89' lang='lat' dir='ltr'>omittuntur</span> 
     </span>
     <span class='ocr_line' id='line_1_70' title="bbox 1002 1514 1798 1552; baseline 0.001 -10"><span class='ocrx_word' id='word_1_419' title='bbox 1002 1514 1160 1552; x_wconf 83' lang='lat' dir='ltr'>maxime,</span> <span class='ocrx_word' id='word_1_420' title='bbox 1207 1515 1262 1543; x_wconf 85' lang='lat' dir='ltr'>ubi</span> <span class='ocrx_word' id='word_1_421' title='bbox 1307 1518 1355 1543; x_wconf 87' lang='lat' dir='ltr'>est</span> <span class='ocrx_word' id='word_1_422' title='bbox 1400 1515 1561 1543; x_wconf 85' lang='lat' dir='ltr'>sententia</span> <span class='ocrx_word' id='word_1_423' title='bbox 1600 1515 1798 1544; x_wconf 89' lang='lat' dir='ltr'>communis:</span> 
     </span>
     <span class='ocr_line' id='line_1_71' title="bbox 1006 1557 1802 1598; baseline 0.004 -12"><span class='ocrx_word' id='word_1_424' title='bbox 1006 1558 1187 1588; x_wconf 72' lang='lat' dir='ltr'>Summum</span> <span class='ocrx_word' id='word_1_425' title='bbox 1229 1557 1300 1595; x_wconf 78' lang='lat' dir='ltr'>ius,</span> <span class='ocrx_word' id='word_1_426' title='bbox 1338 1569 1472 1588; x_wconf 78' lang='lat' dir='ltr'>summa</span> <span class='ocrx_word' id='word_1_427' title='bbox 1510 1557 1654 1589; x_wconf 81' lang='lat' dir='ltr'>iniuria.</span> <span class='ocrx_word' id='word_1_428' title='bbox 1709 1557 1802 1598; x_wconf 76' lang='lat' dir='ltr'>Quid</span> 
     </span>
     <span class='ocr_line' id='line_1_72' title="bbox 1002 1601 1802 1644; baseline 0.004 -12"><span class='ocrx_word' id='word_1_429' title='bbox 1002 1601 1159 1639; x_wconf 68' lang='lat' dir='ltr'>dulcius,</span> <span class='ocrx_word' id='word_1_430' title='bbox 1196 1613 1298 1644; x_wconf 83' lang='lat' dir='ltr'>qnam</span> <span class='ocrx_word' id='word_1_431' title='bbox 1326 1603 1471 1640; x_wconf 76' lang='lat' dir='ltr'>habere,</span> <span class='ocrx_word' id='word_1_432' title='bbox 1497 1603 1632 1644; x_wconf 79' lang='lat' dir='ltr'>quicum</span> <span class='ocrx_word' id='word_1_433' title='bbox 1666 1603 1802 1635; x_wconf 78' lang='lat' dir='ltr'>audeas</span> 
     </span>
     <span class='ocr_line' id='line_1_73' title="bbox 1003 1647 1802 1690; baseline 0.003 -12"><span class='ocrx_word' id='word_1_434' title='bbox 1003 1647 1120 1678; x_wconf 79' lang='lat' dir='ltr'>omnia</span> <span class='ocrx_word' id='word_1_435' title='bbox 1154 1647 1201 1678; x_wconf 76' lang='lat' dir='ltr'>sic</span> <span class='ocrx_word' id='word_1_436' title='bbox 1229 1648 1340 1690; x_wconf 79' lang='lat' dir='ltr'>loqui,</span> <span class='ocrx_word' id='word_1_437' title='bbox 1374 1653 1410 1679; x_wconf 77' lang='lat' dir='ltr'>nt</span> <span class='ocrx_word' id='word_1_438' title='bbox 1440 1653 1561 1680; x_wconf 77' lang='lat' dir='ltr'>tet-nm.</span> <span class='ocrx_word' id='word_1_439' title='bbox 1595 1667 1633 1671; x_wconf 88' lang='lat'>-—</span> <span class='ocrx_word' id='word_1_440' title='bbox 1667 1652 1802 1686; x_wconf 87' lang='lat' dir='ltr'>Saepis-</span> 
     </span>
     <span class='ocr_line' id='line_1_74' title="bbox 1003 1695 1796 1735; baseline 0.003 -12"><span class='ocrx_word' id='word_1_441' title='bbox 1003 1696 1083 1724; x_wconf 83' lang='lat' dir='ltr'>sime</span> <span class='ocrx_word' id='word_1_442' title='bbox 1109 1697 1205 1725; x_wconf 88' lang='lat' dir='ltr'>etiam</span> <span class='ocrx_word' id='word_1_443' title='bbox 1225 1697 1257 1724; x_wconf 95' lang='lat' dir='ltr'>in</span> <span class='ocrx_word' id='word_1_444' title='bbox 1280 1697 1459 1731; x_wconf 82' lang='lat' dir='ltr'>praeceptis</span> <span class='ocrx_word' id='word_1_445' title='bbox 1484 1702 1517 1725; x_wconf 90' lang='lat' dir='ltr'>ut</span> <span class='ocrx_word' id='word_1_446' title='bbox 1543 1695 1573 1733; x_wconf 88' lang='grc'>2,</span> <span class='ocrx_word' id='word_1_447' title='bbox 1601 1695 1675 1725; x_wconf 81' lang='grc'><strong>118.</strong></span> <span class='ocrx_word' id='word_1_448' title='bbox 1707 1700 1741 1726; x_wconf 85' lang='lat' dir='ltr'>G.</span> <span class='ocrx_word' id='word_1_449' title='bbox 1766 1695 1796 1735; x_wconf 87' lang='grc'>2,</span> 
     </span>
     <span class='ocr_line' id='line_1_75' title="bbox 1003 1739 1796 1779; baseline 0.006 -11"><span class='ocrx_word' id='word_1_450' title='bbox 1003 1739 1078 1770; x_wconf 88' lang='grc'><strong>365.</strong></span> <span class='ocrx_word' id='word_1_451' title='bbox 1114 1740 1188 1770; x_wconf 83' lang='grc'><strong>371.</strong></span> <span class='ocrx_word' id='word_1_452' title='bbox 1224 1740 1304 1778; x_wconf 79' lang='grc'><strong>399,</strong></span> <span class='ocrx_word' id='word_1_453' title='bbox 1349 1751 1431 1777; x_wconf 87' lang='lat' dir='ltr'>quos</span> <span class='ocrx_word' id='word_1_454' title='bbox 1473 1743 1511 1771; x_wconf 88' lang='lat' dir='ltr'>cf.</span> <span class='ocrx_word' id='word_1_455' title='bbox 1545 1751 1616 1772; x_wconf 83' lang='lat' dir='ltr'>cum</span> <span class='ocrx_word' id='word_1_456' title='bbox 1650 1743 1687 1779; x_wconf 86' lang='grc'>5,</span> <span class='ocrx_word' id='word_1_457' title='bbox 1719 1739 1796 1773; x_wconf 90' lang='grc'><strong>731.</strong></span> 
     </span>
     <span class='ocr_line' id='line_1_76' title="bbox 1002 1784 1795 1824; baseline 0.005 -10"><span class='ocrx_word' id='word_1_458' title='bbox 1002 1784 1037 1821; x_wconf 88' lang='grc'>6,</span> <span class='ocrx_word' id='word_1_459' title='bbox 1068 1784 1149 1822; x_wconf 67' lang='grc'><strong>719,</strong></span> <span class='ocrx_word' id='word_1_460' title='bbox 1200 1788 1316 1822; x_wconf 85' lang='lat' dir='ltr'>quibus</span> <span class='ocrx_word' id='word_1_461' title='bbox 1364 1789 1396 1816; x_wconf 90' lang='lat' dir='ltr'>in</span> <span class='ocrx_word' id='word_1_462' title='bbox 1437 1790 1519 1817; x_wconf 87' lang='lat' dir='ltr'>locis</span> <span class='ocrx_word' id='word_1_463' title='bbox 1558 1794 1607 1818; x_wconf 85' lang='lat' dir='ltr'>est</span> <span class='ocrx_word' id='word_1_464' title='bbox 1643 1792 1795 1824; x_wconf 81' lang='lat' dir='ltr'>verbum;</span> 
     </span>
     <span class='ocr_line' id='line_1_77' title="bbox 999 1831 1795 1871; baseline 0.004 -10"><span class='ocrx_word' id='word_1_465' title='bbox 999 1833 1096 1861; x_wconf 85' lang='lat' dir='ltr'>etiam</span> <span class='ocrx_word' id='word_1_466' title='bbox 1138 1834 1170 1861; x_wconf 91' lang='lat' dir='ltr'>iu</span> <span class='ocrx_word' id='word_1_467' title='bbox 1213 1834 1524 1870; x_wconf 80' lang='lat' dir='ltr'>exclamationibus,</span> <span class='ocrx_word' id='word_1_468' title='bbox 1572 1840 1607 1864; x_wconf 86' lang='lat' dir='ltr'>ut</span> <span class='ocrx_word' id='word_1_469' title='bbox 1649 1831 1686 1871; x_wconf 84' lang='grc'>1,</span> <span class='ocrx_word' id='word_1_470' title='bbox 1719 1833 1795 1864; x_wconf 82' lang='grc'><strong>460.</strong></span> 
     </span>
     <span class='ocr_line' id='line_1_78' title="bbox 1000 1876 1797 1915; baseline 0.006 -10"><span class='ocrx_word' id='word_1_471' title='bbox 1000 1877 1031 1913; x_wconf 83' lang='grc'>6,</span> <span class='ocrx_word' id='word_1_472' title='bbox 1064 1876 1140 1907; x_wconf 80' lang='grc'><strong>721.</strong></span> <span class='ocrx_word' id='word_1_473' title='bbox 1168 1877 1243 1907; x_wconf 64' lang='grc'><strong>866.</strong></span> <span class='ocrx_word' id='word_1_474' title='bbox 1287 1895 1324 1899; x_wconf 95' lang='grc'><strong>-</strong></span> <span class='ocrx_word' id='word_1_475' title='bbox 1369 1880 1568 1914; x_wconf 80' lang='lat' dir='ltr'>Saepissime</span> <span class='ocrx_word' id='word_1_476' title='bbox 1598 1880 1696 1909; x_wconf 86' lang='lat' dir='ltr'>etiam</span> <span class='ocrx_word' id='word_1_477' title='bbox 1722 1889 1797 1915; x_wconf 86' lang='lat' dir='ltr'>par-</span> 
     </span>
     <span class='ocr_line' id='line_1_79' title="bbox 1001 1924 1798 1960; baseline 0.005 -9"><span class='ocrx_word' id='word_1_478' title='bbox 1001 1924 1144 1959; x_wconf 89' lang='lat' dir='ltr'>ticipium</span> <span class='ocrx_word' id='word_1_479' title='bbox 1175 1925 1323 1960; x_wconf 76' lang='lat' dir='ltr'>perfecti,</span> <span class='ocrx_word' id='word_1_480' title='bbox 1358 1926 1479 1954; x_wconf 87' lang='lat' dir='ltr'>omisso</span> <span class='ocrx_word' id='word_1_481' title='bbox 1512 1929 1611 1955; x_wconf 89' lang='lat' dir='ltr'>verbo</span> <span class='ocrx_word' id='word_1_482' title='bbox 1639 1927 1798 1957; x_wconf 82' lang='lat' dir='ltr'>auxiliari</span> 
     </span>
     <span class='ocr_line' id='line_1_80' title="bbox 999 1969 1798 2008; baseline 0.006 -11"><span class='ocrx_word' id='word_1_483' title='bbox 999 1969 1142 2003; x_wconf 71' lang='lat' dir='ltr'>iungitur</span> <span class='ocrx_word' id='word_1_484' title='bbox 1177 1979 1234 2005; x_wconf 85' lang='lat' dir='ltr'>per</span> <span class='ocrx_word' id='word_1_485' title='bbox 1269 1973 1299 1998; x_wconf 81' lang='lat' dir='ltr'>et</span> <span class='ocrx_word' id='word_1_486' title='bbox 1338 1980 1409 1999; x_wconf 89' lang='lat' dir='ltr'>cum</span> <span class='ocrx_word' id='word_1_487' title='bbox 1445 1974 1541 2001; x_wconf 86' lang='lat' dir='ltr'>verbo</span> <span class='ocrx_word' id='word_1_488' title='bbox 1584 1973 1687 2008; x_wconf 84' lang='lat' dir='ltr'>finito,</span> <span class='ocrx_word' id='word_1_489' title='bbox 1724 1974 1798 2002; x_wconf 84' lang='lat' dir='ltr'>sive</span> 
     </span>
     <span class='ocr_line' id='line_1_81' title="bbox 1000 2016 1795 2055; baseline 0.008 -12"><span class='ocrx_word' id='word_1_490' title='bbox 1000 2017 1160 2049; x_wconf 77' lang='lat' dir='ltr'>praecedit</span> <span class='ocrx_word' id='word_1_491' title='bbox 1192 2017 1396 2051; x_wconf 76' lang='lat' dir='ltr'>participium</span> <span class='ocrx_word' id='word_1_492' title='bbox 1429 2021 1462 2046; x_wconf 89' lang='lat' dir='ltr'>ut</span> <span class='ocrx_word' id='word_1_493' title='bbox 1491 2019 1565 2046; x_wconf 85' lang='grc'><strong>11.1.</strong></span> <span class='ocrx_word' id='word_1_494' title='bbox 1601 2016 1635 2055; x_wconf 83' lang='grc'>1,</span> <span class='ocrx_word' id='word_1_495' title='bbox 1661 2016 1690 2046; x_wconf 88' lang='grc'>2.</span> <span class='ocrx_word' id='word_1_496' title='bbox 1719 2017 1795 2049; x_wconf 58' lang='grc'><strong>448.</strong></span> 
     </span>
     <span class='ocr_line' id='line_1_82' title="bbox 999 2058 1796 2101; baseline 0.005 -14"><span class='ocrx_word' id='word_1_497' title='bbox 999 2058 1029 2093; x_wconf 77' lang='grc'>2,</span> <span class='ocrx_word' id='word_1_498' title='bbox 1056 2059 1131 2090; x_wconf 81' lang='grc'><strong>544.</strong></span> <span class='ocrx_word' id='word_1_499' title='bbox 1171 2060 1200 2095; x_wconf 87' lang='grc'>3,</span> <span class='ocrx_word' id='word_1_500' title='bbox 1226 2060 1287 2097; x_wconf 85' lang='grc'>53,</span> <span class='ocrx_word' id='word_1_501' title='bbox 1322 2063 1394 2091; x_wconf 78' lang='lat' dir='ltr'>sive</span> <span class='ocrx_word' id='word_1_502' title='bbox 1425 2064 1568 2098; x_wconf 81' lang='lat' dir='ltr'>sequitur</span> <span class='ocrx_word' id='word_1_503' title='bbox 1602 2061 1628 2100; x_wconf 89' lang='grc'>1,</span> <span class='ocrx_word' id='word_1_504' title='bbox 1655 2062 1730 2093; x_wconf 84' lang='grc'><strong>367.</strong></span> <span class='ocrx_word' id='word_1_505' title='bbox 1766 2063 1796 2101; x_wconf 80' lang='grc'>3,</span> 
     </span>
     <span class='ocr_line' id='line_1_83' title="bbox 999 2104 1794 2148; baseline 0.008 -15"><span class='ocrx_word' id='word_1_506' title='bbox 999 2104 1074 2135; x_wconf 70' lang='lat'>298.</span> <span class='ocrx_word' id='word_1_507' title='bbox 1109 2105 1140 2143; x_wconf 88' lang='grc'><strong>7,</strong></span> <span class='ocrx_word' id='word_1_508' title='bbox 1167 2105 1232 2136; x_wconf 78' lang='grc'><strong>486</strong></span> <span class='ocrx_word' id='word_1_509' title='bbox 1266 2112 1294 2137; x_wconf 85' lang='grc'>01</span> <span class='ocrx_word' id='word_1_510' title='bbox 1323 2117 1378 2143; x_wconf 90' lang='lat' dir='ltr'>per</span> <span class='ocrx_word' id='word_1_511' title='bbox 1411 2116 1475 2148; x_wconf 81' lang='lat' dir='ltr'>qne</span> <span class='ocrx_word' id='word_1_512' title='bbox 1499 2125 1544 2128; x_wconf 97' lang='lat'><strong>—</strong></span> <span class='ocrx_word' id='word_1_513' title='bbox 1567 2117 1631 2147; x_wconf 81' lang='lat' dir='ltr'>quc</span> <span class='ocrx_word' id='word_1_514' title='bbox 1662 2107 1693 2145; x_wconf 90' lang='grc'>7,</span> <span class='ocrx_word' id='word_1_515' title='bbox 1718 2107 1794 2140; x_wconf 85' lang='grc'><strong>375.</strong></span> 
     </span>
     <span class='ocr_line' id='line_1_84' title="bbox 997 2153 1795 2190; baseline 0.006 -11"><span class='ocrx_word' id='word_1_516' title='bbox 997 2153 1058 2180; x_wconf 88' lang='lat' dir='ltr'>Sed</span> <span class='ocrx_word' id='word_1_517' title='bbox 1093 2157 1177 2187; x_wconf 87' lang='lat' dir='ltr'>patet</span> <span class='ocrx_word' id='word_1_518' title='bbox 1205 2162 1266 2182; x_wconf 90' lang='lat' dir='ltr'>non</span> <span class='ocrx_word' id='word_1_519' title='bbox 1297 2162 1391 2188; x_wconf 86' lang='lat' dir='ltr'>posse</span> <span class='ocrx_word' id='word_1_520' title='bbox 1426 2155 1472 2182; x_wconf 83' lang='lat' dir='ltr'>ita</span> <span class='ocrx_word' id='word_1_521' title='bbox 1499 2155 1590 2190; x_wconf 78' lang='lat' dir='ltr'>iungi</span> <span class='ocrx_word' id='word_1_522' title='bbox 1623 2155 1795 2190; x_wconf 82' lang='lat' dir='ltr'>participia</span> 
     </span>
     <span class='ocr_line' id='line_1_85' title="bbox 996 2197 1796 2235; baseline 0.006 -10"><span class='ocrx_word' id='word_1_523' title='bbox 996 2199 1092 2232; x_wconf 86' lang='lat' dir='ltr'>plura</span> <span class='ocrx_word' id='word_1_524' title='bbox 1121 2199 1159 2228; x_wconf 86' lang='lat' dir='ltr'>cf.</span> <span class='ocrx_word' id='word_1_525' title='bbox 1187 2198 1216 2235; x_wconf 86' lang='grc'>3,</span> <span class='ocrx_word' id='word_1_526' title='bbox 1245 2197 1318 2228; x_wconf 81' lang='grc'><strong>136.</strong></span> <span class='ocrx_word' id='word_1_527' title='bbox 1367 2200 1471 2228; x_wconf 86' lang='lat' dir='ltr'>Etiam</span> <span class='ocrx_word' id='word_1_528' title='bbox 1496 2200 1527 2227; x_wconf 89' lang='lat' dir='ltr'>in</span> <span class='ocrx_word' id='word_1_529' title='bbox 1553 2201 1717 2229; x_wconf 84' lang='lat' dir='ltr'>enuntiato</span> <span class='ocrx_word' id='word_1_530' title='bbox 1742 2209 1796 2230; x_wconf 87' lang='lat' dir='ltr'>Se-</span> 
     </span>
     <span class='ocr_line' id='line_1_86' title="bbox 995 2245 1794 2281; baseline 0.006 -10"><span class='ocrx_word' id='word_1_531' title='bbox 995 2245 1148 2273; x_wconf 85' lang='lat' dir='ltr'>cundario</span> <span class='ocrx_word' id='word_1_532' title='bbox 1178 2249 1247 2279; x_wconf 88' lang='lat' dir='ltr'>post</span> <span class='ocrx_word' id='word_1_533' title='bbox 1278 2246 1518 2274; x_wconf 83' lang='lat' dir='ltr'>coniunctiones</span> <span class='ocrx_word' id='word_1_534' title='bbox 1546 2246 1693 2275; x_wconf 87' lang='lat' dir='ltr'>omittunt</span> <span class='ocrx_word' id='word_1_535' title='bbox 1719 2255 1794 2281; x_wconf 90' lang='lat' dir='ltr'>poe-</span> 
     </span>
     <span class='ocr_line' id='line_1_87' title="bbox 994 2291 1793 2327; baseline 0.005 -10"><span class='ocrx_word' id='word_1_536' title='bbox 994 2293 1060 2326; x_wconf 87' lang='lat' dir='ltr'>tae,</span> <span class='ocrx_word' id='word_1_537' title='bbox 1095 2291 1265 2319; x_wconf 82' lang='lat' dir='ltr'>rarissime</span> <span class='ocrx_word' id='word_1_538' title='bbox 1299 2291 1482 2325; x_wconf 84' lang='lat' dir='ltr'>scriptores.</span> <span class='ocrx_word' id='word_1_539' title='bbox 1531 2293 1581 2320; x_wconf 84' lang='lat' dir='ltr'>Ita</span> <span class='ocrx_word' id='word_1_540' title='bbox 1612 2293 1685 2326; x_wconf 72' lang='lat' dir='ltr'>Vgl.</span> <span class='ocrx_word' id='word_1_541' title='bbox 1721 2297 1793 2327; x_wconf 85' lang='lat' dir='ltr'>post</span> 
     </span>
     <span class='ocr_line' id='line_1_88' title="bbox 992 2333 1794 2374; baseline 0.01 -15"><span class='ocrx_word' id='word_1_542' title='bbox 992 2336 1177 2374; x_wconf 73' lang='lat' dir='ltr'>postquam</span> <span class='ocrx_word' id='word_1_543' title='bbox 1213 2333 1245 2371; x_wconf 87' lang='lat' dir='ltr'>l,</span> <span class='ocrx_word' id='word_1_544' title='bbox 1271 2333 1345 2363; x_wconf 88' lang='grc'><strong>216.</strong></span> <span class='ocrx_word' id='word_1_545' title='bbox 1374 2335 1451 2364; x_wconf 82' lang='grc'><strong>520.</strong></span> <span class='ocrx_word' id='word_1_546' title='bbox 1478 2334 1555 2365; x_wconf 82' lang='grc'><strong>723.</strong></span> <span class='ocrx_word' id='word_1_547' title='bbox 1580 2339 1691 2366; x_wconf 90' lang='lat' dir='ltr'>multis</span> <span class='ocrx_word' id='word_1_548' title='bbox 1715 2339 1794 2367; x_wconf 88' lang='lat' dir='ltr'>aliis</span> 
     </span>
     <span class='ocr_line' id='line_1_89' title="bbox 993 2378 1793 2422; baseline 0.006 -15"><span class='ocrx_word' id='word_1_549' title='bbox 993 2380 1084 2408; x_wconf 80' lang='lat' dir='ltr'>locis.</span> <span class='ocrx_word' id='word_1_550' title='bbox 1110 2397 1147 2400; x_wconf 97' lang='lat'><strong>—</strong></span> <span class='ocrx_word' id='word_1_551' title='bbox 1174 2378 1254 2408; x_wconf 80' lang='lat' dir='ltr'>dum</span> <span class='ocrx_word' id='word_1_552' title='bbox 1281 2379 1310 2417; x_wconf 83' lang='grc'>4,</span> <span class='ocrx_word' id='word_1_553' title='bbox 1332 2380 1408 2410; x_wconf 80' lang='grc'><strong>565.</strong></span> <span class='ocrx_word' id='word_1_554' title='bbox 1432 2379 1486 2415; x_wconf 81' lang='grc'>10,</span> <span class='ocrx_word' id='word_1_555' title='bbox 1513 2380 1587 2410; x_wconf 77' lang='grc'><strong>283.</strong></span> <span class='ocrx_word' id='word_1_556' title='bbox 1619 2399 1656 2402; x_wconf 91' lang='grc'><strong>-</strong></span> <span class='ocrx_word' id='word_1_557' title='bbox 1687 2392 1793 2422; x_wconf 74' lang='lat' dir='ltr'>quum</span> 
     </span>
     <span class='ocr_line' id='line_1_90' title="bbox 995 2422 1792 2466; baseline 0.006 -14"><span class='ocrx_word' id='word_1_558' title='bbox 995 2422 1025 2453; x_wconf 89' lang='grc'>4.</span> <span class='ocrx_word' id='word_1_559' title='bbox 1051 2423 1127 2454; x_wconf 84' lang='grc'><strong>527.</strong></span> <span class='ocrx_word' id='word_1_560' title='bbox 1166 2423 1295 2461; x_wconf 85' lang='grc'><strong>6,125.</strong></span> <span class='ocrx_word' id='word_1_561' title='bbox 1346 2424 1375 2455; x_wconf 76' lang='lat' dir='ltr'>si</span> <span class='ocrx_word' id='word_1_562' title='bbox 1412 2425 1442 2461; x_wconf 86' lang='grc'>2,</span> <span class='ocrx_word' id='word_1_563' title='bbox 1472 2424 1547 2456; x_wconf 82' lang='grc'><strong>349.</strong></span> <span class='ocrx_word' id='word_1_564' title='bbox 1586 2427 1617 2464; x_wconf 90' lang='grc'>5,</span> <span class='ocrx_word' id='word_1_565' title='bbox 1643 2427 1718 2458; x_wconf 84' lang='grc'><strong>363.</strong></span> <span class='ocrx_word' id='word_1_566' title='bbox 1761 2428 1792 2466; x_wconf 88' lang='grc'>6,</span> 
     </span>
     <span class='ocr_line' id='line_1_91' title="bbox 995 2468 1793 2510; baseline 0.008 -13"><span class='ocrx_word' id='word_1_567' title='bbox 995 2468 1069 2498; x_wconf 83' lang='grc'><strong>133.</strong></span> <span class='ocrx_word' id='word_1_568' title='bbox 1110 2487 1147 2491; x_wconf 82' lang='grc'>-</span> <span class='ocrx_word' id='word_1_569' title='bbox 1185 2469 1243 2500; x_wconf 82' lang='lat' dir='ltr'>ubi</span> <span class='ocrx_word' id='word_1_570' title='bbox 1279 2470 1314 2500; x_wconf 82' lang='lat'>3.</span> <span class='ocrx_word' id='word_1_571' title='bbox 1342 2471 1393 2501; x_wconf 81' lang='grc'>69.</span> <span class='ocrx_word' id='word_1_572' title='bbox 1428 2475 1464 2501; x_wconf 74' lang='lat' dir='ltr'>ut</span> <span class='ocrx_word' id='word_1_573' title='bbox 1499 2471 1535 2509; x_wconf 84' lang='grc'>3,</span> <span class='ocrx_word' id='word_1_574' title='bbox 1565 2472 1617 2502; x_wconf 82' lang='grc'>53.</span> <span class='ocrx_word' id='word_1_575' title='bbox 1649 2490 1686 2494; x_wconf 87' lang='lat'>-—-</span> <span class='ocrx_word' id='word_1_576' title='bbox 1722 2479 1793 2510; x_wconf 81' lang='lat' dir='ltr'>post</span> 
     </span>
     <span class='ocr_line' id='line_1_92' title="bbox 993 2515 1791 2557; baseline 0.006 -13"><span class='ocrx_word' id='word_1_577' title='bbox 993 2524 1165 2550; x_wconf 86' lang='lat' dir='ltr'>pronomen</span> <span class='ocrx_word' id='word_1_578' title='bbox 1191 2518 1365 2547; x_wconf 79' lang='lat' dir='ltr'>relativum</span> <span class='ocrx_word' id='word_1_579' title='bbox 1387 2520 1421 2546; x_wconf 86' lang='lat' dir='ltr'>E.</span> <span class='ocrx_word' id='word_1_580' title='bbox 1448 2515 1477 2550; x_wconf 88' lang='grc'>1,</span> <span class='ocrx_word' id='word_1_581' title='bbox 1495 2517 1548 2547; x_wconf 81' lang='grc'>58.</span> <span class='ocrx_word' id='word_1_582' title='bbox 1575 2517 1606 2555; x_wconf 81' lang='grc'>8,</span> <span class='ocrx_word' id='word_1_583' title='bbox 1626 2517 1678 2548; x_wconf 79' lang='grc'>24.</span> <span class='ocrx_word' id='word_1_584' title='bbox 1705 2522 1740 2549; x_wconf 78' lang='lat' dir='ltr'>G.</span> <span class='ocrx_word' id='word_1_585' title='bbox 1761 2518 1791 2557; x_wconf 77' lang='grc'>4,</span> 
     </span>
     <span class='ocr_line' id='line_1_93' title="bbox 989 2559 1583 2597; baseline 0.007 -9"><span class='ocrx_word' id='word_1_586' title='bbox 989 2559 1042 2589; x_wconf 77' lang='grc'>89.</span> <span class='ocrx_word' id='word_1_587' title='bbox 1094 2564 1139 2591; x_wconf 82' lang='grc' dir='ltr'><strong>Ι)0</strong></span> <span class='ocrx_word' id='word_1_588' title='bbox 1162 2571 1257 2597; x_wconf 79' lang='lat' dir='ltr'>prosa</span> <span class='ocrx_word' id='word_1_589' title='bbox 1280 2564 1317 2592; x_wconf 85' lang='lat' dir='ltr'>cf.</span> <span class='ocrx_word' id='word_1_590' title='bbox 1340 2566 1390 2592; x_wconf 85' lang='lat' dir='ltr'>Gr.</span> <span class='ocrx_word' id='word_1_591' title='bbox 1413 2564 1434 2597; x_wconf 63' lang='grc' dir='ltr'><strong>ς</strong></span> <span class='ocrx_word' id='word_1_592' title='bbox 1453 2562 1529 2597; x_wconf 80' lang='grc'><strong>498,</strong></span> <span class='ocrx_word' id='word_1_593' title='bbox 1554 2562 1583 2593; x_wconf 89' lang='grc'>2.</span> 
     </span>
    </p>
   </div>
   <div class='ocr_carea' id='block_1_20' title="bbox 986 2616 1789 2738">
    <p class='ocr_par' dir='ltr' id='par_1_21' title="bbox 986 2616 1789 2738">
     <span class='ocr_line' id='line_1_94' title="bbox 1037 2616 1789 2659; baseline 0.008 -14"><span class='ocrx_word' id='word_1_594' title='bbox 1037 2616 1111 2646; x_wconf 85' lang='grc'><strong>363.</strong></span> <span class='ocrx_word' id='word_1_595' title='bbox 1145 2616 1284 2648; x_wconf 76' lang='lat' dir='ltr'>animus</span> <span class='ocrx_word' id='word_1_596' title='bbox 1325 2628 1509 2659; x_wconf 76' lang='lat' dir='ltr'>praesens.</span> <span class='ocrx_word' id='word_1_597' title='bbox 1569 2620 1706 2658; x_wconf 83' lang='lat' dir='ltr'>„fortis“</span> <span class='ocrx_word' id='word_1_598' title='bbox 1757 2624 1789 2650; x_wconf 90' lang='lat' dir='ltr'>S.</span> 
     </span>
     <span class='ocr_line' id='line_1_95' title="bbox 988 2661 1789 2701; baseline 0.002 -8"><span class='ocrx_word' id='word_1_599' title='bbox 988 2664 1026 2693; x_wconf 87' lang='lat' dir='ltr'>cf.</span> <span class='ocrx_word' id='word_1_600' title='bbox 1065 2661 1122 2701; x_wconf 77' lang='lat'>12,</span> <span class='ocrx_word' id='word_1_601' title='bbox 1153 2662 1225 2693; x_wconf 84' lang='grc'><strong>152.</strong></span> <span class='ocrx_word' id='word_1_602' title='bbox 1262 2667 1335 2694; x_wconf 81' lang='lat' dir='ltr'>Sen.</span> <span class='ocrx_word' id='word_1_603' title='bbox 1367 2667 1423 2700; x_wconf 84' lang='lat' dir='ltr'>Ep.</span> <span class='ocrx_word' id='word_1_604' title='bbox 1457 2664 1499 2693; x_wconf 78' lang='lat'>92</span> <span class='ocrx_word' id='word_1_605' title='bbox 1540 2669 1625 2697; x_wconf 85' lang='lat' dir='ltr'>hunc</span> <span class='ocrx_word' id='word_1_606' title='bbox 1657 2675 1789 2696; x_wconf 86' lang='lat' dir='ltr'>versum</span> 
     </span>
     <span class='ocr_line' id='line_1_96' title="bbox 986 2711 1106 2738; baseline 0.017 -2"><span class='ocrx_word' id='word_1_607' title='bbox 986 2711 1106 2738; x_wconf 83' lang='lat' dir='ltr'>laudat.</span> 
     </span>
    </p>
   </div>
   <div class='ocr_carea' id='block_1_21' title="bbox 984 2763 1787 3028">
    <p class='ocr_par' dir='ltr' id='par_1_22' title="bbox 984 2763 1787 3028">
     <span class='ocr_line' id='line_1_97' title="bbox 1034 2763 1787 2803; baseline 0.005 -10"><span class='ocrx_word' id='word_1_608' title='bbox 1034 2763 1109 2794; x_wconf 88' lang='grc'><strong>364.</strong></span> <span class='ocrx_word' id='word_1_609' title='bbox 1141 2763 1241 2795; x_wconf 61' lang='lat' dir='ltr'>Adsit</span> <span class='ocrx_word' id='word_1_610' title='bbox 1269 2769 1299 2796; x_wconf 81' lang='lat' dir='ltr'>et</span> <span class='ocrx_word' id='word_1_611' title='bbox 1329 2765 1453 2796; x_wconf 69' lang='lat' dir='ltr'>vinctis</span> <span class='ocrx_word' id='word_1_612' title='bbox 1478 2770 1513 2797; x_wconf 88' lang='lat' dir='ltr'>P.</span> <span class='ocrx_word' id='word_1_613' title='bbox 1548 2773 1711 2803; x_wconf 83' lang='lat' dir='ltr'>promptus</span> <span class='ocrx_word' id='word_1_614' title='bbox 1741 2773 1787 2797; x_wconf 81' lang='lat' dir='ltr'>est</span> 
     </span>
     <span class='ocr_line' id='line_1_98' title="bbox 992 2808 1784 2850; baseline 0.003 -10"><span class='ocrx_word' id='word_1_615' title='bbox 992 2808 1056 2840; x_wconf 79' lang='lat' dir='ltr'>Rb.</span> <span class='ocrx_word' id='word_1_616' title='bbox 1082 2812 1240 2848; x_wconf 78' lang='lat' dir='ltr'>recipere,</span> <span class='ocrx_word' id='word_1_617' title='bbox 1281 2821 1325 2842; x_wconf 88' lang='lat' dir='ltr'>sc.</span> <span class='ocrx_word' id='word_1_618' title='bbox 1355 2815 1436 2848; x_wconf 88' lang='lat' dir='ltr'>quod</span> <span class='ocrx_word' id='word_1_619' title='bbox 1469 2819 1517 2842; x_wconf 83' lang='lat' dir='ltr'>est</span> <span class='ocrx_word' id='word_1_620' title='bbox 1547 2818 1658 2843; x_wconf 85' lang='lat' dir='ltr'>contra</span> <span class='ocrx_word' id='word_1_621' title='bbox 1693 2815 1784 2850; x_wconf 80' lang='lat' dir='ltr'>leges</span> 
     </span>
     <span class='ocr_line' id='line_1_99' title="bbox 987 2855 1785 2897; baseline 0.006 -13"><span class='ocrx_word' id='word_1_622' title='bbox 987 2858 1146 2886; x_wconf 85' lang='lat' dir='ltr'>metricas.</span> <span class='ocrx_word' id='word_1_623' title='bbox 1176 2858 1222 2886; x_wconf 82' lang='lat' dir='ltr'>Cf.</span> <span class='ocrx_word' id='word_1_624' title='bbox 1243 2855 1315 2886; x_wconf 87' lang='grc'><strong>167.</strong></span> <span class='ocrx_word' id='word_1_625' title='bbox 1341 2874 1378 2878; x_wconf 88' lang='grc'>-</span> <span class='ocrx_word' id='word_1_626' title='bbox 1408 2856 1554 2887; x_wconf 73' lang='lat' dir='ltr'>evinctis</span> <span class='ocrx_word' id='word_1_627' title='bbox 1572 2855 1702 2897; x_wconf 71' lang='lat' dir='ltr'>palmis</span> <span class='ocrx_word' id='word_1_628' title='bbox 1720 2859 1740 2887; x_wconf 90' lang='lat' dir='ltr'>i.</span> <span class='ocrx_word' id='word_1_629' title='bbox 1758 2868 1785 2889; x_wconf 88' lang='lat' dir='ltr'>e.</span> 
     </span>
     <span class='ocr_line' id='line_1_100' title="bbox 987 2904 1786 2939; baseline 0.004 -9"><span class='ocrx_word' id='word_1_630' title='bbox 987 2908 1109 2931; x_wconf 83' lang='lat' dir='ltr'>caestu.</span> <span class='ocrx_word' id='word_1_631' title='bbox 1140 2904 1273 2939; x_wconf 80' lang='lat' dir='ltr'>Pugiles</span> <span class='ocrx_word' id='word_1_632' title='bbox 1299 2905 1384 2933; x_wconf 86' lang='lat' dir='ltr'>enim</span> <span class='ocrx_word' id='word_1_633' title='bbox 1408 2904 1488 2933; x_wconf 85' lang='lat' dir='ltr'>loris</span> <span class='ocrx_word' id='word_1_634' title='bbox 1514 2911 1630 2932; x_wconf 85' lang='lat' dir='ltr'>manus</span> <span class='ocrx_word' id='word_1_635' title='bbox 1656 2908 1684 2932; x_wconf 86' lang='lat' dir='ltr'>et</span> <span class='ocrx_word' id='word_1_636' title='bbox 1711 2907 1786 2934; x_wconf 84' lang='lat' dir='ltr'>bra-</span> 
     </span>
     <span class='ocr_line' id='line_1_101' title="bbox 986 2948 1785 2987; baseline 0.003 -11"><span class='ocrx_word' id='word_1_637' title='bbox 986 2948 1062 2977; x_wconf 82' lang='lat' dir='ltr'>chia</span> <span class='ocrx_word' id='word_1_638' title='bbox 1086 2949 1307 2987; x_wconf 81' lang='lat' dir='ltr'>innectebant,</span> <span class='ocrx_word' id='word_1_639' title='bbox 1340 2958 1401 2984; x_wconf 89' lang='lat' dir='ltr'>quo</span> <span class='ocrx_word' id='word_1_640' title='bbox 1426 2953 1455 2978; x_wconf 88' lang='lat' dir='ltr'>et</span> <span class='ocrx_word' id='word_1_641' title='bbox 1481 2954 1675 2985; x_wconf 80' lang='lat' dir='ltr'>augerentur</span> <span class='ocrx_word' id='word_1_642' title='bbox 1701 2950 1785 2979; x_wconf 87' lang='lat' dir='ltr'>ictus</span> 
     </span>
     <span class='ocr_line' id='line_1_102' title="bbox 984 2993 1743 3028; baseline 0.003 -6"><span class='ocrx_word' id='word_1_643' title='bbox 984 2993 1127 3028; x_wconf 88' lang='lat' dir='ltr'>ipsorum</span> <span class='ocrx_word' id='word_1_644' title='bbox 1154 2998 1182 3022; x_wconf 88' lang='lat' dir='ltr'>et</span> <span class='ocrx_word' id='word_1_645' title='bbox 1210 2997 1448 3024; x_wconf 84' lang='lat' dir='ltr'>retardarentur</span> <span class='ocrx_word' id='word_1_646' title='bbox 1471 2995 1743 3024; x_wconf 80' lang='lat' dir='ltr'>adversariorum.</span> 
     </span>
    </p>
   </div>
   <div class='ocr_carea' id='block_1_22' title="bbox 1030 3047 1785 3090">
    <p class='ocr_par' dir='ltr' id='par_1_23' title="bbox 1030 3047 1785 3090">
     <span class='ocr_line' id='line_1_103' title="bbox 1030 3047 1785 3090; baseline 0.005 -13"><span class='ocrx_word' id='word_1_647' title='bbox 1030 3047 1106 3078; x_wconf 88' lang='grc'><strong>366.</strong></span> <span class='ocrx_word' id='word_1_648' title='bbox 1133 3047 1288 3080; x_wconf 78' lang='lat' dir='ltr'>velatum</span> <span class='ocrx_word' id='word_1_649' title='bbox 1325 3058 1412 3079; x_wconf 85' lang='lat' dir='ltr'>auro</span> <span class='ocrx_word' id='word_1_650' title='bbox 1449 3047 1631 3090; x_wconf 75' lang='lat' dir='ltr'>vittis-que,</span> <span class='ocrx_word' id='word_1_651' title='bbox 1673 3060 1785 3089; x_wconf 77' lang='lat' dir='ltr'>„coro-</span> 
     </span>
    </p>
   </div>
   <div class='ocr_carea' id='block_1_23' title="bbox 1930 0 1990 1462">
    <p class='ocr_par' dir='ltr' id='par_1_24' title="bbox 1930 0 1990 1462">
     <span class='ocr_line' id='line_1_104' title="bbox 1930 0 1990 1462; baseline 0 0"><span class='ocrx_word' id='word_1_652' title='bbox 1930 0 1990 1462; x_wconf 95' lang='lat' dir='ltr'> </span> 
     </span>
    </p>
   </div>
  </div>
 </body>
</html>
