2023 3350
235 151 314 191 190

799 146 834 177 P.
862 145 1054 178 VlRGILIl

1090 146 1257 180 MARON
1262 148 1303 180 IS

231 263 341 314 Quin
375 260 505 302 8113111
540 257 721 300 hiberno
759 256 924 298 moliris
961 256 1101 300 sidere
1137 259 1316 302 classem

230 321 286 362 Et
325 318 476 359 1118(1118
512 328 720 370 1118118138
759 313 1046 368 Aquilonibus
1081 315 1144 357 118
1181 331 1258 370 1181·
1298 318 1447 369 31111111,

517 373 658 424 Ouid?
699 372 735 413 si
770 385 856 413 non
892 385 996 413 arva
1030 372 1173 414 aliena
1209 374 1448 430 domosque

233 378 287 419 C1
291 376 454 417 11(18118“.

1791 320 1874 358 310

230 436 406 487 Ignotas
444 434 629 485 peteres,
671 433 713 470 81
749 429 881 470 T10ia
919 429 1099 483 antiqua
1133 436 1338 485 maneret,

230 491 359 532 Troia
395 503 472 543 per
511 488 723 529 undosum
761 491 982 541 pet-eretui
1021 487 1231 530 classibus
1271 491 1464 543 aequor?

230 549 352 590 Mene
380 547 524 600 fugis?
585 546 666 586 Per
697 558 776 598 ego
806 544 886 586 1138
912 545 1115 587 lacrimas
1147 546 1431 602 dextramque
1458 552 1579 589 tuam
1604 551 1648 589 18
1676 572 1734 578 -

230 605 409 656 Quando
448 603 567 645 aliud
602 602 707 643 mihi
741 603 828 644 iam
867 603 1051 644 miserae
1089 603 1197 645 nihil
1236 604 1330 657 ipsa
1366 605 1522 659 reliqui
1555 631 1612 637 ——-

1794 607 1874 646 315

228 664 309 705 Per
344 661 557 704 connubia
594 663 763 712 nostra,
800 674 878 714 per
910 660 1106 714 inceptos
1142 661 1425 715 Hymenaeos,

230 722 274 763 Si
311 720 418 761 bene
457 718 562 772 quid
603 717 656 759 de
685 721 729 759 18
765 718 921 770 merui,
958 718 1042 759 fuit
1077 722 1156 760 3111
1188 719 1270 761 tibi
1309 719 1544 774 quidquam

228 778 363 820 Dulce
399 790 562 828 meum,
600 776 802 817 miserere
838 775 990 818 domus
1026 776 1233 828 labentis,
1272 781 1314 819 81
1353 778 1494 829 1813111,

229 837 338 887 Oro,
378 835 414 876 si
448 834 544 888 quis
582 833 725 875 adhuc
760 833 962 887 precibus
1000 833 1136 886 locus,
1178 848 1283 876 exue
1318 839 1514 877 mentem.

228 895 286 935 Te
318 896 500 947 propter
531 891 718 946 Libycae
755 895 904 945 gentes
934 892 1266 946 Nomadumque
1304 894 1478 948 tyranni

1794 894 1876 933 320

230 951 386 1002 Odere,
421 950 576 992 infensi
608 949 745 1003 Tyrii3
784 953 828 991 18
862 953 1042 1004 propt-er
1077 950 1260 992 eundem

228 1009 479 1051 Exstinctus
515 1007 671 1061 pudor,
711 1010 770 1058 81,
814 1021 900 1060 qua
941 1008 1034 1049 sola
1071 1008 1214 1050 sidera
1251 1008 1437 1060 adibam,

228 1068 362 1109 Fama
398 1066 529 1120 prior.

597 1065 676 1107 Cui
715 1079 783 1106 me
818 1064 1121 1107 moribundam
1162 1066 1341 1117 deseris,
1384 1066 1570 1121 hospes?

228 1125 322 1166 Hoc
357 1124 496 1165 solum
530 1136 685 1165 nomen
717 1123 921 1176 quoniam
959 1123 1011 1164 de
1049 1123 1229 1177 coniuge
1270 1127 1420 1165 restat..

230 1181 344 1233 Quid
378 1181 553 1222 moror?
591 1194 663 1231 an,
700 1194 795 1222 mea
832 1180 1085 1234 Pygmalion
1120 1181 1222 1222 dum
1257 1182 1429 1223 moenia
1466 1180 1603 1222 frater
1794 1182 1875 1220 325

227 1241 453 1290 Destruat,
490 1242 568 1280 3111
608 1241 780 1291 captam
818 1237 950 1280 ducat
983 1238 1192 1280 Gaetulus
1229 1238 1413 1281 Iarbas?

230 1298 393 1341 Saltem
429 1297 466 1338 si
505 1309 591 1350 qua
624 1296 729 1337 mihi
766 1295 819 1337 de
854 1300 898 1337 18
934 1300 1136 1350 suscepta
1169 1297 1324 1338 fuisset

228 1357 339 1397 Ante
373 1354 523 1408 fugam
559 1353 750 1405 suboles,
790 1353 827 1395 si
864 1354 960 1408 quis
996 1354 1102 1395 mihi
1136 1354 1343 1408 parvulus
1378 1353 1479 1395 aula

229 1413 416 1454 Luderet
450 1413 636 1463 Aeneas,

343 1527 536 1569 Dixerat.

275 1657 351 1686 311.
385 1654 546 1687 Crudelis
576 1656 697 1693 „eliam
729 1657 761 1685 in
795 1661 825 1684 18
851 1658 923 1685 odio
950 1657 1025 1685 mei.

229 1705 283 1733 Sic
307 1706 464 1732 Lucanus
493 1704 531 1731 de
559 1703 706 1732 Caesare
733 1701 772 1739 5,
801 1701 867 1731 687
902 1700 1027 1732 Saevi-

227 1748 279 1780 tia
301 1752 350 1779 est
377 1747 528 1778 voluisse
552 1745 677 1776 τηονί.“
720 1750 753 1776 S.

275 1793 353 1824 312.
379 1797 421 1824 et.
462 1791 526 1824 Rb.
555 1795 608 1822 dat
632 1796 693 1823 set.

274 1839 349 1870 314.
382 1838 482 1870 Mene
496 1834 629 1880 fugis?
668 1840 818 1868 Nondum
842 1839 939 1868 audet
965 1839 1028 1868 sibi

228 1888 303 1922 ipsa
326 1887 440 1921 faleri,
470 1894 528 1914 cur
553 1885 717 1921 proficisci
743 1885 819 1913 velit
849 1886 993 1914 Aeneas.

274 1931 350 1961 315.
379 1929 536 1971 quaudo,
570 1931 833 1965 quandoquidem
858 1931 923 1959 iam
948 1931 1029 1959 nihil

228 1979 305 2007 milii
339 1978 482 2006 miserae
519 1982 638 2008 reslal.
688 1984 751 2011 quo
794 1981 824 2004 te
862 1984 1025 2013 moveam,

228 2031 325 2059 quam
351 2024 507 2052 lacrimae
534 2028 565 2051 et
591 2031 720 2058 preces.

274 2069 351 2098 317.
383 2067 422 2097 Si
439 2065 522 2098 bene
546 2073 607 2097 818
647 2065 687 2096 Si
706 2065 788 2096 bene
811 2063 895 2106 quid
916 2065 1029 2096 merui

228 2114 710 2162 8131.Τ11811.1,60;113
731 2115 831 2147 soph.
869 2113 921 2148 Α]
959 2111 1028 2142 520

226 2153 352 2209 ανδρί
380 2167 437 2188 τοι
479 2153 596 2198 χρεὼν
637 2151 782 2197 μνήμην
824 2156 1028 2196 προσεῖναι,

226 2199 383 2245 τερπνὸν
401 2200 438 2233 εἴ
450 2201 485 2233 τί
499 2212 571 2233 που
590 2198 722 2233 παθοι.
774 2201 815 2232 Si
838 2203 879 2232 cf.
900 2204 932 2241 9,
948 2202 1026 2232 406.

273 2249 351 2279 320.
376 2253 409 2280 te
439 2252 592 2290 propter.
650 2252 717 2278 lam
752 2249 869 2278 transit
897 2251 939 2278 ad
971 2257 1026 2278 res

225 2298 388 2326 molestas
406 2301 437 2324 et
456 2297 631 2331 adversas,
662 2303 746 2330 quas
768 2296 939 2324 auraxerit
960 2296 1026 2324 Α8-

226 2350 326 2377 neas,
353 2350 502 2377 quasque
528 2343 726 2377 propulsare
753 2342 880 2369 debeat.

271 2387 348 2417 321.
378 2385 514 2425 Infensi
545 2385 643 2427 Tyrii
669 2391 762 2422 sunt,
799 2388 885 2420 quod
909 2394 1026 2421 parere

226 2438 387 2469 coguntur
417 2437 553 2461 externo
583 2433 724 2467 homini3
768 2440 826 2466 per
860 2436 890 2460 le
928 2432 1026 2460 etiam

226 2480 347 2508 famam
375 2478 568 2515 pudicitiae,
598 2485 663 2512 qua
688 2477 880 2514 florueram,
904 2477 1011 2505 amisi.

271 2524 347 2553 322.
376 2533 445 2565 qua
471 2522 591 2553 sidera
615 2520 769 2552 adibam.
822 2524 869 2552 De
892 2530 933 2552 ea
957 2522 1025 2551 for-

225 2573 314 2599 mula
338 2569 372 2606 1,
399 2569 477 2598 287.

273 2615 350 2645 323.
383 2612 520 2645 Deseris
557 2614 598 2644 cf.
633 2612 672 2651 2,
701 2613 767 2642 677
797 2618 827 2642 et
859 2614 919 2642 ΟΥ.
949 2615 1024 2642 Her.

225 2660 257 2697 3,
277 2659 319 2689 61
349 2658 419 2690 Ibis
437 2663 469 2690 et
495 2669 513 2690 8
536 2658 697 2689 miseram
721 2656 777 2688 cui
802 2667 854 2688 me
877 2657 1028 2688 violente

226 2702 422 2745 relinquis?
457 2721 503 2726 —
533 2706 660 2740 Ubique
693 2705 822 2740 ellipsis
857 2709 926 2733 est:
969 2702 1026 2734 cui

226 2759 280 2780 mc
302 2749 491 2790 permittis,
519 2749 600 2780 dum
625 2748 807 2790 relinquis.

271 2794 349 2825 32⁴.
375 2793 437 2825 hoc
471 2795 602 2826 solum.-
651 2799 722 2826 Non
752 2796 818 2825 iam
849 2796 1025 2831 coniugem

227 2843 286 2871 sed
323 2842 487 2876 hospitem
523 2844 619 2871 modo
659 2847 690 2870 le
730 2843 901 2877 appellare
935 2841 1022 2870 licet.

226 2888 377 2923 „Dicitur
402 2888 525 2922 ingenti
554 2889 673 2917 affectu
703 2890 765 2916 hos
798 2895 920 2916 versus
947 2895 1023 2922 pro-

225 2934 415 2969 nuntiasse,
447 2941 520 2961 cum
546 2934 696 2968 privatim
720 2933 838 2968 paucis
862 2940 1024 2968 praesen-

225 2979 311 3008 tibus
347 2979 499 3008 recitaret
532 2979 697 3013 Augusto.
758 2980 838 3008 Nam
872 2979 1023 3007 recitavit

226 3025 362 3057 primum
391 3025 493 3054 libros
520 3024 648 3053 tertium
676 3031 705 3055 et
733 3024 917 3059 qua1·.“1um
958 3027 992 3053 S.

272 3067 349 3097 325.
380 3067 473 3107 Quid
496 3077 611 3099 moror
633 3070 692 3105 (de
718 3070 850 3099 indicat.
875 3070 915 3099 cs.
935 3067 1022 3105 368)

679 1411 754 1464 qui
788 1415 832 1453 18
854 1414 1014 1454 ’13111811
1055 1426 1131 1454 ore
1165 1412 1358 1462 referret,

228 1472 323 1513 Non
359 1469 555 1523 equidem
588 1470 760 1510 omnino
796 1472 926 1523 capta
960 1483 1011 1511 ac
1043 1470 1216 1511 deserta
1252 1470 1432 1511 viderer.

595 1527 675 1568 Ille
708 1527 821 1569 Iovis
856 1527 1032 1569 monitis
1070 1528 1252 1570 immota
1289 1526 1465 1569 tenebat

1074 1666 1121 1686 88.
1155 1666 1220 1686 non
1252 1661 1301 1686 est
1328 1663 1455 1686 caussa
1478 1654 1642 1689 morandi:
1680 1662 1726 1684 an
1753 1661 1877 1688 morer,

1075 1699 1183 1732 dum?
1213 1719 1257 1722 —
1290 1705 1319 1732 A
1346 1703 1447 1732 fratre
1485 1702 1702 1737 pygmalione
1744 1707 1877 1734 semper

1074 1754 1144 1777 erat
1186 1749 1378 1785 timendum,

1074 1795 1170 1823 etiam
1208 1798 1248 1823 ab
1281 1797 1391 1832 larba,

1072 1841 1214 1869 infenso.

1121 1885 1199 1915 325.

1427 1748 1468 1777 cf.
1516 1747 1551 1784 1,
1590 1745 1658 1774 346
1695 1754 1744 1781 sq.
1788 1753 1875 1774 nunc

1431 1796 1471 1823 ob
1511 1794 1695 1829 praelatum
1727 1793 1874 1821 Aeneam

1226 1887 1309 1921 ..Qui
1328 1894 1359 1914 v.
1379 1885 1443 1914 327
1463 1893 1512 1919 sq.
1532 1884 1789 1919 reprehendunt,
1815 1890 1877 1911 no-

1076 1933 1153 1961 stris
1179 1933 1325 1961 moribus
1351 1939 1416 1960 rem
1444 1931 1629 1967 aestimant,
1655 1929 1741 1963 quod
1761 1928 1794 1956 in
1815 1936 1877 1956 ve-

1075 1983 1143 2006 tere
1170 1985 1267 2013 118813
1293 1982 1323 2006 et
1350 1980 1486 2005 heroum
1508 1977 1576 2005 vila
1604 1983 1668 2004 non
1695 1979 1783 2003 recle
1810 1971 1876 2002 fit“

1077 2021 1146 2052 Hn.
1179 2032 1211 2051 x.
1246 2021 1446 2052 327—330
1472 2030 1513 2051 ne
1541 2024 1721 2050 memorant
1746 2020 1876 2054 quidem

1076 2078 1178 2105 posse
1204 2069 1337 2104 spurios
1363 2069 1477 2097 haberi
1505 2065 1555 2096 ΡΙ.
1584 2065 1659 2106 Wg
1662 2063 1762 2095 .Ld.
1795 2062 1861 2094 Hb.

1121 2114 1200 2143 329.
1231 2113 1277 2143 Te
1304 2117 1421 2144 tamen
1447 2117 1489 2142 M.
1518 2115 1561 2142 al
1618 2114 1720 2141 Habet
1751 2119 1875 2140 conso-

1075 2161 1163 2189 landi
1186 2161 1250 2189 vim
1277 2160 1317 2189 cf.
1343 2160 1374 2197 9,
1399 2158 1476 2188 248.
1499 2174 1541 2178 —
1568 2160 1600 2187 ie
1623 2159 1759 2187 tantum
1785 2158 1875 2191 vulg.

1073 2207 1106 2235 in
1131 2208 1212 2235 Edd.
1238 2222 1283 2225 ——
1315 2203 1381 2234 Ore
1410 2203 1540 2243 referre
1570 2207 1621 2232 est
1651 2210 1708 2232 ore
1734 2209 1874 2238 novare,

1073 2257 1223 2287 repetere
1250 2253 1268 2280 i.
1297 2260 1325 2280 e.
1352 2251 1423 2286 pari
1447 2258 1527 2279 esse
1551 2249 1654 2284 figura
1677 2253 1802 2284 lecum3
1829 2248 1875 2277 ita

1073 2297 1112 2334 5,
1138 2296 1207 2327 564
1234 2305 1356 2326 nomen
1379 2295 1512 2334 referre
1533 2292 1615 2329 avi‚·
1639 2293 1696 2330 12,
1721 2293 1789 2322 348
1811 2302 1875 2322 no-

1073 2341 1166 2372 mine
1191 2351 1295 2371 avum
1314 2340 1484 2377 referens,
1508 2337 1627 2369 auimo
1645 2337 1876 2379 manibusque

1070 2390 1264 2428 parentem.
1305 2388 1388 2416 Plin.
1415 2389 1472 2421 Ep.
1503 2387 1532 2423 7,
1563 2385 1601 2414 19
1625 2387 1771 2414 matrem
1800 2382 1875 2413 eius

1073 2432 1180 2471 refert
1210 2430 1319 2462 nobis.
1370 2435 1510 2462 Versum
1540 2435 1628 2461 hunc
1661 2431 1739 2466 legit
1772 2432 1875 2459 Iuve-

1072 2480 1175 2515 nalis,
1209 2479 1262 2513 qui
1293 2479 1329 2516 5,
1366 2477 1430 2507 138
1460 2475 1580 2507 nullus
1609 2474 1672 2506 tibi
1701 2473 1875 2517 parvulus

1073 2522 1160 2553 aula
1200 2521 1320 2554 luserit
1353 2524 1487 2553 Aeneas
1526 2531 1588 2553 nec
1618 2520 1706 2562 filia
1739 2518 1876 2551 dulcior

1072 2567 1155 2599 illis.

1118 2614 1195 2644 330.
1228 2613 1341 2655 Capta
1381 2615 1526 2650 explicat
1566 2621 1598 2642 v.
1638 2611 1707 2642 326
1742 2617 1772 2642 et
1811 2613 1872 2641 ΟΥ.

1073 2663 1149 2690 Her.
1177 2661 1205 2689 7.
1235 2660 1297 2689 125
1320 2657 1412 2698 Quid
1438 2657 1579 2689 dubitas
1603 2657 1756 2689 vinctam
1780 2655 1873 2687 Gae-

1072 2704 1146 2737 tulo
1171 2704 1311 2736 tradere
1337 2701 1488 2735 Iarbae?

1151 2781 1355 2813 331—361.
1405 2780 1558 2812 Excusat
1581 2788 1620 2811 se
1640 2778 1788 2811 Aeneas.

1117 2839 1194 2870 331.
1219 2842 1376 2876 Aeneae,
1402 2840 1457 2875 qui
1480 2840 1554 2873 ipse
1578 2839 1702 2867 invitus
1729 2838 1870 2873 decedit,

1071 2887 1237 2915 vincenda
1271 2891 1320 2915 esl
1358 2892 1400 2914 83
1438 2885 1633 2921 difficultaS,
1676 2888 1709 2912 ut
1747 2883 1871 2912 amanli

1071 2934 1269 2968 persuadeat
1288 2931 1441 2967 feminae,
1465 2930 1602 2959 invitum
1624 2937 1662 2958 se
1682 2929 1783 2965 abire,
1807 2929 1869 2958 sed

1070 2986 1135 3008 non
1164 2986 1266 3013 posse
1292 2983 1481 3011 remanere,
1516 2982 1616 3009 quum
1645 2974 1769 3003 femina
1793 2981 1870 3003 eum

1071 3028 1099 3052 81
1131 3031 1214 3058 quae
1244 3023 1322 3051 velit
1351 3022 1505 3058 perficere
1534 3024 1565 3048 et
1598 3027 1682 3054 quae
1710 3021 1789 3049 nolit
1816 3027 1869 3049 re-

1071 3072 1195 3104 pellere
1221 3076 1293 3097 eum
1328 3075 1431 3103 posse
1455 3070 1552 3102 pulei.
1575 3081 1618 3084 —
1644 3068 1720 3101 lpse
1748 3070 1869 3101 aulem,
