<?xml version="1.0" encoding="UTF-8"?>
<!DOCTYPE html PUBLIC "-//W3C//DTD XHTML 1.0 Transitional//EN"
    "http://www.w3.org/TR/xhtml1/DTD/xhtml1-transitional.dtd">
<html xmlns="http://www.w3.org/1999/xhtml" xml:lang="en" lang="en">
 <head>
  <title>
</title>
<meta http-equiv="Content-Type" content="text/html;charset=utf-8" />
  <meta name='ocr-system' content='tesseract 3.04.00' />
  <meta name='ocr-capabilities' content='ocr_page ocr_carea ocr_par ocr_line ocrx_word'/>
</head>
<body>
  <div class='ocr_page' id='page_1' title='image "aeneisvi00virguoft_0201.png"; bbox 0 0 2023 3350; ppageno 0'>
   <div class='ocr_carea' id='block_1_1' title="bbox 0 2310 24 3350">
    <p class='ocr_par' dir='ltr' id='par_1_1' title="bbox 0 2310 24 3350">
     <span class='ocr_line' id='line_1_1' title="bbox 0 2310 24 3350; textangle 90"><span class='ocrx_word' id='word_1_1' title='bbox 0 3092 24 3350; x_wconf 40' lang='lat'>&amp;⁴3</span> <span class='ocrx_word' id='word_1_2' title='bbox 0 3043 19 3080; x_wconf 51' lang='lat' dir='ltr'>§.a</span> <span class='ocrx_word' id='word_1_3' title='bbox 0 2310 18 3039; x_wconf 41' lang='lat' dir='ltr'>afim-W</span> 
     </span>
    </p>
   </div>
   <div class='ocr_carea' id='block_1_2' title="bbox 712 125 1147 160">
    <p class='ocr_par' dir='ltr' id='par_1_2' title="bbox 712 125 1147 160">
     <span class='ocr_line' id='line_1_2' title="bbox 712 125 1147 160; baseline 0 -2"><span class='ocrx_word' id='word_1_4' title='bbox 712 125 948 159; x_wconf 77' lang='lat' dir='ltr'>AENEIDOS</span> <span class='ocrx_word' id='word_1_5' title='bbox 980 127 1063 159; x_wconf 85' lang='lat' dir='ltr'>LIB.</span> <span class='ocrx_word' id='word_1_6' title='bbox 1091 128 1147 160; x_wconf 87' lang='lat' dir='ltr'>lv.</span> 
     </span>
    </p>
   </div>
   <div class='ocr_carea' id='block_1_3' title="bbox 1670 130 1749 169">
    <p class='ocr_par' dir='ltr' id='par_1_3' title="bbox 1670 130 1749 169">
     <span class='ocr_line' id='line_1_3' title="bbox 1670 130 1749 169; baseline 0.013 -1"><span class='ocrx_word' id='word_1_7' title='bbox 1670 130 1749 169; x_wconf 83' lang='lat'>175</span> 
     </span>
    </p>
   </div>
   <div class='ocr_carea' id='block_1_4' title="bbox 111 240 1750 699">
    <p class='ocr_par' dir='ltr' id='par_1_4' title="bbox 111 240 1272 294">
     <span class='ocr_line' id='line_1_4' title="bbox 111 240 1272 294; baseline 0.001 -12"><span class='ocrx_word' id='word_1_8' title='bbox 111 240 304 293; x_wconf 77' lang='lat' dir='ltr'>Interea,</span> <span class='ocrx_word' id='word_1_9' title='bbox 347 244 391 282; x_wconf 88' lang='lat' dir='ltr'>et</span> <span class='ocrx_word' id='word_1_10' title='bbox 425 241 606 284; x_wconf 87' lang='lat' dir='ltr'>tacitum</span> <span class='ocrx_word' id='word_1_11' title='bbox 642 241 746 283; x_wconf 87' lang='lat' dir='ltr'>vivit</span> <span class='ocrx_word' id='word_1_12' title='bbox 783 240 862 282; x_wconf 91' lang='lat' dir='ltr'>sub</span> <span class='ocrx_word' id='word_1_13' title='bbox 893 244 1066 294; x_wconf 85' lang='lat' dir='ltr'>pectore</span> <span class='ocrx_word' id='word_1_14' title='bbox 1109 242 1272 283; x_wconf 82' lang='lat' dir='ltr'>volnus.</span> 
     </span>
    </p>

    <p class='ocr_par' dir='ltr' id='par_1_5' title="bbox 112 298 1065 352">
     <span class='ocr_line' id='line_1_5' title="bbox 112 298 1065 352; baseline 0 -13"><span class='ocrx_word' id='word_1_15' title='bbox 112 298 264 340; x_wconf 84' lang='lat' dir='ltr'>Uritur</span> <span class='ocrx_word' id='word_1_16' title='bbox 302 298 452 341; x_wconf 79' lang='lat' dir='ltr'>infelix</span> <span class='ocrx_word' id='word_1_17' title='bbox 490 298 620 351; x_wconf 90' lang='lat' dir='ltr'>Dido,</span> <span class='ocrx_word' id='word_1_18' title='bbox 664 302 843 352; x_wconf 82' lang='lat' dir='ltr'>totaque</span> <span class='ocrx_word' id='word_1_19' title='bbox 882 302 1065 352; x_wconf 81' lang='lat' dir='ltr'>vagatur</span> 
     </span>
    </p>

    <p class='ocr_par' dir='ltr' id='par_1_6' title="bbox 111 355 1202 410">
     <span class='ocr_line' id='line_1_6' title="bbox 111 355 1202 410; baseline 0 -12"><span class='ocrx_word' id='word_1_20' title='bbox 111 355 229 398; x_wconf 84' lang='lat' dir='ltr'>Urbe</span> <span class='ocrx_word' id='word_1_21' title='bbox 266 356 428 408; x_wconf 87' lang='lat' dir='ltr'>furens,</span> <span class='ocrx_word' id='word_1_22' title='bbox 470 357 611 410; x_wconf 86' lang='lat' dir='ltr'>qualis</span> <span class='ocrx_word' id='word_1_23' title='bbox 646 357 839 398; x_wconf 82' lang='lat' dir='ltr'>coniecta</span> <span class='ocrx_word' id='word_1_24' title='bbox 873 370 998 397; x_wconf 83' lang='lat' dir='ltr'>cerva</span> <span class='ocrx_word' id='word_1_25' title='bbox 1031 356 1202 410; x_wconf 82' lang='lat' dir='ltr'>sagitta,</span> 
     </span>
    </p>

    <p class='ocr_par' dir='ltr' id='par_1_7' title="bbox 112 413 1750 526">
     <span class='ocr_line' id='line_1_7' title="bbox 113 413 1750 467; baseline 0.001 -13"><span class='ocrx_word' id='word_1_26' title='bbox 113 413 250 464; x_wconf 83' lang='lat' dir='ltr'>Quam</span> <span class='ocrx_word' id='word_1_27' title='bbox 290 414 442 467; x_wconf 88' lang='lat' dir='ltr'>procul</span> <span class='ocrx_word' id='word_1_28' title='bbox 475 415 698 456; x_wconf 76' lang='lat' dir='ltr'>incautam</span> <span class='ocrx_word' id='word_1_29' title='bbox 731 428 908 455; x_wconf 83' lang='lat' dir='ltr'>nemora</span> <span class='ocrx_word' id='word_1_30' title='bbox 947 414 1060 455; x_wconf 86' lang='lat' dir='ltr'>inter</span> <span class='ocrx_word' id='word_1_31' title='bbox 1099 414 1245 455; x_wconf 71' lang='lat' dir='ltr'>Cresia</span> <span class='ocrx_word' id='word_1_32' title='bbox 1282 413 1377 455; x_wconf 82' lang='lat' dir='ltr'>fixit</span> <span class='ocrx_word' id='word_1_33' title='bbox 1696 417 1750 455; x_wconf 84' lang='lat'>70</span> 
     </span>
     <span class='ocr_line' id='line_1_8' title="bbox 112 471 1253 526; baseline 0 -14"><span class='ocrx_word' id='word_1_34' title='bbox 112 471 269 512; x_wconf 84' lang='lat' dir='ltr'>Pastor</span> <span class='ocrx_word' id='word_1_35' title='bbox 304 485 435 526; x_wconf 84' lang='lat' dir='ltr'>agens</span> <span class='ocrx_word' id='word_1_36' title='bbox 470 472 586 524; x_wconf 90' lang='lat' dir='ltr'>telis,</span> <span class='ocrx_word' id='word_1_37' title='bbox 630 472 843 526; x_wconf 83' lang='lat' dir='ltr'>liquitque</span> <span class='ocrx_word' id='word_1_38' title='bbox 882 472 1056 513; x_wconf 85' lang='lat' dir='ltr'>volatile</span> <span class='ocrx_word' id='word_1_39' title='bbox 1091 471 1253 513; x_wconf 83' lang='lat' dir='ltr'>ferrum</span> 
     </span>
    </p>

    <p class='ocr_par' dir='ltr' id='par_1_8' title="bbox 113 529 1229 584">
     <span class='ocr_line' id='line_1_9' title="bbox 113 529 1229 584; baseline 0 -14"><span class='ocrx_word' id='word_1_40' title='bbox 113 529 310 581; x_wconf 72' lang='lat' dir='ltr'>Nescius,</span> <span class='ocrx_word' id='word_1_41' title='bbox 352 530 429 572; x_wconf 84' lang='lat' dir='ltr'>illa</span> <span class='ocrx_word' id='word_1_42' title='bbox 462 529 565 584; x_wconf 81' lang='lat' dir='ltr'>fuga</span> <span class='ocrx_word' id='word_1_43' title='bbox 601 530 731 572; x_wconf 82' lang='lat' dir='ltr'>silvas</span> <span class='ocrx_word' id='word_1_44' title='bbox 768 530 988 583; x_wconf 74' lang='lat' dir='ltr'>saltusque</span> <span class='ocrx_word' id='word_1_45' title='bbox 1023 533 1229 583; x_wconf 76' lang='lat' dir='ltr'>peragrat</span> 
     </span>
    </p>

    <p class='ocr_par' dir='ltr' id='par_1_9' title="bbox 113 587 1096 638">
     <span class='ocr_line' id='line_1_10' title="bbox 113 587 1096 638; baseline 0.001 -11"><span class='ocrx_word' id='word_1_46' title='bbox 113 587 332 638; x_wconf 79' lang='lat' dir='ltr'>Dictaeos3</span> <span class='ocrx_word' id='word_1_47' title='bbox 377 587 528 629; x_wconf 82' lang='lat' dir='ltr'>haeret</span> <span class='ocrx_word' id='word_1_48' title='bbox 566 588 693 630; x_wconf 88' lang='lat' dir='ltr'>lateri</span> <span class='ocrx_word' id='word_1_49' title='bbox 728 588 871 630; x_wconf 82' lang='lat' dir='ltr'>letalis</span> <span class='ocrx_word' id='word_1_50' title='bbox 917 587 1096 629; x_wconf 80' lang='lat' dir='ltr'>arundo.</span> 
     </span>
    </p>

    <p class='ocr_par' dir='ltr' id='par_1_10' title="bbox 112 644 1273 699">
     <span class='ocr_line' id='line_1_11' title="bbox 112 644 1273 699; baseline 0.002 -14"><span class='ocrx_word' id='word_1_51' title='bbox 112 645 236 685; x_wconf 86' lang='lat' dir='ltr'>Nunc</span> <span class='ocrx_word' id='word_1_52' title='bbox 268 645 410 687; x_wconf 81' lang='lat' dir='ltr'>media</span> <span class='ocrx_word' id='word_1_53' title='bbox 443 646 617 687; x_wconf 87' lang='lat' dir='ltr'>Aenean</span> <span class='ocrx_word' id='word_1_54' title='bbox 655 660 798 688; x_wconf 83' lang='lat' dir='ltr'>secum</span> <span class='ocrx_word' id='word_1_55' title='bbox 833 660 910 699; x_wconf 85' lang='lat' dir='ltr'>per</span> <span class='ocrx_word' id='word_1_56' title='bbox 942 646 1111 686; x_wconf 80' lang='lat' dir='ltr'>moenia</span> <span class='ocrx_word' id='word_1_57' title='bbox 1146 644 1273 687; x_wconf 82' lang='lat' dir='ltr'>ducit.</span> 
     </span>
    </p>
   </div>
   <div class='ocr_carea' id='block_1_5' title="bbox 113 701 1280 758">
    <p class='ocr_par' dir='ltr' id='par_1_11' title="bbox 113 701 1280 758">
     <span class='ocr_line' id='line_1_12' title="bbox 113 701 1280 758; baseline -0.002 -14"><span class='ocrx_word' id='word_1_58' title='bbox 113 701 396 756; x_wconf 77' lang='lat' dir='ltr'>Sidoniasque</span> <span class='ocrx_word' id='word_1_59' title='bbox 431 706 621 745; x_wconf 81' lang='lat' dir='ltr'>ostentat</span> <span class='ocrx_word' id='word_1_60' title='bbox 657 717 758 758; x_wconf 87' lang='lat' dir='ltr'>opes</span> <span class='ocrx_word' id='word_1_61' title='bbox 794 703 1030 756; x_wconf 81' lang='lat' dir='ltr'>urbemque</span> <span class='ocrx_word' id='word_1_62' title='bbox 1064 707 1280 757; x_wconf 66' lang='lat' dir='ltr'>pai-atatim</span> 
     </span>
    </p>
   </div>
   <div class='ocr_carea' id='block_1_6' title="bbox 111 760 1748 1105">
    <p class='ocr_par' dir='ltr' id='par_1_12' title="bbox 111 760 1155 815">
     <span class='ocr_line' id='line_1_13' title="bbox 111 760 1155 815; baseline 0.001 -15"><span class='ocrx_word' id='word_1_63' title='bbox 111 760 270 813; x_wconf 84' lang='lat' dir='ltr'>Incipit</span> <span class='ocrx_word' id='word_1_64' title='bbox 302 760 445 813; x_wconf 81' lang='lat' dir='ltr'>effari,</span> <span class='ocrx_word' id='word_1_65' title='bbox 491 762 718 815; x_wconf 85' lang='lat' dir='ltr'>mediaque</span> <span class='ocrx_word' id='word_1_66' title='bbox 758 762 802 802; x_wconf 87' lang='lat' dir='ltr'>in</span> <span class='ocrx_word' id='word_1_67' title='bbox 836 775 937 802; x_wconf 83' lang='lat' dir='ltr'>voce</span> <span class='ocrx_word' id='word_1_68' title='bbox 975 761 1155 802; x_wconf 75' lang='lat' dir='ltr'>resistit:</span> 
     </span>
    </p>

    <p class='ocr_par' dir='ltr' id='par_1_13' title="bbox 112 818 1189 871">
     <span class='ocr_line' id='line_1_14' title="bbox 112 818 1189 871; baseline 0 -12"><span class='ocrx_word' id='word_1_69' title='bbox 112 818 237 859; x_wconf 87' lang='lat' dir='ltr'>Nunc</span> <span class='ocrx_word' id='word_1_70' title='bbox 274 818 424 861; x_wconf 84' lang='lat' dir='ltr'>eadem</span> <span class='ocrx_word' id='word_1_71' title='bbox 460 819 632 861; x_wconf 85' lang='lat' dir='ltr'>labente</span> <span class='ocrx_word' id='word_1_72' title='bbox 672 819 741 861; x_wconf 86' lang='lat' dir='ltr'>die</span> <span class='ocrx_word' id='word_1_73' title='bbox 779 820 972 860; x_wconf 75' lang='lat' dir='ltr'>convivia</span> <span class='ocrx_word' id='word_1_74' title='bbox 1009 818 1189 871; x_wconf 74' lang='lat' dir='ltr'>quaerit,</span> 
     </span>
    </p>

    <p class='ocr_par' dir='ltr' id='par_1_14' title="bbox 112 876 1154 930">
     <span class='ocr_line' id='line_1_15' title="bbox 112 876 1154 930; baseline 0 -14"><span class='ocrx_word' id='word_1_75' title='bbox 112 876 355 930; x_wconf 83' lang='lat' dir='ltr'>Iliacosque</span> <span class='ocrx_word' id='word_1_76' title='bbox 391 877 547 918; x_wconf 86' lang='lat' dir='ltr'>iterum</span> <span class='ocrx_word' id='word_1_77' title='bbox 586 877 759 918; x_wconf 89' lang='lat' dir='ltr'>demens</span> <span class='ocrx_word' id='word_1_78' title='bbox 795 877 947 918; x_wconf 85' lang='lat' dir='ltr'>audire</span> <span class='ocrx_word' id='word_1_79' title='bbox 982 876 1154 917; x_wconf 82' lang='lat' dir='ltr'>labores</span> 
     </span>
    </p>

    <p class='ocr_par' dir='ltr' id='par_1_15' title="bbox 113 933 1275 988">
     <span class='ocr_line' id='line_1_16' title="bbox 113 933 1275 988; baseline -0.002 -14"><span class='ocrx_word' id='word_1_80' title='bbox 113 934 340 987; x_wconf 77' lang='lat' dir='ltr'>Exposcit,</span> <span class='ocrx_word' id='word_1_81' title='bbox 383 934 627 988; x_wconf 81' lang='lat' dir='ltr'>pendetque</span> <span class='ocrx_word' id='word_1_82' title='bbox 661 935 818 977; x_wconf 89' lang='lat' dir='ltr'>iterum</span> <span class='ocrx_word' id='word_1_83' title='bbox 853 934 1069 975; x_wconf 83' lang='lat' dir='ltr'>narrantis</span> <span class='ocrx_word' id='word_1_84' title='bbox 1099 933 1152 974; x_wconf 87' lang='lat' dir='ltr'>ab</span> <span class='ocrx_word' id='word_1_85' title='bbox 1190 945 1275 973; x_wconf 86' lang='lat' dir='ltr'>ore.</span> 
     </span>
    </p>

    <p class='ocr_par' dir='ltr' id='par_1_16' title="bbox 113 989 1748 1105">
     <span class='ocr_line' id='line_1_17' title="bbox 113 989 1748 1046; baseline -0.002 -14"><span class='ocrx_word' id='word_1_86' title='bbox 113 991 238 1043; x_wconf 83' lang='lat' dir='ltr'>Post,</span> <span class='ocrx_word' id='word_1_87' title='bbox 281 991 355 1033; x_wconf 86' lang='lat' dir='ltr'>ubi</span> <span class='ocrx_word' id='word_1_88' title='bbox 393 992 592 1046; x_wconf 73' lang='lat' dir='ltr'>digressi,</span> <span class='ocrx_word' id='word_1_89' title='bbox 638 993 864 1046; x_wconf 86' lang='lat' dir='ltr'>lumenque</span> <span class='ocrx_word' id='word_1_90' title='bbox 902 991 1086 1032; x_wconf 85' lang='lat' dir='ltr'>obscura</span> <span class='ocrx_word' id='word_1_91' title='bbox 1121 989 1307 1031; x_wconf 71' lang='lat' dir='ltr'>vicissim</span> <span class='ocrx_word' id='word_1_92' title='bbox 1694 990 1748 1030; x_wconf 78' lang='lat' dir='ltr'>SO</span> 
     </span>
     <span class='ocr_line' id='line_1_18' title="bbox 115 1048 1399 1105; baseline -0.005 -15"><span class='ocrx_word' id='word_1_93' title='bbox 115 1049 236 1091; x_wconf 89' lang='lat' dir='ltr'>Luna</span> <span class='ocrx_word' id='word_1_94' title='bbox 271 1051 446 1103; x_wconf 84' lang='lat' dir='ltr'>premit,</span> <span class='ocrx_word' id='word_1_95' title='bbox 493 1050 761 1105; x_wconf 88' lang='lat' dir='ltr'>suadentque</span> <span class='ocrx_word' id='word_1_96' title='bbox 798 1049 996 1091; x_wconf 80' lang='lat' dir='ltr'>cadentia</span> <span class='ocrx_word' id='word_1_97' title='bbox 1029 1048 1171 1089; x_wconf 86' lang='lat' dir='ltr'>sidera</span> <span class='ocrx_word' id='word_1_98' title='bbox 1208 1056 1399 1088; x_wconf 82' lang='lat' dir='ltr'>somnos:</span> 
     </span>
    </p>
   </div>
   <div class='ocr_carea' id='block_1_7' title="bbox 105 1179 912 3095">
    <p class='ocr_par' dir='ltr' id='par_1_17' title="bbox 105 1179 912 1720">
     <span class='ocr_line' id='line_1_19' title="bbox 117 1179 911 1215; baseline 0 -8"><span class='ocrx_word' id='word_1_99' title='bbox 117 1183 179 1207; x_wconf 90' lang='lat' dir='ltr'>tem</span> <span class='ocrx_word' id='word_1_100' title='bbox 196 1182 224 1207; x_wconf 90' lang='lat' dir='ltr'>et</span> <span class='ocrx_word' id='word_1_101' title='bbox 246 1180 345 1215; x_wconf 83' lang='lat' dir='ltr'>dolor,</span> <span class='ocrx_word' id='word_1_102' title='bbox 369 1181 497 1209; x_wconf 85' lang='lat' dir='ltr'>omnino</span> <span class='ocrx_word' id='word_1_103' title='bbox 523 1181 627 1209; x_wconf 86' lang='lat' dir='ltr'>omnis</span> <span class='ocrx_word' id='word_1_104' title='bbox 645 1180 748 1209; x_wconf 86' lang='lat' dir='ltr'>animi</span> <span class='ocrx_word' id='word_1_105' title='bbox 771 1179 911 1211; x_wconf 74' lang='lat' dir='ltr'>affectus.</span> 
     </span>
     <span class='ocr_line' id='line_1_20' title="bbox 115 1224 911 1263; baseline 0 -11"><span class='ocrx_word' id='word_1_106' title='bbox 115 1225 169 1259; x_wconf 86' lang='lat' dir='ltr'>qui</span> <span class='ocrx_word' id='word_1_107' title='bbox 195 1225 283 1253; x_wconf 85' lang='lat' dir='ltr'>vires</span> <span class='ocrx_word' id='word_1_108' title='bbox 309 1226 430 1262; x_wconf 85' lang='lat' dir='ltr'>atterit,</span> <span class='ocrx_word' id='word_1_109' title='bbox 472 1226 588 1256; x_wconf 80' lang='lat' dir='ltr'>dicitur</span> <span class='ocrx_word' id='word_1_110' title='bbox 620 1224 737 1262; x_wconf 74' lang='lat' dir='ltr'>edere,</span> <span class='ocrx_word' id='word_1_111' title='bbox 777 1233 911 1263; x_wconf 69' lang='lat' dir='ltr'>nagen,</span> 
     </span>
     <span class='ocr_line' id='line_1_21' title="bbox 115 1267 910 1308; baseline -0.001 -10"><span class='ocrx_word' id='word_1_112' title='bbox 115 1267 251 1299; x_wconf 56' lang='grc' dir='ltr'>τεὼ-011.</span> <span class='ocrx_word' id='word_1_113' title='bbox 285 1270 332 1299; x_wconf 81' lang='lat' dir='ltr'>Cf.</span> <span class='ocrx_word' id='word_1_114' title='bbox 356 1270 386 1307; x_wconf 84' lang='grc'>6,</span> <span class='ocrx_word' id='word_1_115' title='bbox 410 1268 486 1300; x_wconf 75' lang='lat'>442.</span> <span class='ocrx_word' id='word_1_116' title='bbox 516 1269 568 1308; x_wconf 88' lang='grc'>12,</span> <span class='ocrx_word' id='word_1_117' title='bbox 591 1270 667 1300; x_wconf 87' lang='grc'>801.</span> <span class='ocrx_word' id='word_1_118' title='bbox 695 1272 763 1300; x_wconf 81' lang='lat' dir='ltr'>Cat.</span> <span class='ocrx_word' id='word_1_119' title='bbox 789 1269 842 1307; x_wconf 77' lang='lat'>35,</span> <span class='ocrx_word' id='word_1_120' title='bbox 872 1268 910 1298; x_wconf 75' lang='lat'>15</span> 
     </span>
     <span class='ocr_line' id='line_1_22' title="bbox 115 1312 912 1356; baseline 0 -13"><span class='ocrx_word' id='word_1_121' title='bbox 115 1312 218 1356; x_wconf 77' lang='lat' dir='ltr'>ignes</span> <span class='ocrx_word' id='word_1_122' title='bbox 250 1314 446 1346; x_wconf 84' lang='lat' dir='ltr'>interiorem</span> <span class='ocrx_word' id='word_1_123' title='bbox 474 1316 579 1346; x_wconf 84' lang='lat' dir='ltr'>edunt</span> <span class='ocrx_word' id='word_1_124' title='bbox 606 1315 807 1346; x_wconf 75' lang='lat' dir='ltr'>medullam.</span> <span class='ocrx_word' id='word_1_125' title='bbox 858 1314 912 1352; x_wconf 84' lang='lat'>66,</span> 
     </span>
     <span class='ocr_line' id='line_1_23' title="bbox 114 1360 911 1399; baseline 0 -10"><span class='ocrx_word' id='word_1_126' title='bbox 114 1360 156 1389; x_wconf 81' lang='grc'>23</span> <span class='ocrx_word' id='word_1_127' title='bbox 190 1365 342 1391; x_wconf 76' lang='lat' dir='ltr'>maestas</span> <span class='ocrx_word' id='word_1_128' title='bbox 373 1360 486 1392; x_wconf 67' lang='lat' dir='ltr'>exedit</span> <span class='ocrx_word' id='word_1_129' title='bbox 519 1371 601 1392; x_wconf 81' lang='lat' dir='ltr'>cura</span> <span class='ocrx_word' id='word_1_130' title='bbox 624 1360 808 1391; x_wconf 81' lang='lat' dir='ltr'>medullas.</span> <span class='ocrx_word' id='word_1_131' title='bbox 857 1361 911 1399; x_wconf 74' lang='lat'>55,</span> 
     </span>
     <span class='ocr_line' id='line_1_24' title="bbox 116 1405 909 1449; baseline 0.001 -15"><span class='ocrx_word' id='word_1_132' title='bbox 116 1405 152 1435; x_wconf 90' lang='grc'>31</span> <span class='ocrx_word' id='word_1_133' title='bbox 196 1405 315 1437; x_wconf 78' lang='lat' dir='ltr'>multis</span> <span class='ocrx_word' id='word_1_134' title='bbox 353 1405 586 1449; x_wconf 80' lang='lat' dir='ltr'>languoribus</span> <span class='ocrx_word' id='word_1_135' title='bbox 625 1416 778 1445; x_wconf 74' lang='lat' dir='ltr'>peresus.</span> <span class='ocrx_word' id='word_1_136' title='bbox 834 1409 909 1436; x_wconf 86' lang='lat' dir='ltr'>Hor.</span> 
     </span>
     <span class='ocr_line' id='line_1_25' title="bbox 113 1450 909 1494; baseline 0.001 -14"><span class='ocrx_word' id='word_1_137' title='bbox 113 1454 169 1487; x_wconf 83' lang='lat' dir='ltr'>Ep.</span> <span class='ocrx_word' id='word_1_138' title='bbox 202 1451 229 1490; x_wconf 89' lang='grc'>1,</span> <span class='ocrx_word' id='word_1_139' title='bbox 254 1452 284 1490; x_wconf 85' lang='grc'>2,</span> <span class='ocrx_word' id='word_1_140' title='bbox 310 1450 350 1481; x_wconf 87' lang='grc'>39</span> <span class='ocrx_word' id='word_1_141' title='bbox 388 1453 428 1482; x_wconf 76' lang='lat' dir='ltr'>Si</span> <span class='ocrx_word' id='word_1_142' title='bbox 455 1453 538 1494; x_wconf 84' lang='lat' dir='ltr'>quid</span> <span class='ocrx_word' id='word_1_143' title='bbox 564 1457 613 1483; x_wconf 77' lang='lat' dir='ltr'>est</span> <span class='ocrx_word' id='word_1_144' title='bbox 640 1452 812 1491; x_wconf 85' lang='lat' dir='ltr'>animum,</span> <span class='ocrx_word' id='word_1_145' title='bbox 839 1451 909 1488; x_wconf 76' lang='lat' dir='ltr'>‹lif-</span> 
     </span>
     <span class='ocr_line' id='line_1_26' title="bbox 105 1496 908 1541; baseline 0 -14"><span class='ocrx_word' id='word_1_146' title='bbox 105 1498 184 1536; x_wconf 87' lang='lat' dir='ltr'>sers</span> <span class='ocrx_word' id='word_1_147' title='bbox 219 1496 368 1528; x_wconf 81' lang='lat' dir='ltr'>curandi</span> <span class='ocrx_word' id='word_1_148' title='bbox 401 1503 533 1541; x_wconf 74' lang='lat' dir='ltr'>tempus</span> <span class='ocrx_word' id='word_1_149' title='bbox 571 1498 606 1529; x_wconf 87' lang='lat' dir='ltr'>in</span> <span class='ocrx_word' id='word_1_150' title='bbox 642 1508 786 1531; x_wconf 80' lang='lat' dir='ltr'>annum.</span> <span class='ocrx_word' id='word_1_151' title='bbox 841 1500 908 1528; x_wconf 83' lang='lat' dir='ltr'>Cic.</span> 
     </span>
     <span class='ocr_line' id='line_1_27' title="bbox 112 1542 910 1586; baseline 0.001 -13"><span class='ocrx_word' id='word_1_152' title='bbox 112 1545 207 1573; x_wconf 83' lang='lat' dir='ltr'>Tusc.</span> <span class='ocrx_word' id='word_1_153' title='bbox 242 1543 275 1583; x_wconf 88' lang='lat'>1,</span> <span class='ocrx_word' id='word_1_154' title='bbox 303 1542 363 1583; x_wconf 88' lang='lat'>16,</span> <span class='ocrx_word' id='word_1_155' title='bbox 386 1543 423 1573; x_wconf 81' lang='grc'>51</span> <span class='ocrx_word' id='word_1_156' title='bbox 473 1543 744 1584; x_wconf 77' lang='lat' dir='ltr'>sollicitudines,</span> <span class='ocrx_word' id='word_1_157' title='bbox 786 1543 910 1586; x_wconf 83' lang='lat' dir='ltr'>quibus</span> 
     </span>
     <span class='ocr_line' id='line_1_28' title="bbox 114 1587 910 1631; baseline 0.001 -13"><span class='ocrx_word' id='word_1_158' title='bbox 114 1587 225 1619; x_wconf 82' lang='lat' dir='ltr'>animi</span> <span class='ocrx_word' id='word_1_159' title='bbox 249 1593 364 1620; x_wconf 76' lang='lat' dir='ltr'>noctes</span> <span class='ocrx_word' id='word_1_160' title='bbox 384 1594 490 1631; x_wconf 80' lang='lat' dir='ltr'>atque</span> <span class='ocrx_word' id='word_1_161' title='bbox 508 1590 582 1622; x_wconf 86' lang='lat' dir='ltr'>dies</span> <span class='ocrx_word' id='word_1_162' title='bbox 602 1590 804 1621; x_wconf 76' lang='lat' dir='ltr'>exeduntur.</span> <span class='ocrx_word' id='word_1_163' title='bbox 832 1592 910 1620; x_wconf 88' lang='lat' dir='ltr'>Inde</span> 
     </span>
     <span class='ocr_line' id='line_1_29' title="bbox 112 1635 910 1675; baseline 0.004 -11"><span class='ocrx_word' id='word_1_164' title='bbox 112 1643 163 1671; x_wconf 84' lang='lat' dir='ltr'>ap.</span> <span class='ocrx_word' id='word_1_165' title='bbox 184 1637 258 1665; x_wconf 89' lang='lat' dir='ltr'>Hor.</span> <span class='ocrx_word' id='word_1_166' title='bbox 285 1637 320 1666; x_wconf 86' lang='lat' dir='ltr'>C.</span> <span class='ocrx_word' id='word_1_167' title='bbox 346 1635 376 1673; x_wconf 81' lang='lat'>2,</span> <span class='ocrx_word' id='word_1_168' title='bbox 402 1635 453 1675; x_wconf 90' lang='lat'>11,</span> <span class='ocrx_word' id='word_1_169' title='bbox 480 1635 520 1667; x_wconf 77' lang='lat'>13</span> <span class='ocrx_word' id='word_1_170' title='bbox 545 1645 650 1667; x_wconf 86' lang='lat' dir='ltr'>curae</span> <span class='ocrx_word' id='word_1_171' title='bbox 672 1635 808 1667; x_wconf 85' lang='lat' dir='ltr'>edaces.</span> <span class='ocrx_word' id='word_1_172' title='bbox 855 1638 910 1667; x_wconf 82' lang='lat' dir='ltr'>Sic</span> 
     </span>
     <span class='ocr_line' id='line_1_30' title="bbox 112 1680 426 1720; baseline 0.003 -9"><span class='ocrx_word' id='word_1_173' title='bbox 112 1681 270 1711; x_wconf 76' lang='lat' dir='ltr'>mordere</span> <span class='ocrx_word' id='word_1_174' title='bbox 295 1680 325 1720; x_wconf 87' lang='lat'>7,</span> <span class='ocrx_word' id='word_1_175' title='bbox 350 1681 426 1712; x_wconf 83' lang='grc'>402.</span> 
     </span>
    </p>

    <p class='ocr_par' dir='ltr' id='par_1_18' title="bbox 112 1725 908 1901">
     <span class='ocr_line' id='line_1_31' title="bbox 158 1725 908 1765; baseline 0.003 -10"><span class='ocrx_word' id='word_1_176' title='bbox 158 1725 212 1756; x_wconf 88' lang='grc'><strong>67.</strong></span> <span class='ocrx_word' id='word_1_177' title='bbox 243 1725 400 1758; x_wconf 82' lang='lat' dir='ltr'>Tacitum</span> <span class='ocrx_word' id='word_1_178' title='bbox 434 1726 574 1765; x_wconf 79' lang='lat' dir='ltr'>volnus,</span> <span class='ocrx_word' id='word_1_179' title='bbox 613 1730 695 1764; x_wconf 83' lang='lat' dir='ltr'>quod</span> <span class='ocrx_word' id='word_1_180' title='bbox 732 1729 805 1764; x_wconf 79' lang='lat' dir='ltr'>ipsa</span> <span class='ocrx_word' id='word_1_181' title='bbox 843 1737 908 1758; x_wconf 89' lang='lat' dir='ltr'>non</span> 
     </span>
     <span class='ocr_line' id='line_1_32' title="bbox 114 1772 906 1811; baseline 0.003 -10"><span class='ocrx_word' id='word_1_182' title='bbox 114 1773 242 1811; x_wconf 83' lang='lat' dir='ltr'>fatetur,</span> <span class='ocrx_word' id='word_1_183' title='bbox 268 1782 303 1803; x_wconf 87' lang='lat' dir='ltr'>se</span> <span class='ocrx_word' id='word_1_184' title='bbox 327 1775 447 1810; x_wconf 84' lang='lat' dir='ltr'>perdite</span> <span class='ocrx_word' id='word_1_185' title='bbox 472 1783 591 1805; x_wconf 85' lang='lat' dir='ltr'>amare.</span> <span class='ocrx_word' id='word_1_186' title='bbox 616 1790 654 1795; x_wconf 79' lang='lat'>—</span> <span class='ocrx_word' id='word_1_187' title='bbox 684 1772 798 1811; x_wconf 65' lang='lat' dir='ltr'>siva,-</span> <span class='ocrx_word' id='word_1_188' title='bbox 818 1782 906 1804; x_wconf 87' lang='lat' dir='ltr'>amo·-</span> 
     </span>
     <span class='ocr_line' id='line_1_33' title="bbox 112 1819 907 1858; baseline 0.004 -11"><span class='ocrx_word' id='word_1_189' title='bbox 112 1819 159 1847; x_wconf 89' lang='lat' dir='ltr'>ris</span> <span class='ocrx_word' id='word_1_190' title='bbox 182 1820 268 1848; x_wconf 87' lang='lat' dir='ltr'>enim</span> <span class='ocrx_word' id='word_1_191' title='bbox 292 1828 353 1854; x_wconf 84' lang='lat' dir='ltr'>quo</span> <span class='ocrx_word' id='word_1_192' title='bbox 379 1822 484 1858; x_wconf 76' lang='lat' dir='ltr'>magIs</span> <span class='ocrx_word' id='word_1_193' title='bbox 509 1822 644 1858; x_wconf 79' lang='lat' dir='ltr'>tegitur,</span> <span class='ocrx_word' id='word_1_194' title='bbox 684 1825 771 1850; x_wconf 82' lang='lat' dir='ltr'>tanto</span> <span class='ocrx_word' id='word_1_195' title='bbox 800 1822 907 1857; x_wconf 83' lang='lat' dir='ltr'>magis</span> 
     </span>
     <span class='ocr_line' id='line_1_34' title="bbox 112 1866 358 1901; baseline 0.008 -8"><span class='ocrx_word' id='word_1_196' title='bbox 112 1869 240 1894; x_wconf 79' lang='lat' dir='ltr'>aestuat</span> <span class='ocrx_word' id='word_1_197' title='bbox 262 1866 358 1901; x_wconf 81' lang='lat' dir='ltr'>iguis.</span> 
     </span>
    </p>

    <p class='ocr_par' dir='ltr' id='par_1_19' title="bbox 113 1907 909 2131">
     <span class='ocr_line' id='line_1_35' title="bbox 160 1907 909 1946; baseline 0.001 -7"><span class='ocrx_word' id='word_1_198' title='bbox 160 1907 213 1939; x_wconf 91' lang='grc'>72.</span> <span class='ocrx_word' id='word_1_199' title='bbox 244 1908 407 1946; x_wconf 65' lang='lat' dir='ltr'>Nescius,</span> <span class='ocrx_word' id='word_1_200' title='bbox 436 1913 536 1940; x_wconf 83' lang='lat' dir='ltr'>telum</span> <span class='ocrx_word' id='word_1_201' title='bbox 559 1911 593 1940; x_wconf 90' lang='lat' dir='ltr'>in</span> <span class='ocrx_word' id='word_1_202' title='bbox 617 1920 748 1941; x_wconf 81' lang='lat' dir='ltr'>cervam</span> <span class='ocrx_word' id='word_1_203' title='bbox 774 1913 909 1942; x_wconf 85' lang='lat' dir='ltr'>descen-</span> 
     </span>
     <span class='ocr_line' id='line_1_36' title="bbox 114 1957 907 1992; baseline 0.005 -8"><span class='ocrx_word' id='word_1_204' title='bbox 114 1957 216 1992; x_wconf 76' lang='lat' dir='ltr'>disse3</span> <span class='ocrx_word' id='word_1_205' title='bbox 254 1960 286 1985; x_wconf 83' lang='lat' dir='ltr'>ut</span> <span class='ocrx_word' id='word_1_206' title='bbox 310 1958 443 1986; x_wconf 83' lang='lat' dir='ltr'>Aeneas</span> <span class='ocrx_word' id='word_1_207' title='bbox 471 1958 606 1986; x_wconf 82' lang='lat' dir='ltr'>Didonis</span> <span class='ocrx_word' id='word_1_208' title='bbox 643 1966 785 1987; x_wconf 85' lang='lat' dir='ltr'>amorem</span> <span class='ocrx_word' id='word_1_209' title='bbox 816 1959 907 1988; x_wconf 82' lang='lat' dir='ltr'>exci-</span> 
     </span>
     <span class='ocr_line' id='line_1_37' title="bbox 113 2001 909 2043; baseline 0.003 -13"><span class='ocrx_word' id='word_1_210' title='bbox 113 2006 203 2030; x_wconf 80' lang='lat' dir='ltr'>tasse</span> <span class='ocrx_word' id='word_1_211' title='bbox 234 2010 270 2030; x_wconf 86' lang='lat' dir='ltr'>se</span> <span class='ocrx_word' id='word_1_212' title='bbox 306 2003 417 2032; x_wconf 89' lang='lat' dir='ltr'>nescit.</span> <span class='ocrx_word' id='word_1_213' title='bbox 478 2001 596 2031; x_wconf 76' lang='lat' dir='ltr'>Siluas</span> <span class='ocrx_word' id='word_1_214' title='bbox 626 2001 826 2043; x_wconf 80' lang='lat' dir='ltr'>saltusque‚·</span> <span class='ocrx_word' id='word_1_215' title='bbox 863 2005 909 2033; x_wconf 87' lang='lat' dir='ltr'>ita</span> 
     </span>
     <span class='ocr_line' id='line_1_38' title="bbox 114 2047 906 2087; baseline 0.004 -11"><span class='ocrx_word' id='word_1_216' title='bbox 114 2048 292 2082; x_wconf 86' lang='lat' dir='ltr'>composita</span> <span class='ocrx_word' id='word_1_217' title='bbox 317 2049 465 2077; x_wconf 80' lang='lat' dir='ltr'>videmus</span> <span class='ocrx_word' id='word_1_218' title='bbox 486 2050 586 2077; x_wconf 83' lang='lat' dir='ltr'>verba</span> <span class='ocrx_word' id='word_1_219' title='bbox 612 2050 647 2077; x_wconf 83' lang='lat' dir='ltr'>G.</span> <span class='ocrx_word' id='word_1_220' title='bbox 667 2047 698 2087; x_wconf 90' lang='lat'>3,</span> <span class='ocrx_word' id='word_1_221' title='bbox 725 2047 778 2078; x_wconf 79' lang='lat'>40.</span> <span class='ocrx_word' id='word_1_222' title='bbox 813 2050 906 2079; x_wconf 85' lang='lat' dir='ltr'>Caes.</span> 
     </span>
     <span class='ocr_line' id='line_1_39' title="bbox 115 2091 317 2131; baseline 0.01 -10"><span class='ocrx_word' id='word_1_223' title='bbox 115 2094 179 2121; x_wconf 89' lang='lat' dir='ltr'>BG.</span> <span class='ocrx_word' id='word_1_224' title='bbox 209 2092 238 2131; x_wconf 87' lang='lat'>6,</span> <span class='ocrx_word' id='word_1_225' title='bbox 265 2091 317 2123; x_wconf 76' lang='lat'>42.</span> 
     </span>
    </p>

    <p class='ocr_par' dir='ltr' id='par_1_20' title="bbox 113 2135 911 2907">
     <span class='ocr_line' id='line_1_40' title="bbox 162 2135 909 2175; baseline 0.001 -8"><span class='ocrx_word' id='word_1_226' title='bbox 162 2137 214 2168; x_wconf 79' lang='lat'>73.</span> <span class='ocrx_word' id='word_1_227' title='bbox 244 2135 407 2168; x_wconf 85' lang='lat' dir='ltr'>Dictaeos</span> <span class='ocrx_word' id='word_1_228' title='bbox 429 2139 469 2169; x_wconf 87' lang='lat' dir='ltr'>cf.</span> <span class='ocrx_word' id='word_1_229' title='bbox 496 2137 525 2175; x_wconf 83' lang='lat'>3,</span> <span class='ocrx_word' id='word_1_230' title='bbox 553 2136 626 2168; x_wconf 89' lang='grc'>171.</span> <span class='ocrx_word' id='word_1_231' title='bbox 656 2154 694 2159; x_wconf 93' lang='grc'>-</span> <span class='ocrx_word' id='word_1_232' title='bbox 726 2139 848 2169; x_wconf 75' lang='lat' dir='ltr'>Cervos</span> <span class='ocrx_word' id='word_1_233' title='bbox 875 2140 909 2168; x_wconf 90' lang='lat' dir='ltr'>in</span> 
     </span>
     <span class='ocr_line' id='line_1_41' title="bbox 115 2182 910 2223; baseline 0.003 -10"><span class='ocrx_word' id='word_1_234' title='bbox 115 2185 210 2214; x_wconf 82' lang='lat' dir='ltr'>creta</span> <span class='ocrx_word' id='word_1_235' title='bbox 233 2184 338 2214; x_wconf 86' lang='lat' dir='ltr'>fuisse</span> <span class='ocrx_word' id='word_1_236' title='bbox 361 2190 456 2222; x_wconf 82' lang='lat' dir='ltr'>negat</span> <span class='ocrx_word' id='word_1_237' title='bbox 483 2186 575 2214; x_wconf 88' lang='lat' dir='ltr'>Solin</span> <span class='ocrx_word' id='word_1_238' title='bbox 598 2194 624 2214; x_wconf 83' lang='lat' dir='ltr'>c.</span> <span class='ocrx_word' id='word_1_239' title='bbox 649 2183 702 2222; x_wconf 90' lang='grc'>11,</span> <span class='ocrx_word' id='word_1_240' title='bbox 730 2182 764 2213; x_wconf 91' lang='grc'>11</span> <span class='ocrx_word' id='word_1_241' title='bbox 799 2187 910 2223; x_wconf 80' lang='lat' dir='ltr'>„Ager</span> 
     </span>
     <span class='ocr_line' id='line_1_42' title="bbox 115 2231 906 2267; baseline 0.001 -8"><span class='ocrx_word' id='word_1_242' title='bbox 115 2231 262 2260; x_wconf 80' lang='lat' dir='ltr'>Creticus</span> <span class='ocrx_word' id='word_1_243' title='bbox 308 2232 510 2260; x_wconf 80' lang='lat' dir='ltr'>silvestrium</span> <span class='ocrx_word' id='word_1_244' title='bbox 547 2238 718 2266; x_wconf 83' lang='lat' dir='ltr'>caprarum</span> <span class='ocrx_word' id='word_1_245' title='bbox 755 2232 906 2267; x_wconf 84' lang='lat' dir='ltr'>copiosus</span> 
     </span>
     <span class='ocr_line' id='line_1_43' title="bbox 114 2277 906 2314; baseline 0.001 -10"><span class='ocrx_word' id='word_1_246' title='bbox 114 2280 179 2313; x_wconf 83' lang='lat' dir='ltr'>est,</span> <span class='ocrx_word' id='word_1_247' title='bbox 213 2285 308 2306; x_wconf 79' lang='lat' dir='ltr'>cervo</span> <span class='ocrx_word' id='word_1_248' title='bbox 340 2278 442 2314; x_wconf 77' lang='lat' dir='ltr'>eget.“</span> <span class='ocrx_word' id='word_1_249' title='bbox 506 2278 568 2305; x_wconf 83' lang='lat' dir='ltr'>Sed</span> <span class='ocrx_word' id='word_1_250' title='bbox 604 2277 781 2306; x_wconf 83' lang='lat' dir='ltr'>defenditur</span> <span class='ocrx_word' id='word_1_251' title='bbox 812 2282 906 2312; x_wconf 81' lang='lat' dir='ltr'>poeta</span> 
     </span>
     <span class='ocr_line' id='line_1_44' title="bbox 113 2322 905 2361; baseline 0.001 -11"><span class='ocrx_word' id='word_1_252' title='bbox 113 2322 215 2350; x_wconf 89' lang='lat' dir='ltr'>Plinii</span> <span class='ocrx_word' id='word_1_253' title='bbox 243 2323 368 2359; x_wconf 79' lang='lat' dir='ltr'>verbis,</span> <span class='ocrx_word' id='word_1_254' title='bbox 404 2330 486 2358; x_wconf 87' lang='lat' dir='ltr'>quae</span> <span class='ocrx_word' id='word_1_255' title='bbox 512 2324 643 2351; x_wconf 87' lang='lat' dir='ltr'>Solinus</span> <span class='ocrx_word' id='word_1_256' title='bbox 667 2323 711 2352; x_wconf 86' lang='lat' dir='ltr'>ita</span> <span class='ocrx_word' id='word_1_257' title='bbox 736 2324 905 2361; x_wconf 76' lang='lat' dir='ltr'>coartavit,</span> 
     </span>
     <span class='ocr_line' id='line_1_45' title="bbox 113 2370 905 2404; baseline 0.003 -8"><span class='ocrx_word' id='word_1_258' title='bbox 113 2371 149 2396; x_wconf 85' lang='lat' dir='ltr'>ut</span> <span class='ocrx_word' id='word_1_259' title='bbox 181 2376 295 2397; x_wconf 87' lang='lat' dir='ltr'>verum</span> <span class='ocrx_word' id='word_1_260' title='bbox 320 2373 525 2404; x_wconf 79' lang='lat' dir='ltr'>perverteret.</span> <span class='ocrx_word' id='word_1_261' title='bbox 580 2370 675 2403; x_wconf 82' lang='lat' dir='ltr'>Apud</span> <span class='ocrx_word' id='word_1_262' title='bbox 713 2377 786 2398; x_wconf 90' lang='lat' dir='ltr'>eum</span> <span class='ocrx_word' id='word_1_263' title='bbox 818 2370 905 2398; x_wconf 86' lang='lat' dir='ltr'>enim</span> 
     </span>
     <span class='ocr_line' id='line_1_46' title="bbox 115 2415 902 2452; baseline 0.003 -10"><span class='ocrx_word' id='word_1_264' title='bbox 115 2416 197 2442; x_wconf 82' lang='lat' dir='ltr'>haec</span> <span class='ocrx_word' id='word_1_265' title='bbox 227 2419 315 2443; x_wconf 82' lang='lat' dir='ltr'>sunt:</span> <span class='ocrx_word' id='word_1_266' title='bbox 355 2416 527 2452; x_wconf 79' lang='lat' dir='ltr'>„Mirabile</span> <span class='ocrx_word' id='word_1_267' title='bbox 559 2415 593 2443; x_wconf 90' lang='lat' dir='ltr'>in</span> <span class='ocrx_word' id='word_1_268' title='bbox 626 2416 736 2444; x_wconf 83' lang='lat' dir='ltr'>eadem</span> <span class='ocrx_word' id='word_1_269' title='bbox 766 2415 902 2451; x_wconf 80' lang='lat' dir='ltr'>(creta)</span> 
     </span>
     <span class='ocr_line' id='line_1_47' title="bbox 115 2459 905 2498; baseline 0.003 -11"><span class='ocrx_word' id='word_1_270' title='bbox 115 2459 225 2488; x_wconf 83' lang='lat' dir='ltr'>insula</span> <span class='ocrx_word' id='word_1_271' title='bbox 256 2468 370 2489; x_wconf 83' lang='lat' dir='ltr'>cervos</span> <span class='ocrx_word' id='word_1_272' title='bbox 396 2465 619 2496; x_wconf 80' lang='lat' dir='ltr'>praeterquam</span> <span class='ocrx_word' id='word_1_273' title='bbox 649 2461 684 2489; x_wconf 91' lang='grc'>111</span> <span class='ocrx_word' id='word_1_274' title='bbox 707 2462 905 2498; x_wconf 79' lang='lat' dir='ltr'>Cydoniata-</span> 
     </span>
     <span class='ocr_line' id='line_1_48' title="bbox 115 2504 906 2544; baseline 0.004 -11"><span class='ocrx_word' id='word_1_275' title='bbox 115 2513 187 2534; x_wconf 91' lang='lat' dir='ltr'>rum</span> <span class='ocrx_word' id='word_1_276' title='bbox 211 2506 341 2541; x_wconf 82' lang='lat' dir='ltr'>regione</span> <span class='ocrx_word' id='word_1_277' title='bbox 363 2515 427 2535; x_wconf 88' lang='lat' dir='ltr'>non</span> <span class='ocrx_word' id='word_1_278' title='bbox 451 2507 555 2536; x_wconf 63' lang='lat' dir='ltr'>esses*</span> <span class='ocrx_word' id='word_1_279' title='bbox 593 2505 624 2544; x_wconf 77' lang='lat'>8,</span> <span class='ocrx_word' id='word_1_280' title='bbox 650 2504 704 2535; x_wconf 75' lang='lat'>83.</span> <span class='ocrx_word' id='word_1_281' title='bbox 744 2523 782 2528; x_wconf 93' lang='lat'>—</span> <span class='ocrx_word' id='word_1_282' title='bbox 823 2509 906 2536; x_wconf 75' lang='lat' dir='ltr'>Nota</span> 
     </span>
     <span class='ocr_line' id='line_1_49' title="bbox 114 2549 910 2592; baseline 0.003 -13"><span class='ocrx_word' id='word_1_283' title='bbox 114 2551 321 2580; x_wconf 84' lang='lat' dir='ltr'>varietatem:</span> <span class='ocrx_word' id='word_1_284' title='bbox 353 2550 502 2592; x_wconf 76' lang='lat' dir='ltr'>sagitta,</span> <span class='ocrx_word' id='word_1_285' title='bbox 529 2549 647 2585; x_wconf 80' lang='lat' dir='ltr'>telum,</span> <span class='ocrx_word' id='word_1_286' title='bbox 674 2550 816 2582; x_wconf 85' lang='lat' dir='ltr'>volatile</span> <span class='ocrx_word' id='word_1_287' title='bbox 834 2552 910 2591; x_wconf 82' lang='lat' dir='ltr'>fer-</span> 
     </span>
     <span class='ocr_line' id='line_1_50' title="bbox 114 2595 907 2633; baseline 0.004 -9"><span class='ocrx_word' id='word_1_288' title='bbox 114 2604 211 2633; x_wconf 82' lang='lat' dir='ltr'>rum,</span> <span class='ocrx_word' id='word_1_289' title='bbox 237 2595 373 2626; x_wconf 80' lang='lat' dir='ltr'>arundo</span> <span class='ocrx_word' id='word_1_290' title='bbox 400 2598 437 2627; x_wconf 86' lang='lat' dir='ltr'>cf.</span> <span class='ocrx_word' id='word_1_291' title='bbox 462 2599 503 2627; x_wconf 87' lang='lat' dir='ltr'>ad</span> <span class='ocrx_word' id='word_1_292' title='bbox 527 2597 557 2629; x_wconf 87' lang='lat'>3.</span> <span class='ocrx_word' id='word_1_293' title='bbox 581 2596 633 2627; x_wconf 73' lang='lat'>46.</span> <span class='ocrx_word' id='word_1_294' title='bbox 659 2614 696 2618; x_wconf 94' lang='lat'>—</span> <span class='ocrx_word' id='word_1_295' title='bbox 734 2596 862 2628; x_wconf 78' lang='lat' dir='ltr'>Haeret</span> <span class='ocrx_word' id='word_1_296' title='bbox 880 2608 907 2628; x_wconf 88' lang='lat' dir='ltr'>c.</span> 
     </span>
     <span class='ocr_line' id='line_1_51' title="bbox 116 2641 907 2680; baseline 0.004 -10"><span class='ocrx_word' id='word_1_297' title='bbox 116 2644 179 2670; x_wconf 83' lang='lat' dir='ltr'>dat.</span> <span class='ocrx_word' id='word_1_298' title='bbox 205 2643 250 2671; x_wconf 83' lang='lat' dir='ltr'>ita</span> <span class='ocrx_word' id='word_1_299' title='bbox 274 2641 303 2679; x_wconf 82' lang='lat'>3,</span> <span class='ocrx_word' id='word_1_300' title='bbox 330 2641 405 2672; x_wconf 84' lang='grc'><strong>607.</strong></span> <span class='ocrx_word' id='word_1_301' title='bbox 433 2642 462 2680; x_wconf 86' lang='grc'>6,</span> <span class='ocrx_word' id='word_1_302' title='bbox 490 2643 563 2672; x_wconf 80' lang='grc'><strong>350.</strong></span> <span class='ocrx_word' id='word_1_303' title='bbox 596 2643 645 2680; x_wconf 76' lang='grc'>10,</span> <span class='ocrx_word' id='word_1_304' title='bbox 672 2642 753 2677; x_wconf 68' lang='grc'>780;</span> <span class='ocrx_word' id='word_1_305' title='bbox 778 2645 907 2673; x_wconf 89' lang='lat' dir='ltr'>omnino</span> 
     </span>
     <span class='ocr_line' id='line_1_52' title="bbox 116 2689 908 2724; baseline 0.004 -8"><span class='ocrx_word' id='word_1_306' title='bbox 116 2690 154 2717; x_wconf 88' lang='lat' dir='ltr'>de</span> <span class='ocrx_word' id='word_1_307' title='bbox 178 2689 263 2717; x_wconf 85' lang='lat' dir='ltr'>omni</span> <span class='ocrx_word' id='word_1_308' title='bbox 291 2697 341 2724; x_wconf 86' lang='lat' dir='ltr'>re,</span> <span class='ocrx_word' id='word_1_309' title='bbox 377 2696 459 2723; x_wconf 83' lang='lat' dir='ltr'>quae</span> <span class='ocrx_word' id='word_1_310' title='bbox 491 2690 636 2724; x_wconf 83' lang='lat' dir='ltr'>separari</span> <span class='ocrx_word' id='word_1_311' title='bbox 669 2690 793 2724; x_wconf 77' lang='lat' dir='ltr'>nequit:</span> <span class='ocrx_word' id='word_1_312' title='bbox 834 2691 908 2719; x_wconf 85' lang='lat' dir='ltr'>inde</span> 
     </span>
     <span class='ocr_line' id='line_1_53' title="bbox 115 2734 907 2773; baseline 0.003 -11"><span class='ocrx_word' id='word_1_313' title='bbox 115 2735 154 2763; x_wconf 92' lang='lat' dir='ltr'>de</span> <span class='ocrx_word' id='word_1_314' title='bbox 192 2734 306 2763; x_wconf 85' lang='lat' dir='ltr'>comite</span> <span class='ocrx_word' id='word_1_315' title='bbox 343 2739 507 2770; x_wconf 87' lang='lat' dir='ltr'>perpetuo:</span> <span class='ocrx_word' id='word_1_316' title='bbox 543 2736 617 2764; x_wconf 88' lang='lat' dir='ltr'>Hor.</span> <span class='ocrx_word' id='word_1_317' title='bbox 648 2736 682 2764; x_wconf 88' lang='lat' dir='ltr'>C.</span> <span class='ocrx_word' id='word_1_318' title='bbox 718 2735 751 2773; x_wconf 89' lang='grc'>1,</span> <span class='ocrx_word' id='word_1_319' title='bbox 777 2734 836 2773; x_wconf 87' lang='grc'>32,</span> <span class='ocrx_word' id='word_1_320' title='bbox 867 2734 907 2764; x_wconf 88' lang='grc'>10</span> 
     </span>
     <span class='ocr_line' id='line_1_54' title="bbox 118 2777 911 2820; baseline 0.003 -12"><span class='ocrx_word' id='word_1_321' title='bbox 118 2777 279 2809; x_wconf 81' lang='lat' dir='ltr'>Liberum</span> <span class='ocrx_word' id='word_1_322' title='bbox 311 2782 342 2809; x_wconf 85' lang='lat' dir='ltr'>et</span> <span class='ocrx_word' id='word_1_323' title='bbox 381 2778 500 2809; x_wconf 82' lang='lat' dir='ltr'>Musas</span> <span class='ocrx_word' id='word_1_324' title='bbox 533 2778 764 2820; x_wconf 60' lang='lat' dir='ltr'>Veneremque</span> <span class='ocrx_word' id='word_1_325' title='bbox 793 2785 824 2810; x_wconf 86' lang='lat' dir='ltr'>et</span> <span class='ocrx_word' id='word_1_326' title='bbox 856 2779 911 2811; x_wconf 85' lang='lat' dir='ltr'>illi</span> 
     </span>
     <span class='ocr_line' id='line_1_55' title="bbox 115 2822 911 2865; baseline 0.003 -10"><span class='ocrx_word' id='word_1_327' title='bbox 115 2833 249 2865; x_wconf 81' lang='lat' dir='ltr'>semper</span> <span class='ocrx_word' id='word_1_328' title='bbox 295 2822 491 2855; x_wconf 83' lang='lat' dir='ltr'>haerentem</span> <span class='ocrx_word' id='word_1_329' title='bbox 546 2834 692 2865; x_wconf 80' lang='lat' dir='ltr'>puerum</span> <span class='ocrx_word' id='word_1_330' title='bbox 744 2825 911 2864; x_wconf 79' lang='lat' dir='ltr'>canebat,-</span> 
     </span>
     <span class='ocr_line' id='line_1_56' title="bbox 115 2869 908 2907; baseline 0.003 -7"><span class='ocrx_word' id='word_1_331' title='bbox 115 2873 199 2906; x_wconf 84' lang='lat' dir='ltr'>quod</span> <span class='ocrx_word' id='word_1_332' title='bbox 223 2872 340 2901; x_wconf 84' lang='lat' dir='ltr'>Catull.</span> <span class='ocrx_word' id='word_1_333' title='bbox 359 2870 411 2907; x_wconf 95' lang='grc'>21,</span> <span class='ocrx_word' id='word_1_334' title='bbox 430 2870 447 2900; x_wconf 87' lang='grc'>6</span> <span class='ocrx_word' id='word_1_335' title='bbox 475 2872 550 2901; x_wconf 86' lang='lat' dir='ltr'>dicit</span> <span class='ocrx_word' id='word_1_336' title='bbox 574 2869 716 2901; x_wconf 83' lang='lat' dir='ltr'>haerere</span> <span class='ocrx_word' id='word_1_337' title='bbox 733 2870 779 2901; x_wconf 82' lang='lat' dir='ltr'>ad</span> <span class='ocrx_word' id='word_1_338' title='bbox 801 2870 908 2903; x_wconf 84' lang='lat' dir='ltr'>latus.</span> 
     </span>
    </p>

    <p class='ocr_par' dir='ltr' id='par_1_21' title="bbox 116 2914 910 3095">
     <span class='ocr_line' id='line_1_57' title="bbox 163 2914 909 2948; baseline 0.003 -2"><span class='ocrx_word' id='word_1_339' title='bbox 163 2914 216 2946; x_wconf 78' lang='lat'>74.</span> <span class='ocrx_word' id='word_1_340' title='bbox 242 2919 373 2947; x_wconf 83' lang='lat' dir='ltr'>Aeneas</span> <span class='ocrx_word' id='word_1_341' title='bbox 392 2918 528 2947; x_wconf 83' lang='lat' dir='ltr'>Didonis</span> <span class='ocrx_word' id='word_1_342' title='bbox 555 2920 725 2948; x_wconf 82' lang='lat' dir='ltr'>obsecutus</span> <span class='ocrx_word' id='word_1_343' title='bbox 745 2919 909 2948; x_wconf 85' lang='lat' dir='ltr'>voluntati</span> 
     </span>
     <span class='ocr_line' id='line_1_58' title="bbox 116 2964 908 3002; baseline 0.003 -10"><span class='ocrx_word' id='word_1_344' title='bbox 116 2965 228 2992; x_wconf 86' lang='lat' dir='ltr'>urbem</span> <span class='ocrx_word' id='word_1_345' title='bbox 258 2964 387 3002; x_wconf 84' lang='lat' dir='ltr'>circuit,</span> <span class='ocrx_word' id='word_1_346' title='bbox 422 2972 485 2993; x_wconf 88' lang='lat' dir='ltr'>non</span> <span class='ocrx_word' id='word_1_347' title='bbox 509 2965 590 2998; x_wconf 85' lang='lat' dir='ltr'>quod</span> <span class='ocrx_word' id='word_1_348' title='bbox 615 2965 684 2999; x_wconf 91' lang='lat' dir='ltr'>ipse</span> <span class='ocrx_word' id='word_1_349' title='bbox 710 2964 752 2992; x_wconf 84' lang='lat' dir='ltr'>sit.</span> <span class='ocrx_word' id='word_1_350' title='bbox 777 2965 908 2994; x_wconf 73' lang='lat' dir='ltr'>videndi</span> 
     </span>
     <span class='ocr_line' id='line_1_59' title="bbox 117 3009 910 3044; baseline 0.003 -6"><span class='ocrx_word' id='word_1_351' title='bbox 117 3009 262 3043; x_wconf 82' lang='lat' dir='ltr'>cupidus.</span> <span class='ocrx_word' id='word_1_352' title='bbox 310 3010 391 3038; x_wconf 83' lang='lat' dir='ltr'>Dido</span> <span class='ocrx_word' id='word_1_353' title='bbox 424 3014 531 3038; x_wconf 86' lang='lat' dir='ltr'>autem</span> <span class='ocrx_word' id='word_1_354' title='bbox 562 3010 670 3039; x_wconf 87' lang='lat' dir='ltr'>omnia</span> <span class='ocrx_word' id='word_1_355' title='bbox 701 3017 783 3044; x_wconf 81' lang='lat' dir='ltr'>quae</span> <span class='ocrx_word' id='word_1_356' title='bbox 813 3013 910 3040; x_wconf 79' lang='lat' dir='ltr'>habet</span> 
     </span>
     <span class='ocr_line' id='line_1_60' title="bbox 117 3056 909 3095; baseline 0.005 -12"><span class='ocrx_word' id='word_1_357' title='bbox 117 3056 271 3094; x_wconf 82' lang='lat' dir='ltr'>ostendit,</span> <span class='ocrx_word' id='word_1_358' title='bbox 305 3059 340 3085; x_wconf 92' lang='lat' dir='ltr'>ut</span> <span class='ocrx_word' id='word_1_359' title='bbox 370 3056 438 3085; x_wconf 85' lang='lat' dir='ltr'>fieri</span> <span class='ocrx_word' id='word_1_360' title='bbox 468 3057 566 3095; x_wconf 89' lang='lat' dir='ltr'>solet,</span> <span class='ocrx_word' id='word_1_361' title='bbox 605 3059 639 3086; x_wconf 78' lang='lat' dir='ltr'>ut</span> <span class='ocrx_word' id='word_1_362' title='bbox 667 3056 784 3086; x_wconf 77' lang='lat' dir='ltr'>excitet</span> <span class='ocrx_word' id='word_1_363' title='bbox 808 3058 909 3087; x_wconf 81' lang='lat' dir='ltr'>amati</span> 
     </span>
    </p>
   </div>
   <div class='ocr_carea' id='block_1_8' title="bbox 950 1174 1751 3094">
    <p class='ocr_par' dir='ltr' id='par_1_22' title="bbox 955 1174 1751 1435">
     <span class='ocr_line' id='line_1_61' title="bbox 957 1174 1750 1211; baseline -0.004 -6"><span class='ocrx_word' id='word_1_364' title='bbox 957 1177 1169 1211; x_wconf 84' lang='lat' dir='ltr'>desiderium,</span> <span class='ocrx_word' id='word_1_365' title='bbox 1193 1176 1222 1205; x_wconf 88' lang='lat' dir='ltr'>si</span> <span class='ocrx_word' id='word_1_366' title='bbox 1250 1183 1313 1203; x_wconf 91' lang='lat' dir='ltr'>non</span> <span class='ocrx_word' id='word_1_367' title='bbox 1338 1174 1407 1211; x_wconf 88' lang='lat' dir='ltr'>sui,</span> <span class='ocrx_word' id='word_1_368' title='bbox 1431 1174 1487 1201; x_wconf 86' lang='lat' dir='ltr'>sed</span> <span class='ocrx_word' id='word_1_369' title='bbox 1513 1176 1619 1201; x_wconf 82' lang='lat' dir='ltr'>tamen</span> <span class='ocrx_word' id='word_1_370' title='bbox 1643 1181 1750 1202; x_wconf 86' lang='lat' dir='ltr'>rerum</span> 
     </span>
     <span class='ocr_line' id='line_1_62' title="bbox 957 1219 1749 1251; baseline -0.004 0"><span class='ocrx_word' id='word_1_371' title='bbox 957 1230 1100 1251; x_wconf 80' lang='lat' dir='ltr'>suarum.</span> <span class='ocrx_word' id='word_1_372' title='bbox 1160 1224 1199 1250; x_wconf 86' lang='lat' dir='ltr'>Et</span> <span class='ocrx_word' id='word_1_373' title='bbox 1234 1221 1369 1250; x_wconf 84' lang='lat' dir='ltr'>ostendit</span> <span class='ocrx_word' id='word_1_374' title='bbox 1410 1219 1538 1248; x_wconf 83' lang='lat' dir='ltr'>moenia</span> <span class='ocrx_word' id='word_1_375' title='bbox 1572 1223 1601 1247; x_wconf 86' lang='lat' dir='ltr'>et</span> <span class='ocrx_word' id='word_1_376' title='bbox 1638 1221 1749 1248; x_wconf 77' lang='lat' dir='ltr'>urbem</span> 
     </span>
     <span class='ocr_line' id='line_1_63' title="bbox 958 1262 1749 1303; baseline -0.006 -6"><span class='ocrx_word' id='word_1_377' title='bbox 958 1274 1103 1303; x_wconf 78' lang='lat' dir='ltr'>paratam</span> <span class='ocrx_word' id='word_1_378' title='bbox 1129 1269 1175 1302; x_wconf 74' lang='lat' dir='ltr'>ei,</span> <span class='ocrx_word' id='word_1_379' title='bbox 1213 1268 1269 1302; x_wconf 83' lang='lat' dir='ltr'>qui</span> <span class='ocrx_word' id='word_1_380' title='bbox 1295 1266 1512 1298; x_wconf 68' lang='lat' dir='ltr'>exclamavit,</span> <span class='ocrx_word' id='word_1_381' title='bbox 1558 1264 1589 1300; x_wconf 88' lang='grc'>1,</span> <span class='ocrx_word' id='word_1_382' title='bbox 1616 1262 1681 1292; x_wconf 75' lang='lat'>4:37</span> <span class='ocrx_word' id='word_1_383' title='bbox 1724 1268 1749 1294; x_wconf 87' lang='grc'>0</span> 
     </span>
     <span class='ocr_line' id='line_1_64' title="bbox 957 1312 1747 1349; baseline -0.005 -6"><span class='ocrx_word' id='word_1_384' title='bbox 957 1315 1127 1347; x_wconf 74' lang='lat' dir='ltr'>fortunati,</span> <span class='ocrx_word' id='word_1_385' title='bbox 1164 1321 1299 1349; x_wconf 85' lang='lat' dir='ltr'>quorum</span> <span class='ocrx_word' id='word_1_386' title='bbox 1338 1313 1403 1340; x_wconf 83' lang='lat' dir='ltr'>iam</span> <span class='ocrx_word' id='word_1_387' title='bbox 1441 1312 1568 1340; x_wconf 82' lang='lat' dir='ltr'>moenia</span> <span class='ocrx_word' id='word_1_388' title='bbox 1602 1316 1747 1347; x_wconf 78' lang='lat' dir='ltr'>surgunt.</span> 
     </span>
     <span class='ocr_line' id='line_1_65' title="bbox 961 1358 1751 1391; baseline -0.001 -3"><span class='ocrx_word' id='word_1_389' title='bbox 961 1358 1017 1389; x_wconf 84' lang='lat' dir='ltr'>Gt.</span> <span class='ocrx_word' id='word_1_390' title='bbox 1051 1361 1133 1389; x_wconf 89' lang='lat' dir='ltr'>coni.</span> <span class='ocrx_word' id='word_1_391' title='bbox 1167 1358 1266 1389; x_wconf 52' lang='lat' dir='ltr'>Nunc</span> <span class='ocrx_word' id='word_1_392' title='bbox 1299 1366 1399 1387; x_wconf 80' lang='lat' dir='ltr'>mane</span> <span class='ocrx_word' id='word_1_393' title='bbox 1432 1367 1476 1386; x_wconf 85' lang='lat' dir='ltr'>sc.</span> <span class='ocrx_word' id='word_1_394' title='bbox 1509 1363 1542 1386; x_wconf 90' lang='lat' dir='ltr'>ut</span> <span class='ocrx_word' id='word_1_395' title='bbox 1569 1358 1751 1391; x_wconf 85' lang='lat' dir='ltr'>oppositum</span> 
     </span>
     <span class='ocr_line' id='line_1_66' title="bbox 955 1401 1402 1435; baseline -0.002 -1"><span class='ocrx_word' id='word_1_396' title='bbox 955 1407 997 1435; x_wconf 85' lang='lat' dir='ltr'>sit</span> <span class='ocrx_word' id='word_1_397' title='bbox 1027 1407 1135 1435; x_wconf 78' lang='lat' dir='ltr'>verbis</span> <span class='ocrx_word' id='word_1_398' title='bbox 1162 1403 1298 1435; x_wconf 76' lang='lat' dir='ltr'>labente</span> <span class='ocrx_word' id='word_1_399' title='bbox 1325 1401 1402 1433; x_wconf 74' lang='lat' dir='ltr'>die!</span> 
     </span>
    </p>

    <p class='ocr_par' dir='ltr' id='par_1_23' title="bbox 954 1450 1751 1711">
     <span class='ocr_line' id='line_1_67' title="bbox 1002 1450 1750 1480; baseline -0.003 0"><span class='ocrx_word' id='word_1_400' title='bbox 1002 1450 1055 1480; x_wconf 73' lang='lat'>75.</span> <span class='ocrx_word' id='word_1_401' title='bbox 1088 1451 1259 1480; x_wconf 81' lang='lat' dir='ltr'>Ostentat.</span> <span class='ocrx_word' id='word_1_402' title='bbox 1308 1451 1408 1479; x_wconf 72' lang='lat' dir='ltr'>Vides</span> <span class='ocrx_word' id='word_1_403' title='bbox 1440 1450 1473 1477; x_wconf 91' lang='lat' dir='ltr'>in</span> <span class='ocrx_word' id='word_1_404' title='bbox 1503 1452 1532 1477; x_wconf 89' lang='grc'>11.</span> <span class='ocrx_word' id='word_1_405' title='bbox 1559 1457 1590 1477; x_wconf 80' lang='lat' dir='ltr'>v.</span> <span class='ocrx_word' id='word_1_406' title='bbox 1623 1451 1750 1478; x_wconf 83' lang='lat' dir='ltr'>vultum</span> 
     </span>
     <span class='ocr_line' id='line_1_68' title="bbox 955 1496 1749 1535; baseline -0.004 -9"><span class='ocrx_word' id='word_1_407' title='bbox 955 1503 985 1527; x_wconf 87' lang='lat' dir='ltr'>et</span> <span class='ocrx_word' id='word_1_408' title='bbox 1015 1499 1175 1535; x_wconf 84' lang='lat' dir='ltr'>animum,</span> <span class='ocrx_word' id='word_1_409' title='bbox 1216 1506 1276 1532; x_wconf 83' lang='lat' dir='ltr'>quo</span> <span class='ocrx_word' id='word_1_410' title='bbox 1303 1498 1383 1526; x_wconf 86' lang='lat' dir='ltr'>Dido</span> <span class='ocrx_word' id='word_1_411' title='bbox 1419 1504 1495 1531; x_wconf 84' lang='lat' dir='ltr'>opes</span> <span class='ocrx_word' id='word_1_412' title='bbox 1523 1503 1602 1524; x_wconf 80' lang='lat' dir='ltr'>suas</span> <span class='ocrx_word' id='word_1_413' title='bbox 1629 1496 1749 1530; x_wconf 81' lang='lat' dir='ltr'>hospiti</span> 
     </span>
     <span class='ocr_line' id='line_1_69' title="bbox 956 1542 1751 1583; baseline -0.005 -10"><span class='ocrx_word' id='word_1_414' title='bbox 956 1549 1122 1573; x_wconf 84' lang='lat' dir='ltr'>monstrat.</span> <span class='ocrx_word' id='word_1_415' title='bbox 1144 1559 1182 1563; x_wconf 90' lang='lat'><strong>—</strong></span> <span class='ocrx_word' id='word_1_416' title='bbox 1210 1543 1393 1583; x_wconf 76' lang='lat' dir='ltr'>urbemque</span> <span class='ocrx_word' id='word_1_417' title='bbox 1413 1544 1579 1581; x_wconf 77' lang='lat' dir='ltr'>paratam</span> <span class='ocrx_word' id='word_1_418' title='bbox 1602 1546 1631 1569; x_wconf 87' lang='lat' dir='ltr'>et</span> <span class='ocrx_word' id='word_1_419' title='bbox 1654 1542 1751 1576; x_wconf 80' lang='lat' dir='ltr'>quasi</span> 
     </span>
     <span class='ocr_line' id='line_1_70' title="bbox 955 1585 1750 1628; baseline -0.003 -9"><span class='ocrx_word' id='word_1_420' title='bbox 955 1591 1063 1626; x_wconf 82' lang='lat' dir='ltr'>ipsum</span> <span class='ocrx_word' id='word_1_421' title='bbox 1086 1595 1323 1625; x_wconf 82' lang='lat' dir='ltr'>exspectantem</span> <span class='ocrx_word' id='word_1_422' title='bbox 1349 1589 1387 1617; x_wconf 84' lang='lat' dir='ltr'>cf.</span> <span class='ocrx_word' id='word_1_423' title='bbox 1419 1586 1445 1625; x_wconf 86' lang='lat' dir='ltr'>l,</span> <span class='ocrx_word' id='word_1_424' title='bbox 1472 1586 1536 1615; x_wconf 73' lang='lat'>557</span> <span class='ocrx_word' id='word_1_425' title='bbox 1564 1585 1661 1616; x_wconf 86' lang='lat' dir='ltr'>sedes</span> <span class='ocrx_word' id='word_1_426' title='bbox 1683 1597 1750 1628; x_wconf 84' lang='lat' dir='ltr'>pa-</span> 
     </span>
     <span class='ocr_line' id='line_1_71' title="bbox 956 1635 1748 1673; baseline 0 -9"><span class='ocrx_word' id='word_1_427' title='bbox 956 1640 1066 1673; x_wconf 76' lang='lat' dir='ltr'>ratas,</span> <span class='ocrx_word' id='word_1_428' title='bbox 1089 1641 1123 1665; x_wconf 88' lang='lat' dir='ltr'>ut</span> <span class='ocrx_word' id='word_1_429' title='bbox 1147 1637 1297 1665; x_wconf 82' lang='lat' dir='ltr'>insanum</span> <span class='ocrx_word' id='word_1_430' title='bbox 1318 1636 1467 1664; x_wconf 76' lang='lat' dir='ltr'>videatur</span> <span class='ocrx_word' id='word_1_431' title='bbox 1489 1635 1579 1663; x_wconf 78' lang='lat' dir='ltr'>abire</span> <span class='ocrx_word' id='word_1_432' title='bbox 1601 1638 1631 1662; x_wconf 89' lang='lat' dir='ltr'>et</span> <span class='ocrx_word' id='word_1_433' title='bbox 1650 1642 1748 1669; x_wconf 84' lang='lat' dir='ltr'>quae-</span> 
     </span>
     <span class='ocr_line' id='line_1_72' title="bbox 954 1683 1144 1711; baseline 0 0"><span class='ocrx_word' id='word_1_434' title='bbox 954 1691 1024 1711; x_wconf 89' lang='lat' dir='ltr'>rere</span> <span class='ocrx_word' id='word_1_435' title='bbox 1048 1683 1144 1711; x_wconf 77' lang='lat' dir='ltr'>alias.</span> 
     </span>
    </p>

    <p class='ocr_par' dir='ltr' id='par_1_24' title="bbox 951 1726 1750 1987">
     <span class='ocr_line' id='line_1_73' title="bbox 1000 1726 1748 1761; baseline 0 -6"><span class='ocrx_word' id='word_1_436' title='bbox 1000 1726 1054 1757; x_wconf 83' lang='lat'>76.</span> <span class='ocrx_word' id='word_1_437' title='bbox 1080 1729 1212 1757; x_wconf 84' lang='lat' dir='ltr'>Amoris</span> <span class='ocrx_word' id='word_1_438' title='bbox 1235 1728 1383 1761; x_wconf 69' lang='lat' dir='ltr'>signum,</span> <span class='ocrx_word' id='word_1_439' title='bbox 1415 1726 1518 1755; x_wconf 84' lang='lat' dir='ltr'>medio</span> <span class='ocrx_word' id='word_1_440' title='bbox 1542 1726 1575 1754; x_wconf 92' lang='lat' dir='ltr'>in</span> <span class='ocrx_word' id='word_1_441' title='bbox 1601 1735 1748 1756; x_wconf 88' lang='lat' dir='ltr'>sermone</span> 
     </span>
     <span class='ocr_line' id='line_1_74' title="bbox 952 1770 1747 1811; baseline -0.003 -8"><span class='ocrx_word' id='word_1_442' title='bbox 952 1775 1124 1803; x_wconf 84' lang='lat' dir='ltr'>haesitare.</span> <span class='ocrx_word' id='word_1_443' title='bbox 1174 1774 1221 1803; x_wconf 84' lang='lat' dir='ltr'>Cf.</span> <span class='ocrx_word' id='word_1_444' title='bbox 1253 1775 1326 1802; x_wconf 86' lang='lat' dir='ltr'>Hor.</span> <span class='ocrx_word' id='word_1_445' title='bbox 1348 1774 1382 1802; x_wconf 93' lang='lat' dir='ltr'>C.</span> <span class='ocrx_word' id='word_1_446' title='bbox 1409 1773 1439 1810; x_wconf 73' lang='lat'>4,</span> <span class='ocrx_word' id='word_1_447' title='bbox 1469 1771 1495 1809; x_wconf 89' lang='grc'>1,</span> <span class='ocrx_word' id='word_1_448' title='bbox 1524 1771 1563 1800; x_wconf 79' lang='grc'>35</span> <span class='ocrx_word' id='word_1_449' title='bbox 1599 1770 1668 1802; x_wconf 88' lang='lat' dir='ltr'>Cur</span> <span class='ocrx_word' id='word_1_450' title='bbox 1684 1772 1747 1811; x_wconf 91' lang='lat' dir='ltr'>fa-</span> 
     </span>
     <span class='ocr_line' id='line_1_75' title="bbox 951 1816 1750 1861; baseline -0.001 -12"><span class='ocrx_word' id='word_1_451' title='bbox 951 1818 1068 1850; x_wconf 78' lang='lat' dir='ltr'>cunda</span> <span class='ocrx_word' id='word_1_452' title='bbox 1094 1828 1221 1861; x_wconf 87' lang='lat' dir='ltr'>parum</span> <span class='ocrx_word' id='word_1_453' title='bbox 1251 1818 1372 1848; x_wconf 74' lang='lat' dir='ltr'>decoro</span> <span class='ocrx_word' id='word_1_454' title='bbox 1404 1816 1495 1849; x_wconf 84' lang='lat' dir='ltr'>inter</span> <span class='ocrx_word' id='word_1_455' title='bbox 1524 1816 1626 1847; x_wconf 82' lang='lat' dir='ltr'>verba</span> <span class='ocrx_word' id='word_1_456' title='bbox 1653 1816 1750 1849; x_wconf 82' lang='lat' dir='ltr'>cadit</span> 
     </span>
     <span class='ocr_line' id='line_1_76' title="bbox 953 1860 1748 1906; baseline -0.001 -11"><span class='ocrx_word' id='word_1_457' title='bbox 953 1864 1082 1906; x_wconf 80' lang='lat' dir='ltr'>lingua</span> <span class='ocrx_word' id='word_1_458' title='bbox 1113 1861 1280 1895; x_wconf 83' lang='lat' dir='ltr'>silentio?</span> <span class='ocrx_word' id='word_1_459' title='bbox 1328 1866 1445 1894; x_wconf 78' lang='lat' dir='ltr'>catull.</span> <span class='ocrx_word' id='word_1_460' title='bbox 1473 1860 1525 1893; x_wconf 77' lang='grc'>51.</span> <span class='ocrx_word' id='word_1_461' title='bbox 1573 1866 1631 1893; x_wconf 84' lang='lat' dir='ltr'>Ov.</span> <span class='ocrx_word' id='word_1_462' title='bbox 1660 1866 1748 1894; x_wconf 82' lang='lat' dir='ltr'>Fast.</span> 
     </span>
     <span class='ocr_line' id='line_1_77' title="bbox 953 1908 1747 1949; baseline -0.003 -8"><span class='ocrx_word' id='word_1_463' title='bbox 953 1908 984 1948; x_wconf 81' lang='lat'>1,</span> <span class='ocrx_word' id='word_1_464' title='bbox 1010 1910 1086 1941; x_wconf 79' lang='lat'>538.</span> <span class='ocrx_word' id='word_1_465' title='bbox 1114 1914 1194 1941; x_wconf 81' lang='lat' dir='ltr'>Gen.</span> <span class='ocrx_word' id='word_1_466' title='bbox 1222 1909 1274 1949; x_wconf 83' lang='lat'>19,</span> <span class='ocrx_word' id='word_1_467' title='bbox 1299 1909 1329 1939; x_wconf 83' lang='lat'>9.</span> <span class='ocrx_word' id='word_1_468' title='bbox 1360 1913 1478 1946; x_wconf 80' lang='lat' dir='ltr'>sappn.</span> <span class='ocrx_word' id='word_1_469' title='bbox 1502 1909 1616 1946; x_wconf 79' lang='lat' dir='ltr'>fragm.</span> <span class='ocrx_word' id='word_1_470' title='bbox 1642 1909 1672 1939; x_wconf 83' lang='lat'>2.</span> <span class='ocrx_word' id='word_1_471' title='bbox 1698 1911 1747 1939; x_wconf 81' lang='lat' dir='ltr'>ed.</span> 
     </span>
     <span class='ocr_line' id='line_1_78' title="bbox 953 1960 1050 1987; baseline -0.01 0"><span class='ocrx_word' id='word_1_472' title='bbox 953 1960 1050 1987; x_wconf 78' lang='lat' dir='ltr'>Neue.</span> 
     </span>
    </p>

    <p class='ocr_par' dir='ltr' id='par_1_25' title="bbox 954 1999 1749 2175">
     <span class='ocr_line' id='line_1_79' title="bbox 1000 1999 1748 2039; baseline 0 -8"><span class='ocrx_word' id='word_1_473' title='bbox 1000 2001 1053 2032; x_wconf 87' lang='grc'>77.</span> <span class='ocrx_word' id='word_1_474' title='bbox 1085 2000 1219 2032; x_wconf 78' lang='lat' dir='ltr'>Eadem</span> <span class='ocrx_word' id='word_1_475' title='bbox 1267 2002 1457 2038; x_wconf 84' lang='lat' dir='ltr'>intelligitur</span> <span class='ocrx_word' id='word_1_476' title='bbox 1509 1999 1616 2039; x_wconf 82' lang='lat' dir='ltr'>Dido,</span> <span class='ocrx_word' id='word_1_477' title='bbox 1665 2010 1748 2037; x_wconf 83' lang='lat' dir='ltr'>quae</span> 
     </span>
     <span class='ocr_line' id='line_1_80' title="bbox 954 2049 1747 2084; baseline 0.001 -7"><span class='ocrx_word' id='word_1_478' title='bbox 954 2050 1070 2084; x_wconf 78' lang='lat' dir='ltr'>quovis</span> <span class='ocrx_word' id='word_1_479' title='bbox 1104 2054 1244 2084; x_wconf 84' lang='lat' dir='ltr'>tempore</span> <span class='ocrx_word' id='word_1_480' title='bbox 1277 2053 1311 2078; x_wconf 84' lang='lat' dir='ltr'>ut</span> <span class='ocrx_word' id='word_1_481' title='bbox 1334 2057 1431 2084; x_wconf 85' lang='lat' dir='ltr'>prope</span> <span class='ocrx_word' id='word_1_482' title='bbox 1455 2049 1601 2077; x_wconf 80' lang='lat' dir='ltr'>Aeneam</span> <span class='ocrx_word' id='word_1_483' title='bbox 1625 2049 1667 2077; x_wconf 91' lang='lat' dir='ltr'>sit</span> <span class='ocrx_word' id='word_1_484' title='bbox 1691 2057 1747 2078; x_wconf 89' lang='lat' dir='ltr'>cu-</span> 
     </span>
     <span class='ocr_line' id='line_1_81' title="bbox 954 2092 1749 2131; baseline 0.001 -8"><span class='ocrx_word' id='word_1_485' title='bbox 954 2099 1014 2123; x_wconf 84' lang='lat' dir='ltr'>rat.</span> <span class='ocrx_word' id='word_1_486' title='bbox 1041 2110 1080 2115; x_wconf 92' lang='lat'>—</span> <span class='ocrx_word' id='word_1_487' title='bbox 1109 2093 1245 2124; x_wconf 87' lang='lat' dir='ltr'>labente</span> <span class='ocrx_word' id='word_1_488' title='bbox 1269 2092 1339 2130; x_wconf 81' lang='lat' dir='ltr'>die,</span> <span class='ocrx_word' id='word_1_489' title='bbox 1364 2094 1503 2131; x_wconf 80' lang='lat' dir='ltr'>vesperi,</span> <span class='ocrx_word' id='word_1_490' title='bbox 1527 2102 1647 2124; x_wconf 69' lang='lat' dir='ltr'>coenae</span> <span class='ocrx_word' id='word_1_491' title='bbox 1670 2100 1749 2124; x_wconf 87' lang='lat' dir='ltr'>tem-</span> 
     </span>
     <span class='ocr_line' id='line_1_82' title="bbox 955 2148 1040 2175; baseline 0 -6"><span class='ocrx_word' id='word_1_492' title='bbox 955 2148 1040 2175; x_wconf 82' lang='lat' dir='ltr'>pore.</span> 
     </span>
    </p>

    <p class='ocr_par' dir='ltr' id='par_1_26' title="bbox 950 2182 1748 2454">
     <span class='ocr_line' id='line_1_83' title="bbox 1002 2182 1747 2223; baseline 0.001 -10"><span class='ocrx_word' id='word_1_493' title='bbox 1002 2183 1055 2214; x_wconf 82' lang='grc'><strong>78.</strong></span> <span class='ocrx_word' id='word_1_494' title='bbox 1085 2182 1214 2215; x_wconf 78' lang='lat' dir='ltr'>lterum</span> <span class='ocrx_word' id='word_1_495' title='bbox 1238 2187 1321 2220; x_wconf 85' lang='lat' dir='ltr'>quod</span> <span class='ocrx_word' id='word_1_496' title='bbox 1343 2186 1455 2214; x_wconf 85' lang='lat' dir='ltr'>audire</span> <span class='ocrx_word' id='word_1_497' title='bbox 1478 2188 1560 2223; x_wconf 78' lang='lat' dir='ltr'>vult,</span> <span class='ocrx_word' id='word_1_498' title='bbox 1586 2186 1747 2221; x_wconf 84' lang='lat' dir='ltr'>cupidinis</span> 
     </span>
     <span class='ocr_line' id='line_1_84' title="bbox 955 2232 1747 2268; baseline 0.001 -9"><span class='ocrx_word' id='word_1_499' title='bbox 955 2232 1086 2268; x_wconf 83' lang='lat' dir='ltr'>signum</span> <span class='ocrx_word' id='word_1_500' title='bbox 1108 2235 1165 2259; x_wconf 90' lang='lat' dir='ltr'>est.</span> <span class='ocrx_word' id='word_1_501' title='bbox 1204 2233 1287 2259; x_wconf 79' lang='lat' dir='ltr'>Nam</span> <span class='ocrx_word' id='word_1_502' title='bbox 1309 2238 1425 2259; x_wconf 84' lang='lat' dir='ltr'>amans</span> <span class='ocrx_word' id='word_1_503' title='bbox 1447 2233 1558 2260; x_wconf 83' lang='lat' dir='ltr'>eadem</span> <span class='ocrx_word' id='word_1_504' title='bbox 1578 2240 1619 2261; x_wconf 87' lang='lat' dir='ltr'>ex</span> <span class='ocrx_word' id='word_1_505' title='bbox 1639 2236 1747 2261; x_wconf 83' lang='lat' dir='ltr'>amato</span> 
     </span>
     <span class='ocr_line' id='line_1_85' title="bbox 951 2277 1746 2311; baseline 0 -6"><span class='ocrx_word' id='word_1_506' title='bbox 951 2277 1039 2306; x_wconf 84' lang='lat' dir='ltr'>audit</span> <span class='ocrx_word' id='word_1_507' title='bbox 1071 2277 1143 2305; x_wconf 89' lang='lat' dir='ltr'>sine</span> <span class='ocrx_word' id='word_1_508' title='bbox 1175 2277 1296 2311; x_wconf 85' lang='lat' dir='ltr'>taedio,</span> <span class='ocrx_word' id='word_1_509' title='bbox 1332 2277 1386 2310; x_wconf 85' lang='lat' dir='ltr'>qui</span> <span class='ocrx_word' id='word_1_510' title='bbox 1411 2278 1502 2305; x_wconf 89' lang='lat' dir='ltr'>modo</span> <span class='ocrx_word' id='word_1_511' title='bbox 1529 2282 1614 2306; x_wconf 87' lang='lat' dir='ltr'>curet</span> <span class='ocrx_word' id='word_1_512' title='bbox 1640 2282 1673 2305; x_wconf 87' lang='lat' dir='ltr'>ut</span> <span class='ocrx_word' id='word_1_513' title='bbox 1698 2279 1746 2306; x_wconf 90' lang='lat' dir='ltr'>lo-</span> 
     </span>
     <span class='ocr_line' id='line_1_86' title="bbox 951 2322 1743 2358; baseline 0 -6"><span class='ocrx_word' id='word_1_514' title='bbox 951 2328 1068 2358; x_wconf 81' lang='lat' dir='ltr'>quatur</span> <span class='ocrx_word' id='word_1_515' title='bbox 1092 2327 1229 2354; x_wconf 74' lang='lat' dir='ltr'>amatus,</span> <span class='ocrx_word' id='word_1_516' title='bbox 1254 2330 1317 2350; x_wconf 90' lang='lat' dir='ltr'>non</span> <span class='ocrx_word' id='word_1_517' title='bbox 1337 2329 1420 2356; x_wconf 85' lang='lat' dir='ltr'>quae</span> <span class='ocrx_word' id='word_1_518' title='bbox 1439 2322 1585 2356; x_wconf 85' lang='lat' dir='ltr'>proferat.</span> <span class='ocrx_word' id='word_1_519' title='bbox 1620 2323 1667 2352; x_wconf 81' lang='lat' dir='ltr'>Cf.</span> <span class='ocrx_word' id='word_1_520' title='bbox 1684 2324 1743 2352; x_wconf 84' lang='lat' dir='ltr'>Ov.</span> 
     </span>
     <span class='ocr_line' id='line_1_87' title="bbox 950 2364 1748 2404; baseline 0 -6"><span class='ocrx_word' id='word_1_521' title='bbox 950 2370 992 2398; x_wconf 89' lang='lat' dir='ltr'>A.</span> <span class='ocrx_word' id='word_1_522' title='bbox 1024 2369 1066 2398; x_wconf 88' lang='lat' dir='ltr'>A.</span> <span class='ocrx_word' id='word_1_523' title='bbox 1105 2367 1140 2404; x_wconf 88' lang='grc'>2,</span> <span class='ocrx_word' id='word_1_524' title='bbox 1171 2364 1234 2396; x_wconf 89' lang='grc'>127</span> <span class='ocrx_word' id='word_1_525' title='bbox 1272 2365 1369 2396; x_wconf 86' lang='lat' dir='ltr'>Haec</span> <span class='ocrx_word' id='word_1_526' title='bbox 1401 2367 1586 2404; x_wconf 83' lang='lat' dir='ltr'>(Calypso)</span> <span class='ocrx_word' id='word_1_527' title='bbox 1622 2365 1748 2398; x_wconf 80' lang='lat' dir='ltr'>Troiae</span> 
     </span>
     <span class='ocr_line' id='line_1_88' title="bbox 951 2411 1679 2454; baseline 0.001 -11"><span class='ocrx_word' id='word_1_528' title='bbox 951 2423 1052 2444; x_wconf 80' lang='lat' dir='ltr'>casus</span> <span class='ocrx_word' id='word_1_529' title='bbox 1080 2412 1272 2453; x_wconf 80' lang='lat' dir='ltr'>iterumque</span> <span class='ocrx_word' id='word_1_530' title='bbox 1297 2411 1488 2453; x_wconf 78' lang='lat' dir='ltr'>iterumque</span> <span class='ocrx_word' id='word_1_531' title='bbox 1514 2411 1679 2454; x_wconf 78' lang='lat' dir='ltr'>rogabat.</span> 
     </span>
    </p>

    <p class='ocr_par' dir='ltr' id='par_1_27' title="bbox 953 2456 1748 2591">
     <span class='ocr_line' id='line_1_89' title="bbox 996 2456 1747 2500; baseline 0.001 -12"><span class='ocrx_word' id='word_1_532' title='bbox 996 2458 1050 2489; x_wconf 88' lang='grc'><strong>79.</strong></span> <span class='ocrx_word' id='word_1_533' title='bbox 1085 2457 1162 2489; x_wconf 70' lang='lat' dir='ltr'>Unel</span> <span class='ocrx_word' id='word_1_534' title='bbox 1204 2457 1321 2500; x_wconf 73' lang='lat' dir='ltr'>hcingt</span> <span class='ocrx_word' id='word_1_535' title='bbox 1365 2468 1411 2487; x_wconf 89' lang='lat' dir='ltr'>an</span> <span class='ocrx_word' id='word_1_536' title='bbox 1455 2456 1513 2488; x_wconf 71' lang='lat' dir='ltr'>(les</span> <span class='ocrx_word' id='word_1_537' title='bbox 1555 2457 1747 2490; x_wconf 77' lang='lat' dir='ltr'>Erziihlcrs</span> 
     </span>
     <span class='ocr_line' id='line_1_90' title="bbox 956 2502 1748 2541; baseline 0 -6"><span class='ocrx_word' id='word_1_538' title='bbox 956 2503 1090 2536; x_wconf 66' lang='grc'>1111111116</span> <span class='ocrx_word' id='word_1_539' title='bbox 1123 2505 1162 2536; x_wconf 83' lang='lat' dir='ltr'>cf.</span> <span class='ocrx_word' id='word_1_540' title='bbox 1200 2507 1258 2535; x_wconf 89' lang='lat' dir='ltr'>0v.</span> <span class='ocrx_word' id='word_1_541' title='bbox 1294 2506 1367 2534; x_wconf 87' lang='lat' dir='ltr'>Her.</span> <span class='ocrx_word' id='word_1_542' title='bbox 1402 2502 1438 2541; x_wconf 83' lang='lat' dir='ltr'>l,</span> <span class='ocrx_word' id='word_1_543' title='bbox 1470 2503 1512 2533; x_wconf 86' lang='lat'>30</span> <span class='ocrx_word' id='word_1_544' title='bbox 1558 2502 1748 2535; x_wconf 75' lang='lat' dir='ltr'>Narrantis</span> 
     </span>
     <span class='ocr_line' id='line_1_91' title="bbox 953 2547 1476 2591; baseline -0.004 -11"><span class='ocrx_word' id='word_1_545' title='bbox 953 2550 1079 2581; x_wconf 70' lang='lat' dir='ltr'>coniux</span> <span class='ocrx_word' id='word_1_546' title='bbox 1101 2549 1227 2591; x_wconf 78' lang='lat' dir='ltr'>pendet</span> <span class='ocrx_word' id='word_1_547' title='bbox 1252 2548 1293 2580; x_wconf 83' lang='lat' dir='ltr'>ab</span> <span class='ocrx_word' id='word_1_548' title='bbox 1317 2558 1373 2580; x_wconf 81' lang='lat' dir='ltr'>ore</span> <span class='ocrx_word' id='word_1_549' title='bbox 1400 2547 1476 2579; x_wconf 78' lang='lat' dir='ltr'>viri.</span> 
     </span>
    </p>

    <p class='ocr_par' dir='ltr' id='par_1_28' title="bbox 953 2594 1748 3094">
     <span class='ocr_line' id='line_1_92' title="bbox 1000 2594 1748 2636; baseline 0 -10"><span class='ocrx_word' id='word_1_550' title='bbox 1000 2596 1054 2627; x_wconf 76' lang='lat'>80.</span> <span class='ocrx_word' id='word_1_551' title='bbox 1084 2595 1213 2626; x_wconf 82' lang='lat' dir='ltr'>Lumen</span> <span class='ocrx_word' id='word_1_552' title='bbox 1236 2595 1321 2626; x_wconf 84' lang='lat' dir='ltr'>luna</span> <span class='ocrx_word' id='word_1_553' title='bbox 1343 2594 1469 2636; x_wconf 78' lang='lat' dir='ltr'>premit</span> <span class='ocrx_word' id='word_1_554' title='bbox 1491 2597 1537 2625; x_wconf 84' lang='lat' dir='ltr'>ita</span> <span class='ocrx_word' id='word_1_555' title='bbox 1557 2597 1676 2627; x_wconf 86' lang='lat' dir='ltr'>dictum</span> <span class='ocrx_word' id='word_1_556' title='bbox 1699 2601 1748 2627; x_wconf 90' lang='lat' dir='ltr'>est</span> 
     </span>
     <span class='ocr_line' id='line_1_93' title="bbox 953 2640 1747 2683; baseline 0 -11"><span class='ocrx_word' id='word_1_557' title='bbox 953 2648 987 2673; x_wconf 88' lang='lat' dir='ltr'>ut</span> <span class='ocrx_word' id='word_1_558' title='bbox 1013 2652 1166 2683; x_wconf 82' lang='lat' dir='ltr'>aequora</span> <span class='ocrx_word' id='word_1_559' title='bbox 1189 2646 1317 2682; x_wconf 75' lang='lat' dir='ltr'>pontus</span> <span class='ocrx_word' id='word_1_560' title='bbox 1333 2640 1460 2682; x_wconf 79' lang='lat' dir='ltr'>premit</span> <span class='ocrx_word' id='word_1_561' title='bbox 1488 2640 1631 2678; x_wconf 81' lang='lat'>10,103.</span> <span class='ocrx_word' id='word_1_562' title='bbox 1659 2644 1747 2678; x_wconf 79' lang='lat' dir='ltr'>Quod</span> 
     </span>
     <span class='ocr_line' id='line_1_94' title="bbox 954 2686 1745 2728; baseline 0 -10"><span class='ocrx_word' id='word_1_563' title='bbox 954 2690 1097 2726; x_wconf 81' lang='lat' dir='ltr'>iungitur</span> <span class='ocrx_word' id='word_1_564' title='bbox 1124 2686 1223 2718; x_wconf 85' lang='lat' dir='ltr'>Luna</span> <span class='ocrx_word' id='word_1_565' title='bbox 1247 2687 1390 2717; x_wconf 78' lang='lat' dir='ltr'>obscura</span> <span class='ocrx_word' id='word_1_566' title='bbox 1414 2686 1526 2716; x_wconf 84' lang='lat' dir='ltr'>lumen</span> <span class='ocrx_word' id='word_1_567' title='bbox 1550 2687 1677 2728; x_wconf 78' lang='lat' dir='ltr'>premit</span> <span class='ocrx_word' id='word_1_568' title='bbox 1707 2690 1745 2719; x_wconf 86' lang='lat' dir='ltr'>cf.</span> 
     </span>
     <span class='ocr_line' id='line_1_95' title="bbox 955 2734 1747 2770; baseline 0 -6"><span class='ocrx_word' id='word_1_569' title='bbox 955 2734 1008 2764; x_wconf 87' lang='grc'>22.</span> <span class='ocrx_word' id='word_1_570' title='bbox 1059 2737 1124 2765; x_wconf 86' lang='lat' dir='ltr'>Hoc</span> <span class='ocrx_word' id='word_1_571' title='bbox 1146 2739 1253 2763; x_wconf 88' lang='lat' dir='ltr'>autem</span> <span class='ocrx_word' id='word_1_572' title='bbox 1273 2735 1320 2770; x_wconf 81' lang='lat' dir='ltr'>fit,</span> <span class='ocrx_word' id='word_1_573' title='bbox 1343 2735 1469 2768; x_wconf 84' lang='lat' dir='ltr'>quando</span> <span class='ocrx_word' id='word_1_574' title='bbox 1494 2736 1574 2764; x_wconf 85' lang='lat' dir='ltr'>luna</span> <span class='ocrx_word' id='word_1_575' title='bbox 1595 2740 1747 2765; x_wconf 83' lang='lat' dir='ltr'>nascente</span> 
     </span>
     <span class='ocr_line' id='line_1_96' title="bbox 954 2781 1744 2816; baseline 0 -5"><span class='ocrx_word' id='word_1_576' title='bbox 954 2782 1085 2811; x_wconf 81' lang='lat' dir='ltr'>Aurora</span> <span class='ocrx_word' id='word_1_577' title='bbox 1130 2781 1278 2816; x_wconf 85' lang='lat' dir='ltr'>pallescit</span> <span class='ocrx_word' id='word_1_578' title='bbox 1323 2783 1352 2808; x_wconf 87' lang='lat' dir='ltr'>et</span> <span class='ocrx_word' id='word_1_579' title='bbox 1399 2781 1522 2809; x_wconf 87' lang='lat' dir='ltr'>sensim</span> <span class='ocrx_word' id='word_1_580' title='bbox 1567 2782 1744 2811; x_wconf 83' lang='lat' dir='ltr'>evanescit.</span> 
     </span>
     <span class='ocr_line' id='line_1_97' title="bbox 956 2828 1745 2864; baseline 0 -8"><span class='ocrx_word' id='word_1_581' title='bbox 956 2829 1060 2862; x_wconf 83' lang='lat' dir='ltr'>Quare</span> <span class='ocrx_word' id='word_1_582' title='bbox 1090 2828 1130 2856; x_wconf 85' lang='lat' dir='ltr'>ad</span> <span class='ocrx_word' id='word_1_583' title='bbox 1161 2834 1256 2856; x_wconf 82' lang='lat' dir='ltr'>mane</span> <span class='ocrx_word' id='word_1_584' title='bbox 1287 2834 1389 2861; x_wconf 83' lang='lat' dir='ltr'>usque</span> <span class='ocrx_word' id='word_1_585' title='bbox 1422 2834 1521 2856; x_wconf 88' lang='lat' dir='ltr'>coena</span> <span class='ocrx_word' id='word_1_586' title='bbox 1552 2828 1745 2864; x_wconf 88' lang='lat' dir='ltr'>producitur,</span> 
     </span>
     <span class='ocr_line' id='line_1_98' title="bbox 954 2869 1746 2911; baseline -0.003 -8"><span class='ocrx_word' id='word_1_587' title='bbox 954 2875 1037 2909; x_wconf 84' lang='lat' dir='ltr'>quod</span> <span class='ocrx_word' id='word_1_588' title='bbox 1059 2874 1189 2910; x_wconf 83' lang='lat' dir='ltr'>signant</span> <span class='ocrx_word' id='word_1_589' title='bbox 1209 2873 1306 2901; x_wconf 82' lang='lat' dir='ltr'>etiam</span> <span class='ocrx_word' id='word_1_590' title='bbox 1327 2870 1490 2902; x_wconf 81' lang='lat' dir='ltr'>cadentia</span> <span class='ocrx_word' id='word_1_591' title='bbox 1515 2869 1631 2903; x_wconf 80' lang='lat' dir='ltr'>sidera</span> <span class='ocrx_word' id='word_1_592' title='bbox 1651 2873 1692 2903; x_wconf 79' lang='lat' dir='ltr'>cf.</span> <span class='ocrx_word' id='word_1_593' title='bbox 1715 2872 1746 2911; x_wconf 86' lang='grc'>2,</span> 
     </span>
     <span class='ocr_line' id='line_1_99' title="bbox 955 2916 1746 2954; baseline 0.001 -7"><span class='ocrx_word' id='word_1_594' title='bbox 955 2917 984 2948; x_wconf 90' lang='grc'><strong>9.</strong></span> <span class='ocrx_word' id='word_1_595' title='bbox 1040 2916 1200 2948; x_wconf 65' lang='lat' dir='ltr'>Vicissim</span> <span class='ocrx_word' id='word_1_596' title='bbox 1228 2920 1321 2947; x_wconf 83' lang='lat' dir='ltr'>Luna</span> <span class='ocrx_word' id='word_1_597' title='bbox 1347 2919 1472 2954; x_wconf 83' lang='lat' dir='ltr'>interit,</span> <span class='ocrx_word' id='word_1_598' title='bbox 1497 2922 1533 2948; x_wconf 89' lang='lat' dir='ltr'>ut</span> <span class='ocrx_word' id='word_1_599' title='bbox 1556 2921 1611 2948; x_wconf 88' lang='lat' dir='ltr'>Sol</span> <span class='ocrx_word' id='word_1_600' title='bbox 1637 2923 1746 2954; x_wconf 87' lang='lat' dir='ltr'>coepto</span> 
     </span>
     <span class='ocr_line' id='line_1_100' title="bbox 954 2962 1743 2999; baseline 0 -5"><span class='ocrx_word' id='word_1_601' title='bbox 954 2965 1106 2995; x_wconf 74' lang='lat' dir='ltr'>convivio</span> <span class='ocrx_word' id='word_1_602' title='bbox 1140 2974 1171 2994; x_wconf 76' lang='lat' dir='ltr'>v.</span> <span class='ocrx_word' id='word_1_603' title='bbox 1199 2962 1252 2992; x_wconf 82' lang='lat'>77.</span> <span class='ocrx_word' id='word_1_604' title='bbox 1300 2965 1411 2999; x_wconf 84' lang='lat' dir='ltr'>Itaque</span> <span class='ocrx_word' id='word_1_605' title='bbox 1443 2969 1497 2993; x_wconf 83' lang='lat' dir='ltr'>aut</span> <span class='ocrx_word' id='word_1_606' title='bbox 1527 2965 1658 2994; x_wconf 79' lang='lat' dir='ltr'>Aeneae</span> <span class='ocrx_word' id='word_1_607' title='bbox 1690 2970 1743 2994; x_wconf 79' lang='lat' dir='ltr'>aut</span> 
     </span>
     <span class='ocr_line' id='line_1_101' title="bbox 953 3011 1745 3046; baseline -0.001 -6"><span class='ocrx_word' id='word_1_608' title='bbox 953 3012 1093 3040; x_wconf 80' lang='lat' dir='ltr'>Ascanii</span> <span class='ocrx_word' id='word_1_609' title='bbox 1132 3011 1256 3046; x_wconf 84' lang='lat' dir='ltr'>quaerit</span> <span class='ocrx_word' id='word_1_610' title='bbox 1296 3015 1490 3040; x_wconf 86' lang='lat' dir='ltr'>conventum</span> <span class='ocrx_word' id='word_1_611' title='bbox 1525 3012 1643 3046; x_wconf 77' lang='lat' dir='ltr'>quovis</span> <span class='ocrx_word' id='word_1_612' title='bbox 1682 3011 1745 3040; x_wconf 87' lang='lat' dir='ltr'>diei</span> 
     </span>
     <span class='ocr_line' id='line_1_102' title="bbox 955 3061 1104 3094; baseline -0.007 -8"><span class='ocrx_word' id='word_1_613' title='bbox 955 3061 1104 3094; x_wconf 84' lang='lat' dir='ltr'>tempore.</span> 
     </span>
    </p>
   </div>
  </div>
 </body>
</html>
