2023 3350
328 150 408 189 692

327 272 432 306 porca
455 264 486 292 in
510 261 614 290 sacris
641 258 672 294 δ’,
698 257 772 289 641.

328 307 496 350 porricere
519 304 550 339 5.
576 303 651 334 238.

337 351 507 383 Porsenna
531 352 560 385 S,
587 348 662 380 6-16.

327 399 448 438 portae
472 400 615 430 patentes
638 395 726 430 pacis
752 395 878 429 signum
902 391 933 430 2,
957 391 1010 423 27.

336 439 504 470 Portunus
527 442 605 469 deus
633 441 776 469 marinus
797 436 829 475 5,
856 437 931 468 241.

335 483 456 514 Portus
486 483 624 514 l'eneris
645 484 676 520 3,
702 483 776 514 531.
809 500 851 504 —
882 489 990 520 portus
1020 484 1109 513 vitae

377 529 407 565 7,
433 528 508 559 598.

328 582 482 615 poscere,
516 581 688 610 provocare
713 573 744 609 S,
769 572 843 603 614.

329 618 462 659 positus
488 628 518 648 v.
543 627 677 659 ponere.

328 662 469 704 posside
498 664 547 699 10,
572 662 646 693 301.

327 712 442 749 postes
463 712 730 745 amplectebantur
754 708 894 738 relicturi
919 706 950 744 4,
975 706 1050 737 490.

328 757 511 795 postquam
537 764 562 784 c.
584 759 750 789 praesente
778 752 805 789 1,
838 751 909 783 155.

330 802 450 839 potens
473 801 547 829 avis
572 798 600 835 7,
626 797 678 829 56.
718 814 762 818 -
793 801 889 828 herba
914 797 946 833 7,
975 796 1023 827 19.
1067 813 1110 817 —

377 846 423 874 rei
445 850 504 880 est,
530 845 584 880 qui
607 845 736 880 perfecit
761 853 825 874 rem
851 843 881 880 7,
907 841 981 873 541.

331 888 424 929 potis
448 888 477 923 3,
505 888 580 919 671.

339 931 459 964 Potitii
484 933 514 971 8,
539 932 614 965 269.

331 987 495 1020 praeceps
530 978 579 1015 10,
607 977 682 1009 232.

332 1027 519 1064 praecepta
543 1029 617 1054 sunt
642 1028 752 1054 vatum
778 1021 812 1061 2,
840 1022 914 1053 346.

333 1068 532 1109 praecipere
569 1079 614 1099 sc.
648 1078 699 1099 res
724 1071 848 1099 futuras
883 1068 919 1105 6,
966 1066 1038 1099 105.
1071 1084 1114 1088 ——

378 1117 482 1145 locum
511 1113 561 1151 10,
591 1113 669 1144 277.

332 1158 567 1200 praecipitare
598 1161 732 1190 intrans.
758 1157 794 1197 2,
819 1158 849 1189 9.
890 1175 934 1180 —-
973 1168 1000 1189 c.
1031 1159 1114 1190 infin.

334 1203 508 1290 ...22stss
534 1248 585 1286 11,
611 1247 662 1279 34.

334 1294 530 1336 praefigere
553 1298 679 1325 hastam
703 1295 785 1324 ferro
808 1292 841 1331 5,
864 1292 939 1325 557.
965 1310 1008 1314 —
1034 1303 1115 1329 pup-

382 1342 473 1376 pibus
495 1348 584 1370 arma
614 1339 663 1376 10,
691 1338 743 1371 80.

337 1384 544 1424 praefodere
572 1383 622 1424 11,
648 1383 722 1415 473.

344 1428 525 1461 Praeneste
546 1440 619 1466 opp.
645 1430 675 1467 7,
701 1428 778 1460 678.

338 1482 483 1514 praepes
508 1474 543 1512 6,
573 1474 622 1506 15.
666 1491 709 1495 -
752 1479 916 1511 praepetes
939 1474 1060 1510 [aves]
1085 1475 1117 1503 in

384 1522 517 1558 augurio
544 1519 575 1556 3,
600 1518 674 1551 361.

343 1563 559 1603 praepositio
588 1575 615 1595 c.
655 1568 755 1595 subst.
787 1573 840 1600 pro
877 1565 1033 1594 adieetivo
1067 1562 1117 1601 11,

384 1609 459 1640 464.
506 1626 549 1631 —
600 1619 653 1646 pro
684 1611 845 1640 enuntiato
874 1610 1061 1639 secundario
1087 1608 1118 1646 4,

384 1654 458 1685 663.
482 1671 525 1675 ——
549 1657 590 1685 ad
620 1656 707 1691 prius
733 1659 832 1684 subst.
857 1656 978 1684 omissa
1005 1656 1045 1683 ad
1069 1656 1118 1682 ai—

383 1706 483 1730 terum
505 1702 609 1730 addita
632 1699 661 1735 6,
686 1698 760 1729 692.
784 1716 828 1720 —
852 1709 897 1735 pr.
930 1707 992 1728 non
1015 1701 1119 1728 locum

383 1751 505 1774 tantum
528 1746 645 1775 indicat
669 1754 729 1780 quo
754 1746 828 1780 quid
851 1749 910 1782 est,
943 1745 998 1773 sed
1022 1745 1119 1773 etiam

384 1788 539 1819 rationem
561 1791 622 1819 loci
649 1789 678 1826 6,
705 1788 781 1820 203.
814 1806 857 1810 —
881 1798 942 1819 non
968 1798 1025 1819 suo
1049 1791 1118 1819 loco

383 1836 488 1870 posita
512 1833 542 1870 4,
568 1833 642 1864 671.

337 1886 510 1918 praesens,
534 1884 643 1915 potens
672 1876 722 1915 12,
751 1877 824 1909 152.
851 1895 895 1899 —
921 1888 967 1916 pr.
991 1881 1120 1909 animus

389 1922 728 1966 Geistesgegenwart
749 1922 780 1962 5,
806 1922 881 1954 363.

346 1967 510 1999 Praesens
540 1979 594 2005 pro
623 1971 756 2005 perfecto
783 1968 819 2005 4,
852 1968 928 2000 228.
973 1986 1017 1990 ——
1064 1978 1119 2005 pro

383 2016 487 2045 futuro
516 2013 572 2051 12,
607 2013 653 2046 13.
702 2032 745 2036 —
792 2024 836 2050 pr.
877 2020 906 2045 et
947 2016 1121 2051 perfectum

383 2062 492 2091 iuncta
517 2058 548 2097 2,
574 2058 652 2090 466.
680 2058 710 2097 5,
736 2058 810 2090 243.
847 2075 892 2081 -
930 2064 1033 2090 solere
1058 2062 1121 2090 ali-

384 2107 458 2141 quid
487 2107 552 2135 fieri
574 2107 690 2136 indicat
716 2104 747 2144 2,
763 2104 838 2136 663.
864 2122 908 2127 —
932 2107 998 2136 fieri
1026 2115 1121 2141 posse

389 2150 420 2187 1,
446 2149 521 2181 365.
570 2166 614 2172 -
656 2160 700 2187 pr.
724 2152 756 2180 in
778 2153 886 2181 verbis
912 2152 1122 2189 cognoscendi

386 2196 416 2234 7,
442 2194 495 2226 48.
518 2212 562 2217 -
585 2198 619 2226 in
644 2198 752 2226 verbis
774 2198 940 2226 minitandi
970 2195 1019 2235 12,
1044 2195 1119 2227 568.

384 2257 427 2263 —-
454 2243 534 2273 coni.
560 2242 592 2271 in
617 2251 660 2277 re,
682 2250 764 2277 quae
785 2244 921 2272 sumitur
943 2241 974 2280 4,
998 2240 1074 2272 401.

340 2285 576 2324 praestantior
598 2296 623 2317 c.
647 2288 733 2317 infin.
762 2286 792 2325 6,
820 2286 890 2318 164.

340 2330 578 2370 praetendere,
603 2333 756 2363 simulare
779 2331 817 2370 4,
843 2331 919 2364 338.
961 2349 1002 2354 -
1028 2341 1120 2368 prae-

385 2382 490 2407 tentus
514 2379 603 2408 locus
629 2375 660 2414 3,
687 2376 763 2409 692.

340 2426 539 2460 praeterea,
572 2428 683 2458 postea
710 2422 736 2460 l,
766 2422 818 2455 49.

339 2470 539 2506 praetexere
562 2467 599 2505 4,
625 2467 699 2499 500.

338 2515 557 2587 ρνῗευξτξενε
581 2513 614 2551 1,
643 2512 716 2543 721.
742 2529 785 2534 —
805 2511 982 2553 praeverti
1005 2523 1031 2545 c.
1055 2523 1121 2545 acc.

339 2557 524 2641 ''rega-nhc·-
547 2605 608 2632 dat.
636 2602 671 2641 8,
700 2601 772 2633 127.
802 2620 845 2624 —
867 2606 1015 2640 precandi
1041 2606 1121 2634 rinus

384 2647 416 2685 5,
440 2645 516 2679 685.
540 2665 583 2668 —
606 2651 801 2684 precantium
824 2658 892 2679 mos
915 2648 949 2685 4,
978 2648 1053 2679 219.
1077 2666 1121 2671 —-

385 2699 550 2728 precantes
580 2697 732 2729 quomodo
778 2702 891 2724 manus
924 2697 1122 2730 porrexerint

388 2737 418 2774 3,
449 2738 519 2769 176.
710 2752 713 2754 ·

338 2791 492 2822 premere
513 2792 584 2821 ore,
613 2784 708 2813 silere
735 2784 764 2820 7,
793 2783 866 2814 103.
909 2800 953 2805 —
997 2793 1030 2824 p.
1056 2782 1119 2815 ha-

384 2826 489 2858 benas
524 2828 550 2864 1,
575 2827 625 2859 63.
671 2846 713 2850 —-
761 2838 871 2858 vocem
895 2828 925 2867 9,
950 2828 1025 2860 324.
1075 2847 1118 2851 —

385 2882 500 2902 curam
527 2873 553 2910 1,
579 2872 653 2904 209.
680 2891 723 2895 —
745 2876 935 2912 opprimere,
976 2877 1118 2906 occidere

386 2916 421 2953 9,
446 2916 519 2948 330.
544 2936 587 2939 —
612 2921 758 2956 persequi
786 2919 820 2957 1,
843 2918 918 2950 324.
941 2937 985 2941 —-
1011 2923 1118 2950 termi-

385 2970 459 2992 nare
484 2962 518 3000 8,
544 2962 619 2994 474.
661 2981 703 2986 ——-
746 2974 776 3000 p.
804 2969 834 2994 et
859 2963 984 2995 elidere
1008 2967 1116 2997 iuncta

384 3004 414 3041 8,
438 3005 512 3038 289.
536 3025 579 3030 —
601 3008 713 3050 premi
735 3013 832 3040 nocte
854 3008 885 3046 6,
908 3008 984 3041 828.

1051 144 1203 178 INDEX.

1149 266 1294 298 prensus
1317 262 1350 291 in
1370 263 1451 292 mari
1475 260 1504 297 5,
1528 258 1582 291 52.

1157 300 1333 376 Ρνξι-ιζῖηιιε,
1367 308 1436 337 eius
1470 308 1561 336 liberi
1594 303 1633 341 2,
1670 303 1748 336 501.
1778 320 1821 328 -
1844 315 1928 337 mors

1198 353 1239 377 ῦῦ
1266 369 1274 377 .

1150 390 1348 433 primaevus
1379 394 1425 432 10,
1451 394 1524 430 345,

1151 436 1284 478 primus
1314 439 1377 467 adi.
1423 443 1463 470 aii
1494 447 1616 477 tempus
1647 441 1808 476 pertinens
1838 442 1928 471 verbi

1199 480 1230 518 7,
1258 481 1309 511 61.
1334 499 1378 503 -
1402 486 1557 525 princeps,
1583 487 1774 522 praecipuus
1801 485 1828 521 1,
1853 484 1906 516 24.

1151 525 1323 568 pristinus
1347 527 1382 564 6,
1408 527 1483 559 473.

1153 570 1262 612 prius,
1287 575 1470 613 antequam
1492 572 1522 610 4,
1549 573 1601 605 24.

1159 615 1362 646 Privernum
1383 627 1455 653 opp.
1488 617 1536 654 11,
1560 618 1636 649 540.

1152 671 1216 703 pro
1239 667 1269 692 et
1292 670 1376 702 prae
1398 664 1542 692 differunt
1569 667 1718 699 quomodo
1743 663 1773 701 3,
1794 662 1871 695 435.
1886 680 1929 685 -

1200 717 1225 738 c.
1243 716 1321 738 voce
1335 716 1422 743 cura,
1448 710 1554 737 dolore
1575 713 1634 738 etc.
1648 710 1787 740 iunctum
1803 708 1853 745 12,
1877 709 1930 739 48.

1199 768 1243 773 —-
1267 758 1363 789 stare,
1386 762 1527 790 pugnare
1549 762 1603 789 pro
1628 751 1659 789 8,
1678 751 1753 785 652.
1778 764 1884 792 pro:
1900 759 1934 784 ut

1202 796 1233 833 9,
1255 796 1329 827 677.

1156 851 1286 883 procax
1314 841 1346 880 1,
1373 840 1450 872 536.

1165 886 1289 918 Procas
1312 887 1342 926 6,
1369 886 1443 917 767.

1155 930 1337 974 procedere
1362 935 1399 962 de
1419 940 1533 968 pompa
1559 931 1610 970 11,
1635 931 1688 963 94.

1165 976 1333 1017 Prochyta
1357 979 1416 1007 ins.
1443 976 1474 1014 9,
1502 974 1576 1009 715.

1164 1021 1299 1053 Procris
1322 1022 1353 1059 6,
1380 1021 1455 1053 445.

1158 1065 1280 1109 procul
1309 1071 1378 1098 este
1406 1065 1551 1107 profani
1574 1065 1612 1104 6,
1635 1064 1712 1098 258.
1738 1083 1781 1088 -
1804 1076 1868 1097 non
1890 1072 1939 1097 est

1205 1112 1304 1144 iuxta
1327 1112 1376 1151 10,
1399 1111 1476 1143 835.

1158 1156 1378 1200 procumbere
1419 1159 1535 1188 dicitur
1560 1158 1665 1188 bestia
1702 1159 1743 1188 ad
1775 1159 1941 1188 lactandos

1206 1206 1311 1240 pullos
1334 1203 1367 1239 8,
1393 1200 1468 1232 631.

1159 1248 1319 1291 prodere,
1365 1255 1540 1285 propagare
1561 1246 1595 1285 4,
1624 1246 1700 1279 231.

1205 1303 1322 1324 somno
1349 1292 1376 1330 1,
1401 1292 1477 1323 470.

1159 1337 1300 1381 prodest
1321 1348 1346 1369 c.
1372 1347 1437 1369 acc.
1463 1343 1493 1368 et
1514 1339 1598 1368 infin.
1625 1337 1657 1375 9,
1679 1336 1733 1368 92.

1159 1382 1349 1426 producere
1373 1385 1469 1414 funus
1491 1382 1522 1420 9,
1547 1381 1622 1414 487.

1161 1427 1319 1471 proferre
1342 1430 1611 1459 hinausschieben
1636 1426 1688 1466 12,
1710 1425 1786 1458 395.

1161 1472 1340 1516 prohibere
1368 1484 1394 1505 c.
1419 1476 1502 1505 infin.
1531 1474 1566 1511 3,
1608 1472 1683 1505 380.
1709 1490 1753 1494 —
1782 1472 1942 1510 prohibete

1208 1520 1298 1549 nefas
1317 1517 1348 1557 5,
1378 1518 1451 1549 197.

1163 1563 1329 1605 prolicere
1354 1563 1527 1607 aliqu-iffi,
1553 1562 1629 1594 436.

1166 1607 1335 1649 prolepsis
1360 1611 1588 1639 adiectivorum
1612 1607 1643 1646 4,
1667 1606 1720 1638 22.

1163 1652 1324 1695 proluere
1341 1664 1376 1685 se
1399 1656 1475 1684 vino
1503 1653 1534 1693 1,
1558 1651 1634 1684 739.

1164 1697 1328 1737 promitto
1354 1702 1414 1730 ut?
1449 1698 1499 1737 11,
1529 1698 1602 1730 153.

1169 1741 1358 1773 Pronomen
1396 1750 1505 1774 neutro
1543 1745 1683 1779 positum
1708 1752 1767 1774 uec
1806 1745 1942 1773 relatum

1209 1790 1250 1818 ad
1272 1792 1371 1818 subst.
1396 1788 1425 1825 3,
1454 1787 1524 1818 173.
1562 1804 1605 1810 —
1639 1790 1669 1818 ei
1691 1789 1816 1818 additur
1835 1789 1942 1824 ipsum

1209 1843 1323 1863 nomen
1348 1843 1403 1869 pro
1427 1843 1488 1869 quo
1517 1838 1566 1863 est
1589 1830 1626 1871 5,
1657 1831 1732 1864 609.
1777 1848 1822 1856 —·
1871 1834 1943 1863 eius

1209 1881 1299 1909 vices
1328 1880 1462 1915 suscipit
1489 1880 1726 1908 substantivum
1762 1883 1817 1908 aut
1853 1879 1944 1908 adie-

1209 1926 1329 1955 ctivum
1353 1923 1384 1961 4,
1417 1923 1472 1958 31.
1513 1941 1557 1944 -
1600 1933 1645 1960 pr.
1670 1924 1858 1954 reflexivum
1880 1932 1943 1953 non

1210 1979 1264 2006 pro
1294 1971 1537 2000 determinativo
1572 1967 1628 2008 12,
1663 1967 1715 2000 53.
1737 1985 1781 1990 —
1805 1971 1943 1999 relativo

1749 1263 1793 1269 -—
1837 1245 1942 1287 prodi

1211 2017 1349 2052 pergitur
1380 2017 1412 2044 in
1456 2016 1638 2045 narratione
1663 2012 1718 2051 12,
1744 2013 1796 2044 65.
1820 2030 1866 2035 —
1893 2023 1943 2044 re·

1210 2062 1311 2090 lativo
1335 2062 1513 2091 annectitur
1536 2062 1766 2098 interrogativa
1785 2061 1945 2095 particula

1214 2105 1265 2143 10,
1290 2104 1366 2136 673.
1393 2122 1436 2126 -—
1457 2108 1513 2136 rel.
1537 2107 1604 2135 alio
1624 2113 1704 2136 casu
1732 2107 1945 2141 supplendum

1215 2150 1264 2188 12,
1282 2149 1357 2182 944.
1383 2168 1426 2171 —
1450 2154 1505 2181 rei.
1524 2153 1661 2187 pluralis
1683 2153 1725 2180 ad
1747 2152 1945 2181 substantivi

1210 2198 1409 2233 singularem
1432 2198 1564 2227 refertur
1587 2195 1624 2235 8,
1646 2194 1723 2226 427.
1749 2213 1791 2218 —
1815 2198 1943 2226 demon-

1211 2243 1339 2272 strativi
1383 2250 1478 2272 casus
1518 2244 1604 2272 alius
1652 2247 1726 2272 ante
1773 2242 1944 2272 relativum

1209 2289 1350 2318 omissus
1375 2286 1406 2326 4,
1426 2286 1502 2319 597.

1160 2331 1390 2372 pronuntiare
1410 2330 1570 2373 praemia
1593 2331 1624 2368 9,
1649 2329 1724 2363 271.

1164 2377 1398 2419 propinquare
1421 2380 1590 2416 augurium
1618 2376 1669 2414 10,
1690 2375 1765 2408 255.

1166 2422 1309 2464 propior
1333 2425 1424 2453 timor
1449 2423 1478 2459 S,
1500 2421 1577 2455 556.

1167 2467 1344 2508 proprius,
1374 2474 1542 2504 perpetuus
1568 2468 1601 2506 1,
1626 2467 1678 2498 73.

1162 2512 1339 2555 proripere
1362 2522 1382 2543 a
1405 2522 1627 2555 prorumpere
1651 2515 1803 2550 quomodo
1824 2514 1946 2544 differat

1214 2558 1269 2596 10,
1294 2557 1372 2590 796.

1163 2612 1386 2645 prorumpere
1406 2612 1458 2640 se,
1493 2605 1615 2639 aliquid
1638 2602 1669 2640 3,
1694 2601 1769 2633 572.
1801 2620 1845 2624 —
1864 2613 1945 2644 pro-

1212 2652 1343 2689 ruptus,
1364 2650 1417 2684 qui
1442 2651 1583 2685 prorupit
1607 2648 1635 2685 1,
1661 2647 1736 2678 246.

1163 2693 1325 2735 prosequi
1348 2692 1378 2730 5,
1405 2693 1478 2724 777.
1504 2711 1548 2716 —
1568 2696 1726 2724 narrando
1749 2691 1779 2730 2,
1807 2692 1880 2724 107.

1169 2737 1375 2779 Proserpina
1416 2741 1557 2769 morienti
1602 2741 1726 2770 demetit
1764 2741 1869 2769 crines
1910 2737 1941 2775 4,

1209 2782 1283 2813 692.
1309 2801 1352 2804 —
1378 2785 1408 2813 ei
1427 2793 1528 2815 vacca
1551 2787 1672 2815 sterilis
1697 2786 1893 2814 sacrificatur
1909 2783 1940 2820 6,

1208 2828 1281 2860 251.
1307 2846 1349 2849 -
1371 2831 1440 2859 eius
1464 2833 1557 2861 varia
1574 2832 1704 2860 nomina
1725 2829 1755 2866 6,
1784 2828 1855 2860 138.

1159 2872 1332 2915 prospicio
1357 2884 1388 2912 a,
1412 2874 1464 2910 de,
1494 2884 1534 2906 ex
1559 2874 1589 2910 3,
1616 2874 1691 2906 648.

1165 2917 1308 2949 Proteus
1334 2918 1383 2957 11,
1412 2918 1489 2950 262.

1159 2963 1319 3003 protinus
1345 2963 1374 3002 3,
1398 2964 1474 2996 416.

1155 3008 1299 3051 provehi
1322 3019 1366 3042 sc.
1388 3012 1516 3041 dicendo
1543 3009 1574 3049 3,
1600 3009 1675 3040 481.
