2023 3350
698 90 932 124 AENEIDOS
960 93 1046 126 Lm.
1071 94 1114 126 X.

1649 96 1726 135 511

85 208 337 250 Instaurant
374 206 488 248 acies
525 204 707 246 Volcani
744 204 881 258 stirpe
920 209 1091 248 creatus

88 266 294 309 Caeculus
332 268 375 307 et
411 263 582 305 veniens
621 262 866 304 Marsorum
905 265 1125 307 montibus
1164 264 1341 308 Umbro.

84 322 357 366 Dardanides
393 324 546 363 contra
584 320 702 361 furit.

761 321 949 363 Anxuris
990 336 1088 365 ense
1125 323 1346 366 sinistram

1650 326 1730 364 545

85 382 142 423 Et
177 385 320 423 totum
358 378 483 433 clipei
518 378 634 420 ferro
678 378 895 421 deiecerat
931 380 1091 422 orbem.
1123 406 1178 411 —

85 439 265 480 Dixerat
301 437 371 479 ille
413 435 583 489 aliquid
615 450 840 490 magnum,
879 437 1052 492 vimque
1084 438 1236 480 adfore
1270 438 1400 480 verbo

87 496 357 546 Crediderat,
397 494 602 548 caeloque
639 495 832 536 animum
864 494 1052 538 fortasse
1094 496 1279 548 ferebat,

88 551 497 605 Canitiemque'sibi
535 556 577 593 et
613 552 768 606 longos
806 554 1067 607 promiserat
1105 567 1253 596 annos.
1281 579 1338 584 —-

86 611 314 664 Tarquitus
350 610 569 652 exsultans
608 614 760 652 contra
796 610 1059 665 fulgentibus
1100 613 1248 663 armis,
1651 613 1732 651 550

86 667 309 712 Silvicolae
343 667 490 709 Fauno
526 668 716 724 Dryope·
738 682 864 722 quem
903 670 1093 724 nympha
1133 673 1322 718 crearat,

86 725 244 768 Obvius
283 725 451 767 ardenti
492 740 584 767 sese
627 726 796 768 obtulit.

857 726 937 768 Ille
975 728 1158 769 reducta

81 783 278 825 Loricam
316 783 530 838 clipeique
568 785 717 837 ingens
753 798 859 826 onus
896 786 1079 840 impedit
1116 786 1265 827 hasta:

80 841 185 882 Tum
226 845 357 895 caput
397 842 561 883 orantis
600 842 894 896 nequidquam
934 848 977 885 et
1012 844 1149 885 multa
1184 842 1382 897 parantis

79 898 232 940 Dicere
271 899 477 941 deturbat
512 904 678 952 terrae,
714 904 1002 954 truncumque
1036 905 1256 955 tepentem
1650 903 1713 940 55.

79 956 336 999 Provolvens
369 971 497 1011 super
533 957 641 999 haec
679 958 853 1000 inimico
898 964 1072 1012 pectore
1112 959 1249 1000 fatur:

79 1015 182 1056 Istic
223 1029 354 1061 nunc,
390 1015 637 1067 metuende,
678 1015 797 1057 iace!

861 1016 955 1058 Non
992 1022 1035 1058 te
1075 1018 1240 1071 optima
1277 1018 1416 1056 mater

81 1072 246 1115 Condet
283 1073 435 1124 humo,
475 1074 671 1127 patriove
705 1073 902 1115 onerabit
943 1075 1137 1117 membra
1179 1073 1398 1128 sepulcro!

79 1255 261 1284 auferenda
295 1260 326 1284 ut
352 1257 446 1284 Hom.
473 1254 512 1284 ΙΙ.
543 1255 597 1291 16,
624 1255 701 1285 665.
727 1271 772 1275 —
797 1253 887 1285 lecta

79 1303 119 1330 ab
147 1302 274 1330 Aenea.
330 1298 380 1330 ΡΙ.
415 1302 498 1330 00111.
528 1299 735 1341 ingentique
761 1300 885 1331 umbra

80 1344 171 1387 legit
197 1355 321 1381 arma,·
366 1347 512 1383 (,,Α11113
535 1352 625 1376 erant
653 1345 676 1376 i.
704 1357 753 1383 n.,
800 1356 884 1382 quae

78 1394 243 1429 ingentem
260 1395 406 1422 umbram
422 1393 599 1429 faciebant,
616 1395 690 1429 ipsa
706 1394 883 1428 ingentia.)

86 1436 123 1468 S.
147 1436 169 1468 l.
194 1446 220 1468 r.

124 1494 201 1524 543.
231 1497 399 1526 Caeculus
435 1495 496 1530 (01.
524 1496 560 1531 7,
588 1495 675 1531 681)
709 1502 738 1524 et
763 1497 882 1525 Umbro

80 1542 130 1579 (7,
154 1541 251 1577 750.)
287 1542 461 1571 restituunt
496 1543 654 1576 proelium
685 1547 714 1570 et
746 1543 883 1571 Latinos

79 1588 210 1617 sistunt.
252 1604 296 1608 —
337 1590 459 1618 contra
484 1589 621 1617 Aeneas
648 1588 723 1617 furit
762 1593 792 1616 81
823 1591 882 1617 ob-

78 1635 168 1663 vium
199 1640 362 1669 quemque
395 1636 576 1663 obtruncat.
633 1636 681 1663 lta
712 1635 882 1663 sinistram

78 1687 210 1709 manum
226 1681 375 1710 Auxuris
398 1680 498 1709 simul
515 1688 589 1709 cum
607 1681 715 1716 clipeo
735 1682 881 1710 desecat.

122 1735 200 1765 5⁴6.
230 1733 432 1766 Deiecerat.-
482 1739 518 1766 ln
553 1737 880 1772 plusquamperfecto

77 1782 163 1811 inest
188 1783 344 1811 celeritas
362 1783 491 1818 agendi.
541 1785 655 1812 Potest
671 1784 769 1812 etiam
790 1785 882 1819 plus-

78 1827 358 1863 quamperfectum
385 1828 499 1858 1818111
532 1830 572 1857 ad
596 1827 722 1858 obtulit
749 1837 781 1858 v.
803 1828 881 1866 550,

81 1878 112 1902 ut
138 1874 197 1902 sit:
222 1881 320 1907 quum
348 1874 537 1911 deiecisset,
562 1875 738 1909 Tarquitus
764 1883 801 1903 se
824 1877 882 1903 ob-

79 1919 163 1956 tulit,
185 1919 258 1948 eius
285 1924 420 1948 mortem
448 1922 587 1949 ulturus.
637 1922 728 1956 Quod
745 1921 774 1949 si
791 1921 881 1949 3001-

79 1966 180 2001 pitur,
204 1973 237 1993 v.
265 1964 398 1994 547—53
422 1965 584 1995 interiecti
609 1970 685 1995 sunt
711 1967 880 1995 enuntiato

79 2015 110 2040 et
137 2011 316 2040 orationem
344 2013 521 2041 retardant.
570 2013 678 2047 Quare
712 2013 820 2041 malim
847 2020 881 2041 v.

77 2055 145 2086 549
171 2062 291 2092 puncto
319 2058 428 2092 posito
456 2057 571 2087 1’.550
597 2066 719 2088 novam
736 2059 883 2093 incipere

79 2103 346 2132 enuntiationem.
397 2104 543 2138 Utraque
571 2104 750 2139 explicatio
795 2106 884 2132 valet.

79 2149 177 2178 etiam
205 2148 237 2186 8,
256 2148 335 2177 219.
365 2147 416 2181 12.
444 2147 522 2178 430.
546 2149 587 2178 01.
603 2150 635 2185 ’2,
661 2149 738 2179 259.
767 2152 819 2179 Gr.
847 2149 884 2184 ἓ.

80 2193 158 2224 459.
192 2210 236 2216 --
264 2196 297 2223 Is
323 2196 441 2224 Anxur
466 2203 606 2231 poenam
634 2197 719 2225 dedit
746 2197 882 2224 tumoris

80 2246 111 2269 et
135 2241 214 2270 elati
239 2241 349 2270 animi.
399 2257 445 2260 —
501 2242 631 2270 Putavit
656 2247 686 2270 et
713 2242 812 2277 dixit,
844 2250 882 2271 se

80 2282 195 2316 occiso
219 2287 339 2316 Aenea
362 2287 415 2316 diu
442 2288 621 2324 victurum,
647 2289 701 2316 vel
728 2290 794 2317 tale
821 2289 882 2316 ali-

80 2332 166 2367 quid.
205 2348 244 2352 —
287 2330 380 2361 orbis
405 2330 511 2373 clipei
535 2334 653 2363 dicitur
685 2339 715 2362 et
740 2333 779 2371 2,
804 2333 881 2363 227.

85 2375 136 2407 Pl.
164 2379 249 2407 00111.
282 2376 323 2408 Ε.
353 2379 378 2407 t.
417 2388 443 2407 c.
476 2377 506 2417 f.
545 2377 578 2408 d.
618 2376 747 2417 Orsen,
785 2380 880 2409 cuius

80 2432 199 2453 nomen
223 2428 274 2453 est
299 2432 331 2453 v.
348 2422 424 2453 747.
467 2427 561 2461 „vg1.
577 2426 740 2455 interdum
766 2428 882 2455 eadem

80 2471 214 2499 nomina
237 2470 365 2505 repetit.
388 2470 514 2500 Deiecit
539 2477 648 2500 31118111
662 2470 759 2508 ferro
779 2469 883 2512 clipei

80 2516 101 2545 i.
128 2524 156 2545 e.
190 2513 356 2545 umbonc“
398 2515 452 2552 (ἓ)
501 2514 586 2555 Wg.
625 2518 709 2546 coni.
753 2520 881 2547 tortum

80 2564 215 2600 „orbem
239 2569 283 2590 ex
308 2561 468 2590 tortilibus
484 2563 614 2592 laminis
638 2560 882 2599 rotundatum“‚

82 2615 145 2642 quo
173 2607 372 2642 signiticaret
397 2608 606 2637 Homericam
630 2610 721 2638 illam
742 2601 882 2638 ἀσπίδα

82 2645 266 2682 εὔκυκλον.
331 2654 373 2682 At
411 2653 464 2682 liis
503 2655 737 2685 mutationibus
775 2655 881 2684 oratio

80 2706 145 2728 non
171 2699 202 2727 tit
230 2699 417 2728 venustior.
469 2695 526 2728 Kt.
547 2699 648 2737 ferro
674 2709 754 2730 esse
783 2701 883 2730 sumit

80 2746 260 2774 ablativum
291 2745 449 2773 materiae
484 2753 550 2779 qua
575 2748 706 2776 constet
740 2748 881 2782 clipeus.

79 2791 169 2819 Idem
194 2790 274 2820 facit
302 2787 366 2819 Ld.
413 2791 481 2819 Axt
505 2799 584 2820 ense
602 2797 633 2821 et
651 2791 752 2830 ferro
768 2793 882 2822 iuncta

81 2844 149 2866 11011
165 2836 279 2866 ferens
306 2836 445 2865 coniecit
468 2844 543 2865 ecce
565 2845 623 2872 pro
649 2846 739 2868 ense.
789 2840 882 2874 Quod

82 2883 198 2917 placet.
228 2880 353 2912 Totum
374 2879 459 2923 Wg.
484 2882 638 2921 defendit,
664 2892 763 2919 quum
784 2885 882 2920 dicat,

86 2935 125 2956 eo
148 2930 314 2958 vocabulo
345 2928 485 2957 indicari
517 2932 620 2958 totum
650 2931 815 2960 hominem
841 2932 883 2960 ad

84 2975 221 3004 vulnera
255 2974 450 3010 accipienda
489 2979 639 3010 apertum
678 2983 768 3006 esse.
817 2978 881 3005 Sed

85 3021 201 3050 1111100
223 3021 355 3059 durum,
395 3021 446 3050 sic
464 3018 564 3060 ferro
590 3022 706 3051 durum
733 3025 784 3052 est
809 3027 883 3058 post

933 1266 1023 1294 ense,
1046 1266 1154 1292 neque
1168 1258 1288 1291 minus,
1315 1256 1343 1284 si
1362 1259 1410 1284 est
1428 1257 1491 1284 abl.
1510 1260 1732 1292 11131.111011181

932 1307 1058 1339 locum,
1103 1312 1196 1338 11118111
1235 1303 1356 1331 obtinet
1395 1309 1496 1336 prope
1540 1299 1730 1335 deiecerat:

931 1351 1028 1379 aliter
1051 1349 1089 1385 5,
1133 1348 1200 1378 663
1230 1347 1348 1388 pictas
1380 1348 1486 1376 abiete
1515 1356 1651 1387 puppes
1682 1348 1732 1383 10,

932 1395 998 1424 783
1026 1403 1083 1431 per
1110 1393 1221 1423 arbem
1250 1401 1326 1423 aere
1349 1401 1471 1421 cavum
1499 1394 1607 1428 clipei.
1667 1396 1732 1423 lta-

931 1450 993 1477 que
1020 1442 1163 1470 nondum
1193 1449 1314 1469 versus
1345 1440 1426 1468 satis
1453 1440 1643 1474 explicatus
1669 1446 1730 1468 est.

976 1496 1052 1526 548.
1080 1494 1176 1526 caelo
1216 1495 1372 1526 animum
1394 1495 1425 1534 f.
1450 1496 1492 1524 cf.
1516 1496 1547 1534 9,
1578 1496 1655 1526 637.

975 1553 1053 1584 552.
1083 1552 1204 1583 obvius
1234 1562 1268 1583 se
1291 1551 1428 1583 obtulit.
1456 1555 1505 1582 lta
1532 1556 1673 1584 abundat
1700 1563 1730 1583 v.

930 1600 995 1629 734
1028 1598 1149 1630 obvius
1189 1597 1338 1629 occurrit
1366 1597 1526 1628 adverso.
1576 1600 1635 1639 ll,
1665 1600 1732 1629 498

929 1645 1032 1676 obvia
1058 1643 1223 1682 occurrit,
1256 1651 1287 1674 et
1315 1647 1408 1674 Lucr.
1435 1644 1467 1681 3,
1502 1644 1584 1675 1054
1610 1650 1732 1687 sponte

928 1701 994 1721 sua
1019 1690 1088 1721 leto
1114 1695 1218 1732 caput
1246 1689 1366 1720 obvius
1392 1688 1518 1721 obtulit
1543 1690 1626 1732 ipse.
1663 1695 1732 1722 Do—

928 1739 1040 1767 mitius
1060 1738 1140 1767 Afer
1158 1746 1210 1773 ap.
1232 1738 1338 1772 Quint.
1363 1737 1395 1774 9,
1413 1738 1445 1774 2,
1470 1737 1516 1766 20
1530 1747 1588 1767 vos
1614 1737 1732 1768 obvios

928 1793 1031 1814 casus
1054 1781 1190 1815 obtulit.
1224 1799 1268 1803 —
1294 1780 1439 1812 reducta
1462 1792 1511 1813 sc.
1529 1784 1731 1813 311.130111111.

975 1829 1053 1858 553.
1079 1831 1182 1858 Hasta
1208 1837 1266 1865 per
1289 1830 1431 1864 clipeum
1451 1834 1481 1858 et
1501 1831 1638 1859 loricam
1652 1839 1731 1866 per-

928 1883 1044 1905 means
1082 1878 1196 1904 horum
1234 1883 1397 1904 armorum
1440 1883 1533 1904 usum
1579 1876 1729 1912 impedit.

929 1924 1044 1956 Itaque
1069 1922 1245 1956 Tarquitus
1271 1922 1310 1949 ad
1337 1929 1455 1956 preces
1483 1922 1634 1959 decurrit,
1670 1924 1730 1952 sed

929 1969 1064 1997 Aeneas
1090 1968 1227 1996 sinistra
1253 1969 1383 1996 hastam
1404 1975 1511 2002 suam,
1538 1976 1623 2002 quae
1652 1969 1731 1997 lori-

929 2022 990 2042 cae
1016 2014 1140 2042 insistit
1161 2015 1458 2049 comprehendenS‚
1490 2015 1606 2043 dextra
1631 2020 1727 2050 caput

929 2060 1055 2095 dicidit,
1081 2060 1198 2088 deinde
1221 2060 1361 2088 sinistra
1384 2065 1486 2089 totum
1504 2068 1626 2096 corpus
1653 2070 1749 2096 pro-,2

927 2106 1004 2134 11011.

973 2150 1051 2180 555.
1079 2153 1195 2180 terrae
1228 2153 1313 2187 „boc
1354 2155 1406 2180 est
1437 2151 1470 2180 in
1504 2151 1658 2182 terram.⁴‘
1696 2157 1729 2181 S.

929 2198 970 2227 01.
1000 2196 1032 2233 5,
1058 2195 1136 2225 451.

974 2242 1050 2271 557.
1078 2240 1156 2272 istic
1181 2241 1410 2281 MPRVyb2c2
1436 2240 1496 2272 isti
1520 2242 1572 2272 bl.
1590 2243 1643 2273 01.
1663 2253 1728 2273 180.

930 2286 995 2318 Rb.
1023 2293 1055 2317 ut
1082 2288 1273 2318 adverbium
1295 2293 1404 2323 esset,
1431 2296 1488 2323 pro
1513 2286 1601 2318 istic.

973 2334 1052 2364 558.
1083 2331 1180 2363 1111τηί
1222 2334 1398 2373 ΜΙΡΒγὴο
1442 2342 1507 2363 180.
1557 2332 1620 2364 Ηό.
1665 2332 1730 2365 Ld.

925 2378 1052 2421 probat
1082 2377 1165 2408 Wd.
1190 2388 1219 2415 p.
1250 2378 1321 2409 123.
1349 2376 1454 2409 humo
1474 2379 1530 2409 M2
1555 2389 1623 2410 rec.
1644 2379 1729 2422 ltfg.

926 2428 1106 2461 Utrumque
1133 2428 1279 2461 probum,
1305 2433 1379 2455 nam
1405 2423 1552 2456 condere
1577 2424 1731 2467 aliquem

927 2475 1034 2508 terra,
1063 2469 1196 2502 tumulo
1222 2477 1311 2501 18018
1343 2472 1469 2500 (11011111.
1493 2487 1531 2492 ——
1563 2470 1619 2502 Gt.
1645 2475 1729 2502 coni.

927 2516 1032 2548 humo
1059 2515 1198 2558 patria,
1224 2520 1330 2558 atque
1360 2527 1389 2546 o.
1419 2515 1470 2548 ΡΙ.
1495 2519 1581 2547 coni.
1613 2516 1731 2549 Pario.

932 2561 1054 2593 Patrio
1074 2561 1233 2593 onerabit
1264 2561 1416 2593 membra
1438 2562 1598 2603 sepulcro
1619 2567 1730 2594 multis

928 2611 1037 2639 visum
1081 2614 1131 2639 est
1176 2611 1284 2638 minus
1321 2617 1400 2638 esse
1439 2615 1568 2647 aptum,
1608 2612 1731 2648 aptius,

928 2658 1012 2691 quod
1056 2656 1088 2684 in
1129 2662 1193 2684 uno
1238 2656 1321 2684 libro
1364 2660 1415 2684 est
1460 2653 1610 2686 ornabit.
1660 2660 1730 2687 Non

927 2703 1081 2731 viderunt
1108 2704 1189 2730 baec
1216 2709 1294 2731 esse
1316 2701 1448 2730 inimico
1476 2706 1610 2737 pectore
1629 2704 1732 2733 dicta:

927 2755 1002 2777 nam
1027 2748 1124 2782 quasi
1150 2754 1268 2781 magno
1295 2755 1395 2775 onere
1419 2747 1545 2785 liberet,
1576 2750 1730 2784 loquitur.

926 2795 997 2823 Huc
1022 2794 1120 2822 etiam
1146 2793 1302 2828 pertinet,
1335 2793 1420 2828 quod
1445 2791 1559 2833 pisces
1584 2793 1733 2825 vulnera

927 2836 1100 2876 lambent,
1140 2839 1237 2873 quasi
1273 2844 1464 2868 sanaturae.
1514 2842 1585 2871 Hoc
1620 2846 1730 2871 tamen

929 2886 957 2914 si
983 2893 1049 2914 11011
1081 2885 1235 2920 accipere
1276 2886 1444 2914 decretum
1470 2890 1537 2923 est,
1585 2895 1733 2917 onerare

929 2931 1060 2960 omnino
1092 2931 1253 2967 significat
1287 2932 1417 2966 copiam
1452 2931 1494 2961 cf.
1522 2932 1559 2971 3,
1583 2931 1661 2962 485.
1687 2950 1729 2954 —

933 2974 1055 3007 Patrio
1089 2974 1247 3016 sepulcro
1286 2977 1363 3006 nintt
1406 2978 1538 3013 impedit
1578 2980 1732 3016 accipere

928 3020 1088 3063 sepulcro
1108 3019 1234 3052 Fauni.
1279 3024 1352 3052 Etsi
1375 3024 1460 3053 enim
1493 3025 1522 3054 is
1555 3027 1638 3056 deus
1669 3031 1732 3064 est,
