2023 3350
123 211 376 255 Luminibus
410 211 578 262 tacitis3
621 213 664 253 et
698 210 759 253 sic
795 224 977 253 accensa
1014 212 1234 266 profatur:

123 271 213 312 Nec
245 270 327 311 tibi
369 268 468 310 diva
504 282 682 322 parens,
722 269 890 323 generis
928 283 1005 311 nec
1038 269 1273 312 Dardanus
1312 273 1478 321 auctor,

123 327 313 379 Perfide,
355 326 431 368 sed
472 326 593 368 duris
631 327 778 380 genuit
816 329 860 369 te
895 325 1094 369 cautibus
1126 327 1309 370 horrens

125 386 360 436 Caucasus,
397 383 711 438 Hyrcanaeque
751 383 984 427 admorunt
1022 384 1159 426 ubera
1196 385 1344 439 tigres.

122 443 233 485 Nam
269 441 373 496 quid
411 441 634 483 dissimulo
672 446 749 483 aut
788 456 898 497 quae
936 456 1003 484 me
1039 443 1095 484 ad
1133 443 1299 484 maiora
1335 442 1539 483 reservo?

122 501 236 542 Num
272 500 379 541 fietu
412 500 623 553 ingemuit
661 500 846 542 nostro?
885 515 987 542 num
1025 500 1190 542 lumina
1228 500 1379 542 flexit?

121 559 236 600 Num
271 558 475 600 lacrimas
514 558 652 599 victus
691 557 810 599 dedit
845 561 920 600 aut
956 558 1185 600 miseratus
1226 561 1445 599 amantem
1483 556 1579 598 est‘?

123 617 242 667 Quae
276 615 432 670 quibus
469 615 742 657 anteferam?

121 674 210 715 Nec
248 673 476 716 Saturnius
513 673 620 714 haec
658 673 792 715 oculis
830 677 956 727 pater
991 673 1178 727 adspicit
1213 674 1376 726 aequis.

121 732 346 785 Nusquam
379 734 476 772 tuta
510 730 627 772 fides.

731 97 968 131 AENEIDOS
999 98 1086 132 Lm.
1114 100 1172 132 tv.
1698 102 1777 142 193

1696 272 1778 311 365

1694 557 1777 597 370

809 616 902 657 Iam
937 616 1024 657 iam
1063 629 1141 657 nec
1178 616 1367 657 maxima
1403 616 1522 666 luno,

695 731 893 772 Eiectum
930 731 1075 783 litore,
1116 734 1312 785 egentem

1696 845 1777 884 375

122 789 286 843 Excepi
324 792 368 830 et
404 788 526 842 regni
567 788 740 830 demens
775 789 819 830 in
851 792 977 843 parte
1018 789 1178 840 loeav13

121 848 338 889 Amissam
373 846 570 898 classem,
613 846 753 888 socios
790 861 816 888 a
851 850 991 888 morte
1032 846 1197 888 reduxi.

826 904 952 947 Nunc
982 918 1120 959 augur
1150 903 1319 958 Apollo,

122 905 218 947 Heu
253 904 377 946 furiis
413 905 587 946 incensa
621 903 758 946 feror!

168 1010 245 1041 36⁴.
273 1008 464 1041 luminibus
490 1008 627 1041 tacitis:
660 1011 702 1040 cf.
727 1013 788 1040 Ov.
816 1012 857 1041 A.
884 1012 925 1041 A.

123 1056 248 1133 ῗὶιῗέιὲ
276 1056 390 1098 Saepe
417 1059 536 1087 tacens
561 1055 636 1086 odii
654 1055 787 1087 semina
806 1055 926 1087 vultus

170 1159 245 1189 365.
275 1163 386 1195 Neque
405 1168 425 1190 a
444 1161 516 1196 dea,
543 1168 675 1189 amores
694 1159 839 1195 fovente,
865 1167 926 1187 ne-

122 1214 185 1241 que
214 1208 254 1234 ab
282 1207 411 1235 nornine
441 1206 591 1243 omnino,
625 1207 683 1234 sed
720 1213 737 1234 a
772 1213 854 1240 rupe
887 1212 924 1233 es

121 1257 301 1288 generatus
327 1256 355 1280 et
379 1252 459 1281 feris
481 1252 595 1280 hestiis
615 1252 758 1280 nutritus
777 1255 806 1279 et
825 1252 925 1279 altus.

168 1308 247 1338 367.
279 1305 461 1348 Hyrcania
496 1316 599 1343 prope
635 1308 793 1343 Caspium
835 1314 925 1336 mare

122 1360 152 1384 et
179 1356 385 1391 caucasum,
422 1355 474 1383 ubi
500 1359 528 1382 et
557 1355 615 1382 alii
642 1354 744 1389 tigres
769 1354 924 1382 inventas

121 1406 275 1435 narrant;
301 1400 345 1428 ita
371 1400 428 1429 Sil.
454 1398 485 1437 4,
510 1398 578 1428 334
600 1397 792 1429 Caucaseis
816 1396 925 1440 tigris

122 1455 158 1476 se
190 1443 340 1486 protulit
374 1443 509 1481 antris3
549 1448 628 1474 stat.
665 1448 767 1474 Theb.
810 1444 847 1480 9,
883 1443 924 1473 15

126 1489 250 1521 Nonne
278 1489 456 1531 Hyrcanis
487 1488 618 1520 bellare
649 1489 786 1530 putatis
817 1488 925 1531 tigri-

122 1534 210 1567 bus?
235 1543 264 1566 et
290 1539 440 1571 signatur
463 1537 555 1572 tigris
580 1537 710 1573 verbis,
736 1544 821 1571 quae
847 1540 922 1566 sunt

122 1592 175 1619 ap.
205 1587 280 1612 Sen.
314 1585 409 1612 Herc.
442 1584 511 1611 Oet.
547 1581 611 1611 145
637 1582 720 1621 fera
761 1580 925 1622 Caspias,

122 1637 212 1670 quae
234 1627 380 1670 virgata
405 1625 469 1658 tibi
491 1626 656 1669 praebuit
684 1626 803 1658 ubera.
857 1627 923 1657 Ar-

120 1673 259 1704 meniae
298 1672 411 1715 tigres
446 1682 499 1710 ap.
536 1675 596 1703 Ov.
628 1677 672 1703 M.
708 1674 748 1711 8,
788 1672 851 1702 121
894 1678 924 1702 et

121 1722 221 1757 tigres
258 1722 299 1749 ad
339 1722 529 1750 Caucasum
565 1721 662 1749 etiam
701 1728 789 1749 nunc
827 1720 924 1748 visae

121 1773 209 1797 sunt.
259 1767 372 1795 Simile
394 1771 443 1795 est
463 1768 499 1795 E.
519 1765 551 1802 8,
569 1765 623 1795 43.
674 1768 791 1796 Catull.
814 1766 923 1801 Epitli.

120 1812 181 1851 64,
211 1811 284 1841 154.
335 1813 394 1841 ΟΥ.
422 1813 520 1841 Trist.
547 1810 584 1849 3,
615 1812 670 1850 ll,
698 1811 718 1840 3
747 1809 863 1842 Natus
889 1820 924 1841 es

121 1868 138 1889 c
161 1855 330 1899 scopulis,
358 1856 516 1888 nutritus
541 1855 632 1888 lacte
658 1855 785 1891 ferino.

166 1914 244 1944 368.
270 1911 390 1952 „Quid
423 1911 634 1944 dissimulo?
665 1915 785 1943 tacitae
821 1922 925 1950 quae-

121 1962 220 1991 stioni
246 1960 403 1997 occurrit,
433 1968 474 1988 ne
499 1961 572 1994 quis
598 1961 670 1989 eius
697 1961 830 1990 nimiam
859 1961 926 1989 ira-

121 2008 277 2037 cundiam
310 2007 583 2043 reprehenderet,
619 2007 753 2043 dicens,
784 2008 924 2036 Aenean

122 2061 226 2089 posse
249 2052 388 2087 mitigari
405 2051 542 2080 forsitan
563 2051 751 2087 precihus.“
778 2055 810 2081 S.
851 2053 925 2081 Sci-

120 2100 199 2128 licet
229 2099 377 2127 oratione
420 2104 438 2126 a
472 2098 636 2126 conviciis
678 2098 825 2126 ordiente
858 2105 925 2126 non

120 2149 210 2174 recte
236 2145 313 2180 capi
336 2143 461 2172 initium
487 2145 526 2172 ad
552 2144 758 2172 retinendum
776 2144 924 2172 Aeneam

121 2190 289 2226 intelligit,
324 2190 384 2219 sed
416 2191 504 2217 nolle
533 2197 571 2218 se
601 2189 632 2217 in
664 2196 705 2217 ea
738 2197 771 2217 re
803 2189 926 2217 frustra

122 2237 179 2266 niti
210 2237 302 2273 dicit,
342 2243 449 2269 neque
489 2235 553 2264 iam
592 2237 704 2264 locum
740 2242 820 2263 esse
848 2235 927 2263 reti-

121 2283 250 2324 centiae
274 2285 304 2312 et
333 2282 570 2319 continentiae,
607 2282 666 2310 sed
692 2281 803 2309 omnia
829 2288 866 2309 se
894 2284 926 2309 ut

123 2329 243 2358 sentiat
274 2329 479 2356 elocuturam
518 2327 693 2363 profitetur.
755 2327 839 2355 Hinc
876 2330 927 2355 est

124 2372 209 2414 quid
241 2370 425 2403 dissimulo
460 2372 502 2402 cf.
537 2372 596 2410 12,
624 2371 702 2402 637.
753 2373 788 2401 Si
817 2376 926 2401 autem

124 2419 398 2456 dissimulaverit,
423 2419 442 2447 i.
459 2427 487 2447 e.
506 2419 536 2447 si
552 2419 721 2447 blanditiis
738 2426 801 2447 usa
819 2418 926 2456 fuerit,

124 2470 154 2494 et
182 2465 258 2500 quid
289 2469 364 2499 agat
388 2465 523 2493 Aeneas
557 2465 654 2499 quasi
685 2465 842 2499 ignorans
868 2465 927 2492 de-

124 2510 312 2539 lenimentis
343 2518 417 2538 eum
445 2511 605 2538 studuerit.
635 2511 793 2547 retinere,
828 2517 927 2544 quum

127 2558 262 2585 Aeneas
278 2556 396 2584 talibus
416 2557 538 2584 amoris
555 2556 660 2591 signis
676 2565 741 2584 non
755 2561 928 2584 moveatur

125 2602 165 2631 cf.
198 2610 230 2630 v.
255 2601 341 2630 369:
372 2603 426 2629 vel
458 2602 580 2629 maiore
614 2601 773 2630 afficietur
800 2601 927 2635 iniuria,

125 2655 209 2683 quae
236 2648 361 2676 maiore
381 2645 497 2676 fraude
518 2651 548 2674 et
568 2654 627 2681 per
642 2648 775 2682 longius
796 2651 926 2682 tempus

126 2701 164 2724 se
186 2693 419 2723 circumveniri
446 2699 551 2727 passa
576 2693 628 2720 sit.
677 2694 727 2721 Ea
752 2697 825 2721 sunt
852 2700 927 2720 ma-

124 2738 214 2776 iora,
241 2737 287 2768 ad
307 2746 397 2778 quae
414 2745 594 2766 reservare
616 2746 653 2766 se
675 2746 742 2766 non
770 2739 851 2773 vult,
877 2745 926 2766 sc.

49 2800 69 2819 ι,
125 2787 167 2815 ad
195 2786 271 2822 illa,
305 2788 336 2812 ut
362 2784 472 2813 subito
499 2786 640 2812 abeunte
669 2786 785 2812 Aenea
810 2791 926 2812 omnes

68 2825 69 2829 ¹
124 2832 285 2860 Didonem
312 2830 357 2859 ita
385 2837 496 2858 amore
525 2833 696 2857 caecatam
721 2828 829 2858 fuisse
857 2831 928 2858 cla-

69 2881 70 2885 ’
125 2882 224 2915 ment,
252 2881 283 2905 ut
304 2877 454 2905 Aeneam
479 2875 557 2903 nihil
582 2874 646 2903 nisi
667 2874 780 2910 fugam
801 2875 927 2910 agitare

70 2916 71 2921 ¹
126 2931 192 2951 non
217 2922 371 2952 senserit.

172 2977 249 3008 369.
281 2975 370 3008 Num
387 2976 479 3018 fletu
499 2973 676 3018 ingemuit
701 2976 740 3006 cf.
761 2973 838 3005 331.
882 2979 930 3005 Ne

127 3026 304 3060 alloquitur
333 3025 462 3060 quidem
488 3025 650 3053 Aeneam.

1020 1010 1097 1040 370.
1127 1009 1238 1040 victus
1265 1009 1306 1039 cf.
1331 1007 1363 1043 2,
1390 1007 1468 1037 699.
1519 1007 1552 1036 Si
1580 1008 1676 1036 niodo
1703 1014 1778 1042 pre-

974 1058 1068 1086 cibus
1106 1057 1188 1084 meis
1220 1061 1249 1084 et
1285 1062 1397 1083 amore
1426 1054 1536 1082 victus
1571 1060 1643 1081 meo
1675 1052 1778 1080 infor-

973 1104 1063 1132 tunio
1088 1102 1336 1137 illacrimasset,
1364 1104 1395 1128 ut
1420 1099 1556 1127 invitum
1580 1106 1654 1126 eum
1679 1098 1778 1125 dece-

974 1150 1052 1177 dere
1082 1146 1273 1182 appareret!
1306 1160 1348 1165 —
1388 1143 1459 1174 Aut
1494 1152 1559 1172 non
1598 1143 1777 1178 respondet

974 1194 1156 1229 particulae
1182 1200 1277 1228 num,
1303 1195 1334 1220 ut
1359 1191 1400 1219 sit
1426 1198 1484 1225 pro
1506 1198 1572 1225 απ,-
1595 1190 1655 1218 sed
1678 1189 1778 1217 inter—

972 1240 1179 1275 rogationem
1209 1245 1308 1266 unam
1338 1237 1370 1265 in
1402 1238 1484 1264 duas
1513 1240 1624 1271 partes
1652 1234 1778 1271 dividit,

972 1286 1019 1314 ita
1051 1290 1081 1314 ut
1116 1287 1254 1314 atterum
1283 1284 1388 1312 altero
1418 1282 1613 1317 explicetur.
1663 1280 1776 1309 Simile

974 1333 1056 1360 Sall.
1088 1332 1159 1366 Iug.
1196 1328 1235 1358 14
1271 1327 1347 1366 Quo
1380 1325 1543 1357 accedam
1588 1327 1651 1355 aut
1691 1333 1777 1365 quos

973 1373 1146 1417 appellem
1166 1399 1173 1405 .
1189 1398 1196 1404 .
1213 1375 1328 1409 fragm.
1369 1370 1454 1412 Quis
1470 1369 1555 1402 mihi
1570 1369 1649 1401 vivo
1664 1368 1776 1400 cruci-

973 1425 1054 1452 atus
1075 1420 1162 1451 satis
1181 1416 1258 1450 est?
1284 1422 1346 1449 aut
1368 1427 1457 1459 qnae
1477 1426 1591 1458 poena
1614 1412 1776 1446 mortuo?

973 1468 1013 1497 cf.
1043 1466 1080 1504 3,
1108 1466 1152 1496 43
1182 1471 1211 1495 et
1240 1469 1292 1495 Gr.
1317 1467 1339 1499 ,ξ’
1367 1464 1450 1501 419,
1480 1465 1541 1494 An.
1567 1463 1599 1492 8.

1018 1513 1095 1542 37¹.
1128 1511 1226 1551 Quae
1262 1509 1387 1552 quibus
1422 1508 1643 1547 anteferam,
1678 1508 1776 1544 „quid

973 1560 1081 1597 prius,
1114 1560 1189 1594 quid
1221 1558 1389 1593 posterius
1418 1556 1557 1584 dicamst‘
1583 1557 1615 1583 S.
1665 1554 1778 1589 Potior

971 1607 1048 1634 visa
1074 1610 1125 1634 est
1151 1604 1332 1634 sententia:
1367 1599 1492 1643 quibus
1523 1608 1615 1642 quae
1640 1598 1777 1637 antefe-

971 1659 1047 1680 ram
1070 1652 1090 1680 i.
1114 1660 1143 1679 e.
1170 1658 1256 1684 quae
1282 1653 1425 1685 possunt
1449 1648 1501 1676 liis
1529 1655 1609 1675 esse
1633 1646 1776 1681 duriora,

972 1705 1057 1732 quae
1089 1697 1270 1726 crudelitas
1299 1700 1355 1724 tua
1385 1694 1578 1723 crudelitate
1612 1700 1677 1720 non
1702 1691 1778 1720 vin-

971 1748 1076 1772 catur.
1133 1743 1181 1771 De
1213 1742 1321 1770 forma
1353 1738 1621 1775 interrogationis
1652 1737 1692 1766 cf.
1723 1739 1776 1766 Gr.

972 1788 994 1824 g
1021 1787 1105 1825 4¹9,
1135 1789 1197 1817 An.
1229 1787 1255 1816 l.

1018 1833 1096 1863 372.
1122 1842 1192 1864 non
1218 1828 1371 1873 adspicit
1397 1827 1520 1871 aequis
1545 1825 1655 1859 oculis
1680 1827 1721 1857 cf.
1745 1826 1777 1864 9,

1020 1924 1099 1955 373.
1131 1921 1313 1964 Nusquam
1340 1924 1420 1953 tuta
1434 1918 1541 1961 fides.
1584 1922 1652 1949 lam
1679 1926 1777 1955 nunc,

974 1973 1028 2001 ubi
1053 1971 1107 2006 qui
1135 1976 1177 1999 tot
1199 1975 1355 2004 tantaque
1381 1968 1509 2002 accepit
1534 1966 1693 1995 beneficia
1714 1965 1778 1993 fal-

972 2019 1020 2055 lit,
1047 2018 1176 2046 cuinam
1204 2016 1294 2045 credi
1315 2016 1414 2044 licet?
1447 2029 1491 2033 »-
1515 2013 1674 2047 Equidem
1703 2018 1776 2039 eum

974 2063 1170 2097 naufragum
1213 2062 1431 2095 omnibusque
1477 2061 1576 2087 rebus
1627 2061 1778 2092 egentem

974 2109 1097 2144 excepi
1122 2113 1151 2136 et
1174 2110 1230 2136 vel
1255 2108 1286 2136 in
1312 2107 1404 2141 regni
1430 2109 1553 2141 partem
1580 2103 1702 2138 recepi.
1734 2117 1778 2121 --

976 2152 1135 2183 Eiectum
1162 2144 1276 2189 litore,
1303 2154 1367 2180 abl.
1397 2152 1464 2179 loci
1491 2150 1544 2179 ubi
1571 2149 1697 2177 eiectus
1728 2151 1779 2176 est

974 2203 1004 2228 et
1036 2203 1209 2234 versatur,
1248 2206 1313 2226 non
1350 2197 1457 2225 minus
1488 2200 1577 2224 recte
1611 2194 1675 2222 dici
1706 2198 1779 2228 pot-

975 2248 1025 2274 est
1053 2251 1150 2279 quam
1177 2241 1211 2272 in
1239 2240 1324 2271 litus
1352 2242 1392 2270 cf.
1418 2240 1454 2278 3,
1487 2239 1565 2269 292.
1617 2240 1671 2268 Sic
1698 2239 1779 2267 dixit

974 2291 1117 2326 scriptor
1140 2290 1173 2319 C.
1197 2290 1262 2317 BG.
1290 2287 1321 2325 5,
1350 2286 1391 2315 to
1421 2283 1597 2315 Nuntium
1624 2281 1779 2313 maxima

975 2338 1094 2366 coorta
1129 2335 1335 2374 tempestate
1369 2338 1480 2372 prope
1517 2337 1635 2359 omnes
1670 2336 1780 2357 naves

975 2379 1134 2421 afflictas
1165 2382 1271 2419 atque
1301 2376 1342 2408 in
1375 2374 1506 2406 litore
1536 2372 1664 2404 eiectas
1696 2381 1778 2403 esse.

974 2428 1110 2457 Eiectus
1152 2426 1269 2454 dicitur
1309 2423 1492 2458 naufragus
1536 2421 1576 2450 cf.
1622 2420 1655 2457 l,
1699 2418 1777 2465 528.

975 2475 1043 2503 Cic.
1071 2473 1139 2502 ΗΑ.
1166 2471 1221 2499 26.

1020 2519 1099 2548 375.
1128 2514 1304 2547 Amissum
1346 2512 1493 2544 classem
1535 2520 1583 2541 sc.
1631 2510 1779 2548 servavi,

975 2566 1060 2600 quod
1089 2572 1107 2591 e
1133 2559 1258 2591 reduxi
1287 2569 1309 2590 a
1336 2562 1445 2590 morte
1469 2559 1567 2588 facile
1593 2559 1778 2592 suppletur.

976 2611 1024 2640 (Ὗ.
1065 2609 1098 2646 l,
1132 2607 1210 2637 356.
1266 2607 1378 2636 Simile
1416 2606 1496 2633 illud
1527 2604 1692 2638 Phyllidis
1726 2609 1779 2638 ap.

977 2658 1036 2685 Ov.
1056 2657 1132 2685 Her.
1153 2653 1185 2691 2,
1212 2652 1255 2682 45
1282 2650 1329 2681 At
1355 2650 1492 2681 laceras
1518 2647 1625 2679 etiam
1644 2656 1781 2689 puppes

968 2699 1114 2741 furiosa
1143 2696 1271 2737 refeci,
1318 2695 1361 2726 Ut
1394 2704 1463 2736 qna
1494 2692 1671 2724 desererer
1700 2695 1780 2723 tuta

975 2744 1100 2776 carina
1129 2743 1236 2782 foret.
1301 2745 1350 2771 lta
1383 2744 1445 2770 noc
1477 2742 1552 2769 loco
1586 2740 1689 2769 Dido:
1746 2739 1781 2768 Si

974 2801 1041 2821 non
1058 2798 1253 2821 servassem
1267 2796 1385 2824 naves,
1402 2795 1444 2816 ne
1461 2786 1630 2822 potuisses
1650 2785 1780 2820 quidem

976 2846 1028 2866 me
1052 2838 1254 2871 relinquere3
1282 2835 1391 2868 itaque
1415 2833 1524 2868 ipsum
1548 2839 1657 2860 meum
1679 2833 1780 2860 bene-

976 2884 1082 2912 ficium
1117 2882 1193 2911 mali
1224 2880 1289 2908 mei
1323 2886 1449 2908 caussa
1478 2882 1539 2907 est.
1590 2880 1715 2907 Tamen
1748 2884 1779 2905 v.

978 2930 1050 2958 eiic.
1086 2925 1147 2956 Πὸ.
1194 2922 1403 2964 Aflammis
1434 2921 1579 2953 classem
1609 2923 1694 2952 coni.
1728 2918 1778 2950 Pl.

977 2976 1014 3004 ld
1038 2977 1088 3003 est
1115 2972 1280 3007 corrigere
1307 2976 1447 3006 poetam.

1026 3017 1103 3048 376.
1132 3014 1251 3048 Furiis
1290 3014 1432 3046 incensa
1468 3013 1570 3054 seror
1619 3011 1660 3041 cf.
1706 3010 1780 3039 110.

1442 3060 1505 3103 13
