2023 3350
649 187 886 222 AENEIDOS
912 191 996 223 Lm.
1025 191 1066 224 X.

1599 194 1681 233 517

41 303 169 346 Illum
208 306 351 346 autem
390 301 558 343 Aeneas
591 301 811 345 absentem
845 303 889 344 in
925 303 1091 357 proelia
1135 305 1299 358 poscit3

41 361 179 404 Obvia
213 360 349 402 multa
382 359 520 400 virum
553 358 740 402 demittit
779 375 962 415 corpora
998 362 1140 403 morti.

40 419 148 460 Tum
182 418 285 460 levis
325 416 442 458 haud
485 416 602 459 ultra
638 418 829 460 latebras
865 419 952 460 iam
989 419 1160 473 quaerit
1198 419 1362 474 imago3

43 476 126 519 Sed
165 475 344 518 sublime
379 474 528 516 volans
565 474 668 517 nubi
707 490 751 518 se
790 476 1024 518 immiscuit
1061 480 1194 518 atrae.

42 535 181 585 Quum
218 533 404 574 Turnum
441 532 580 574 medio
615 533 780 576 interea
816 533 900 576 fert
934 547 1121 587 aequore
1156 533 1296 576 turbo.

1597 536 1679 575 665

40 590 232 646 Respicit
264 589 440 643 ignarus
476 604 619 632 rerum
656 591 939 645 ingratusque
978 591 1146 642 salutis,

41 649 98 691 Et
142 646 331 701 duplices
370 661 466 688 cum
503 662 606 690 voce
643 663 794 691 manus
827 649 883 692 ad
914 649 1057 691 sidera
1089 648 1247 690 tendit:

39 705 318 759 Omnipotens
354 705 540 759 genitor,
584 709 737 748 tanton
773 721 840 749 me

879 707 1056 748 crimine
1095 706 1272 759 dignum

35 762 231 814 Duxisti,
269 765 313 804 et
347 763 457 804 tales
492 763 667 806 voluisti
704 764 943 819 expendere
976 764 1167 818 poenas?

37 820 127 871 Quo
166 819 312 862 feror?
350 821 463 862 unde
498 821 615 864 abii?
658 835 768 875 quae
802 836 869 864 me
905 821 1025 876 fuga,
1068 834 1245 875 quemve
1280 819 1476 862 reducit?

1596 820 1679 860 670

42 878 335 920 Laurentesne
365 878 520 920 iterum
562 893 707 922 muros
738 884 814 922 aut
854 883 998 921 castra
1031 878 1212 921 videbo?

37 934 148 986 Quid
188 950 340 978 manus
371 936 448 978 illa
486 937 644 988 virum,
685 938 757 992 qui
794 952 860 979 me
894 951 1074 992 meaque
1114 950 1235 979 arma
1271 935 1434 978 secuti?

40 993 240 1048 Quosque
297 1019 354 1025 —
384 994 505 1036 nefas
534 1018 590 1026 *ν
619 1008 764 1037 omnes
799 995 977 1037 infanda
1006 995 1049 1036 in
1082 997 1222 1036 morte
1256 993 1440 1048 reliqui?

36 1051 94 1092 Et
132 1065 244 1093 nunc
278 1051 477 1105 palantes
521 1052 664 1104 video,
704 1054 995 1106 gemitumque
1035 1052 1263 1095 cadentum

37 1108 229 1163 Accipio.

289 1110 397 1160 Quid
432 1110 543 1163 ago?
580 1114 656 1152 aut
694 1124 805 1163 quae
842 1111 929 1152 iam
961 1111 1065 1152 satis
1103 1111 1190 1151 ima
1226 1108 1420 1151 dehiscat

1595 1108 1677 1147 675

34 1166 169 1208 Terra
204 1166 338 1208 mihi?
398 1168 486 1209 Vos
523 1181 546 1209 o
585 1168 732 1221 potius
771 1168 1055 1219 miserescite,
1091 1167 1223 1219 venti,

33 1223 84 1265 In
116 1238 264 1279 rupes,
305 1225 349 1266 in
381 1239 488 1267 saxa
518 1251 573 1255 —
606 1225 751 1267 volens
790 1239 864 1267 vos
904 1226 1071 1267 Turnus
1104 1225 1238 1267 adoro
1268 1249 1325 1254 —

32 1281 159 1323 Ferte
193 1285 349 1334 ratem,
384 1283 607 1336 saevisque
642 1283 763 1324 vadis
801 1283 1019 1325 immittite
1055 1283 1214 1337 Syrtis:
1309 1290 1315 1296 ‘

36 1339 128 1389 Quo
165 1354 305 1393 neque
342 1354 409 1382 me
444 1341 593 1382 Rutuli
627 1355 706 1382 nec
742 1341 916 1382 conscia
953 1340 1070 1382 fama
1101 1342 1320 1393 sequatur.

35 1396 154 1438 Haec
191 1411 435 1440 memorans
470 1398 613 1440 animo
654 1413 767 1440 nunc
806 1398 908 1449 huc,
950 1412 1061 1439 nunc
1099 1397 1282 1439 fluctuat
1317 1395 1437 1446 illue,

1595 1393 1678 1433 680

33 1455 98 1496 An
141 1469 232 1497 sese
275 1469 479 1498 mucrone
520 1455 574 1498 ob
612 1459 782 1498 tantum
822 1455 1007 1498 dedecus
1038 1469 1184 1498 amens

31 1593 103 1614 rum
128 1585 267 1614 ordinem
294 1587 434 1615 nondum
459 1586 542 1615 satis
568 1586 745 1622 expolitum
758 1594 831 1615 esse

32 1631 190 1668 intelligo.

77 1675 155 1705 662.
181 1674 334 1706 demittit
352 1675 455 1707 morti
477 1678 517 1707 cf.
547 1675 576 1712 2,
603 1676 679 1707 393.

79 1721 155 1751 666.
185 1720 340 1763 Ignarus
365 1731 481 1752 rerum
508 1724 612 1753 nescit
636 1732 655 1753 a
680 1732 742 1759 quo
774 1727 830 1753 aut

32 1776 97 1803 qua
121 1770 158 1798 de
181 1776 303 1798 caussa
332 1771 413 1799 haec
443 1770 509 1798 sibi
545 1770 630 1799 facta
662 1770 737 1798 sint.

34 1811 203 1854 ingratus
229 1813 375 1851 salutis,
412 1817 450 1843 de
475 1824 546 1851 gen.
573 1816 611 1845 cf.
632 1813 658 1852 l,
681 1813 711 1844 4.
735 1815 832 1844 Vitae

33 1864 187 1888 servatae
215 1860 380 1895 ingratus,
417 1869 493 1889 nam
520 1862 639 1895 cogitat
664 1862 754 1889 modo
781 1861 832 1889 in-

32 1904 176 1942 famiam,
204 1904 328 1941 fugisse
351 1908 433 1940 quod
461 1915 502 1935 ex
528 1907 648 1941 proelio
670 1907 830 1935 videatur.

81 1949 156 1979 667.
185 1948 342 1990 duplices
385 1960 510 1980 manus
541 1953 579 1981 cf.
619 1951 651 1988 l,
692 1951 745 1981 93.
794 1954 832 1981 Et

35 2004 152 2026 manus
176 2000 208 2025 et
232 2005 300 2026 vox
325 1994 483 2026 tenditur
505 1998 543 2027 cf.
571 1996 600 2034 2,
623 1996 698 2027 405.

81 2040 156 2071 669.
183 2039 375 2082 expendere
398 2051 529 2082 poenas
555 2045 593 2073 cf.
625 2042 654 2081 2,
681 2042 756 2072 229.

81 2086 157 2117 670.
182 2085 317 2117 reducit
350 2096 395 2117 sc.
422 2097 463 2118 ex
492 2090 562 2119 acie
586 2092 628 2118 M.
669 2092 712 2119 al.
738 2091 830 2119 Serv.

36 2149 74 2154 --
103 2131 241 2164 reduc-tt
263 2143 289 2163 c.
316 2142 360 2163 sc.
383 2136 423 2163 ad
446 2136 567 2172 socios,
592 2137 649 2164 sed
673 2137 711 2165 de
735 2143 776 2165 ea
799 2144 832 2165 re

32 2180 173 2215 loquitur
222 2188 322 2209 versu
367 2185 538 2215 sequente.
597 2197 641 2200 —
690 2190 833 2221 quemve

35 2223 206 2264 „qttalen1“
239 2228 271 2254 S.
320 2227 387 2260 Quo
430 2232 643 2262 perventurus
683 2228 726 2256 sit
762 2228 832 2262 ipse

33 2272 158 2309 nescit;
203 2279 303 2306 quare
326 2273 423 2301 etiam
451 2274 584 2310 dubitat,
613 2282 688 2303 num
716 2274 831 2303 iterum

34 2318 170 2347 visurus
203 2318 244 2346 sit
268 2319 458 2348 Laurentes.

81 2360 157 2391 671.
182 2364 259 2392 Idne
282 2365 320 2393 de
344 2373 394 2393 me
416 2365 609 2404 impetrabo,
646 2370 679 2394 ut
702 2366 830 2395 videam

35 2413 106 2444 post
131 2413 252 2437 tantum
277 2408 442 2446 flagitium.

81 2452 158 2483 672.
182 2455 263 2489 Quid
291 2456 395 2484 dicent
420 2461 449 2485 et
473 2462 564 2493 agent
591 2458 653 2495 illi,
681 2458 735 2492 qui
760 2465 831 2486 mea

35 2508 156 2529 caussa
174 2500 208 2528 in
232 2502 351 2530 bellum
377 2502 510 2537 profecti
543 2511 627 2532 nunc
659 2504 693 2532 in
728 2504 830 2532 medio

35 2547 146 2590 myrtis
171 2546 314 2580 periculo
338 2554 358 2575 a
384 2556 433 2576 me
454 2550 556 2578 relicti
583 2554 667 2578 sunt.

81 2590 157 2620 673.
183 2600 334 2631 quosque
359 2594 423 2622 MR
452 2603 514 2624 rec.
545 2592 595 2624 Pl.
617 2603 744 2633 quosve
766 2596 832 2633 Pyt:

34 2645 164 2678 quosne
200 2639 218 2665 b
261 2646 322 2667 rec.
366 2636 449 2678 Wg.
493 2637 551 2668 Rb.
589 2637 652 2669 Ld.
701 2641 832 2677 „Asper

35 2691 164 2724 quosne
190 2683 265 2719 legit
290 2688 319 2712 et
345 2686 512 2713 annotavit
532 2693 574 2714 ne
588 2694 642 2721 pro
661 2694 709 2722 ve,
735 2686 830 2721 quasi

34 2729 206 2764 expletiva
224 2729 416 2764 particttla.“
444 2733 474 2758 S.
502 2732 535 2759 in
561 2733 692 2766 aliquot.
719 2734 832 2766 Itaque

34 2777 94 2804 hoc
114 2777 183 2805 loco
210 2776 292 2803 satis
307 2776 426 2804 firmari
451 2785 512 2804 non
536 2782 670 2805 constat.
721 2778 829 2806 Latini

35 2825 148 2856 poetae
196 2821 476 2858 interrogationem
514 2827 684 2852 annectunt
734 2824 831 2852 etiam

35 2868 190 2903 relativo,
224 2869 306 2902 quod
335 2868 425 2896 nobis
451 2876 514 2896 non
537 2868 619 2897 licet.
645 2869 684 2897 cf.
713 2870 831 2898 Catull.

37 2909 97 2950 64,
135 2910 201 2941 180
241 2921 286 2941 αη
322 2911 437 2952 patris
476 2911 647 2942 auxilium
694 2923 837 2954 spetem,

40 2965 183 2997 quemne
208 2955 286 2998 ipsa
318 2956 464 2999 reliq11i‚·
504 2974 547 2978 —
593 2957 764 2999 Coniugis
791 2968 835 2988 an

28 3000 108 3041 fido
132 3002 288 3033 consoler
313 3006 434 3033 memet
457 3012 585 3040 amore,
612 3002 716 3044 quine
734 3002 838 3043 fugit

2 3085 3 3091 1
38 3045 148 3078 lentos
174 3048 364 3079 incurvans
392 3048 542 3090 gurgite
578 3046 712 3079 remos?
761 3052 837 3079 Hor.

7 3133 9 3145 Ι
41 3095 105 3123 Sat.
136 3093 162 3131 l,
192 3093 242 3133 to,
268 3093 320 3124 21.
356 3098 413 3125 Sil.
451 3094 500 3134 10,
529 3094 569 3125 69
597 3093 738 3136 quando
766 3104 836 3125 cer-

877 1588 993 1615 tamen
1028 1583 1117 1615 inire
1150 1582 1251 1613 cuine
1280 1580 1356 1612 viro
1384 1577 1523 1610 mallem
1555 1578 1678 1607 memet

877 1640 1091 1671 componere.
1142 1631 1239 1666 Apud
1262 1629 1436 1663 scriptores
1460 1630 1567 1656 certus
1585 1626 1678 1653 locus

877 1686 941 1706 non
974 1682 1098 1712 exstat;
1144 1685 1229 1705 unus
1262 1675 1391 1704 affertur
1424 1673 1498 1701 val.
1528 1673 1617 1700 Max.
1643 1668 1675 1706 9,

881 1722 930 1759 13,
961 1721 987 1752 1.
1013 1723 1052 1753 cf.
1077 1725 1129 1752 Gr.
1146 1723 1178 1758 §-
1200 1720 1275 1750 419.
1299 1722 1364 1749 An.
1387 1719 1418 1748 5.
1454 1733 1492 1738 —
1519 1712 1677 1755 infanda

876 1769 914 1798 cf.
942 1767 972 1801 2,
1000 1767 1029 1798 3.

923 1812 999 1842 674.
1026 1815 1086 1849 Qui
1108 1823 1170 1843 non
1202 1814 1316 1848 procul
1350 1814 1418 1842 erat
1448 1817 1469 1838 a
1502 1805 1597 1843 loco,¹
1621 1805 1676 1835 ubi

877 1862 1010 1889 Aeneas
1035 1862 1219 1895 appulerat,
1263 1861 1383 1893 poterat
1407 1860 1490 1886 certe
1518 1852 1676 1889 proelium

878 1907 1065 1941 conspicere
1087 1911 1116 1935 et
1141 1907 1311 1935 tumultum
1334 1902 1455 1932 audire.

926 1950 1002 1980 675.
1029 1949 1113 1991 quid
1145 1960 1217 1990 ago
1247 1950 1286 1979 cf.
1323 1947 1377 1987 12,
1409 1944 1484 1976 637.
1514 1961 1551 1966 —
1581 1946 1676 1974 terra

879 1995 965 2027 mihi
992 1995 1148 2026 dehiscat
1171 1997 1210 2027 ef.
1239 1993 1270 2032 4,
1297 1992 1350 2023 24.

925 2041 1001 2072 676.
1029 2044 1256 2072 misericordes
1284 2043 1378 2070 habet
1410 2047 1481 2074 eos,
1525 2037 1580 2072 qui
1613 2035 1676 2063 sibi

878 2094 1011 2118 mortem
1037 2090 1194 2125 inferant;
1221 2095 1306 2118 mors
1322 2087 1408 2116 enim
1426 2085 1535 2115 minus
1551 2083 1675 2111 malum

879 2135 1008 2172 flagitio.

925 2179 1001 2210 677.
1030 2179 1156 2217 adoro,
1182 2179 1270 2208 venti
1296 2178 1381 2208 enim
1406 2176 1451 2205 dii
1476 2178 1560 2205 sunt.

924 2225 1001 2256 678.
1030 2225 1143 2266 Syrtis
1183 2225 1349 2262 genitivus
1389 2226 1455 2258 est,
1496 2225 1591 2255 atque
1631 2218 1677 2246 ita

878 2274 943 2302 iam
969 2275 1000 2301 S.
1030 2272 1168 2307 accepit:
1215 2270 1398 2305 „immittite
1423 2276 1472 2296 me
1507 2268 1547 2295 ad
1572 2272 1677 2293 saeva

878 2320 963 2348 vatia
989 2320 1138 2354 syrt'tum.
1188 2317 1272 2350 „Ubi
1303 2321 1443 2345 arenosa
1482 2315 1557 2341 sunt
1592 2312 1676 2347 loca,

877 2369 985 2401 syrtes
1011 2362 1202 2405 vocantur.“
1227 2365 1258 2391 S.
1285 2362 1323 2391 cf.
1356 2359 1383 2397 1,
1412 2355 1486 2387 111.
1534 2353 1586 2385 ΡΙ.
1613 2357 1675 2384 del.

878 2408 1060 2449 saevisque
1087 2418 1116 2438 υ.
1145 2407 1165 2438 ι’.
1198 2408 1233 2436 S.
1262 2409 1317 2437 Sic
1341 2408 1470 2435 Turnus
1494 2404 1609 2439 veltet,
1643 2405 1677 2430 ut

878 2458 961 2486 alter
985 2456 1167 2491 Robinson,
1201 2454 1234 2482 in
1262 2462 1340 2489 rupe
1368 2450 1506 2487 exponi,
1549 2448 1580 2476 in
1612 2454 1677 2481 qua

878 2503 998 2532 famam
1032 2503 1224 2530 Rutulorum
1265 2500 1409 2534 iniquam
1457 2504 1518 2525 non
1554 2494 1675 2522 audiat.

879 2550 940 2577 Sed
966 2550 1037 2576 vult
1062 2548 1143 2576 mori
1164 2546 1274 2580 atiquo
1300 2545 1404 2581 modo,
1431 2551 1469 2571 ne
1494 2540 1614 2570 audiat.

924 2592 999 2622 681.
1029 2592 1153 2622 Amens
1164 2594 1201 2620 de
1214 2597 1325 2626 poetae
1342 2589 1499 2619 sententia
1517 2586 1676 2615 adiectum

877 2645 934 2669 est.
965 2655 1002 2659 —
1037 2647 1071 2667 se
1112 2646 1274 2666 mucrone
1314 2634 1451 2664 induat.
1493 2633 1539 2662 Cf.
1581 2632 1676 2660 Caes.

879 2687 941 2714 BG.
968 2683 998 2722 7,
1026 2682 1067 2711 73
1104 2692 1137 2711 se
1162 2680 1231 2721 ipen·
1256 2677 1470 2710 acutissimis
1496 2674 1601 2707 vallis
1623 2674 1676 2705 in-

878 2728 1031 2759 duebant
1055 2733 1083 2757 et
1111 2738 1136 2758 c.
1165 2726 1206 2756 82
1242 2736 1275 2755 se
1298 2725 1366 2766 ipsi
1389 2722 1539 2755 stimulis
1563 2720 1678 2762 Inopi-

877 2778 1001 2804 nantes
1024 2772 1225 2803 induebant.
1254 2774 1328 2802 Liv.
1347 2769 1400 2806 44,
1424 2769 1460 2798 41
1482 2766 1678 2799 imlnissent

877 2831 911 2851 se
937 2818 1059 2855 hastis,
1083 2817 1132 2847 sie
1157 2818 1323 2848 stt'irzten.
1348 2813 1583 2846 verwickelten
1606 2811 1678 2843 sich

880 2865 925 2896 in.
976 2868 1036 2895 Sed
1059 2866 1236 2901 quaeritur,
1260 2865 1344 2893 sitne
1362 2865 1395 2892 in
1420 2864 1462 2892 iis
1489 2863 1569 2891 locis
1594 2861 1677 2890 dati-

883 2921 946 2942 vus
971 2920 1012 2941 an
1035 2912 1220 2945 ablativus,
1258 2915 1287 2939 et
1311 2911 1399 2939 Voss
1432 2910 1471 2938 ad
1492 2911 1527 2937 G.
1559 2903 1587 2942 1,
1616 2904 1677 2934 185

884 2959 1030 2987 hocloco
1056 2958 1156 2986 scribi
1173 2958 1257 2985 iubet
1281 2953 1450 2990 mucroni,
1473 2956 1555 2990 quod
1573 2957 1620 2982 est
1646 2954 1679 2982 in

884 3002 980 3037 PtR,
1036 3005 1091 3032 sed
1134 3010 1296 3031 mucrone
1337 3002 1369 3030 in
1406 2999 1565 3039 MP‘dybc,
1625 3007 1678 3034 ap.

885 3050 988 3079 Prisc.
1009 3053 1037 3077 et
1055 3051 1146 3077 Serv.
1198 3049 1284 3083 Quod
1312 3051 1454 3083 probum,
1479 3047 1679 3082 nequeenim

884 3096 999 3125 dicitur
1023 3092 1168 3124 induere
1199 3103 1233 3124 se
1257 3091 1354 3131 vesti,
1375 3095 1429 3123 sed
1457 3095 1558 3122 veste.
