2023 3350
727 175 958 209 AENEIDOS
981 177 1067 209 LIB.
1094 177 1138 209 11.

1660 179 1739 218 107

120 291 216 333 Hoc
253 293 363 342 erat,
399 290 513 332 alma
547 302 724 343 parens,
759 287 874 342 quod
907 302 974 330 me
1012 302 1089 343 per
1126 288 1233 339 tela,
1267 301 1345 342 per
1381 289 1500 344 ignes

121 348 284 402 Eripis,
321 351 371 389 ut
402 346 552 389 mediis
591 346 760 388 hostem
792 346 835 386 in
873 346 1166 399 penetralibus
1198 349 1330 400 utque

1661 349 1741 388 665

121 406 352 447 Ascanium
387 408 638 458 patremque
672 417 812 444 meum
846 403 1050 458 iuxtaque
1085 404 1286 445 Creusam

121 462 316 504 Alterum
351 462 396 503 in
429 461 606 503 alterius
642 464 854 502 mactatos
892 462 1098 515 sanguine
1139 460 1339 502 cernam?

120 520 273 571 Arma,
310 519 407 570 viri,
452 518 561 560 ferte
598 532 737 569 arma3
782 522 908 559 vocat
946 519 1019 560 lux
1051 519 1201 560 ultima
1236 519 1381 560 victos.

119 576 302 619 Reddite
333 589 402 617 me
432 576 615 627 Danais,
659 576 784 617 sinite
821 576 1062 618 instaurata
1095 576 1276 617 revisam

120 634 310 675 Proelia:
351 647 570 686 nunquam
607 647 751 675 omnes
789 633 917 675 hodie
955 634 1186 675 moriemur
1220 633 1356 675 inulti.

1661 636 1742 674 670

232 691 343 732 Hinc
380 690 495 732 ferro
530 691 730 744 accingor
763 705 927 742 rursus,
969 691 1194 745 clipeoque
1230 691 1443 733 sinistram

119 747 390 789 Insertabam
427 752 580 802 aptans
614 762 765 802 meque
800 752 921 790 extra
956 752 1072 790 tecta
1102 748 1302 790 ferebam.

118 806 229 847 Ecce
269 809 413 847 autem
453 804 675 859 complexa
708 805 837 859 pedes
874 806 920 847 in
956 806 1101 847 limine
1134 806 1316 847 coniunx

119 862 359 914 Haerebat,
402 876 668 916 parvumque
702 863 818 917 patri
854 862 1056 905 tendebat
1090 863 1249 904 Iulum:

121 920 166 965 Si
200 920 419 974 periturus
453 920 564 972 abis,
606 924 648 962 et
688 934 766 962 nos
801 934 906 974 rape
938 921 983 962 in
1015 921 1156 962 omnia
1188 924 1349 971 tecum3

1663 921 1743 959 675

121 977 195 1019 Sin
227 978 418 1031 aliquam
456 980 655 1031 expertus
692 978 871 1031 sumptis
911 991 1028 1031 spem
1062 978 1186 1031 ponis
1218 978 1262 1018 in
1293 977 1435 1027 armis,

118 1034 242 1076 Hanc
273 1035 457 1089 primum
494 1038 639 1076 tutare
669 1034 855 1076 domum.
917 1035 993 1076 Cui
1026 1049 1181 1087 parvus
1215 1034 1343 1084 Iulus,

122 1092 201 1135 Cui
241 1096 381 1145 pater,
426 1095 468 1133 et
504 1092 688 1133 coniunx
727 1091 943 1144 quondam
979 1095 1056 1132 tua
1094 1090 1211 1132 dieta
1249 1090 1497 1143 relinquor?

233 1149 353 1191 Talia
385 1148 622 1190 vociferans
655 1149 815 1202 gemitu
843 1152 1005 1190 tectum
1039 1162 1160 1190 omne
1196 1147 1409 1201 replebat3

120 1207 257 1257 Quum
293 1206 480 1248 subitum
517 1206 718 1259 dictuque
755 1205 894 1246 oritur
930 1205 1125 1247 mirabile
1162 1208 1410 1246 monstrum.

1664 1205 1746 1243 680

117 1264 313 1318 Namque
345 1277 494 1305 manus
528 1263 640 1304 inter
677 1265 1023 1316 maestorumque
1055 1276 1131 1304 ora
1167 1266 1393 1318 parentum

117 1321 230 1362 Ecce
261 1321 365 1362 levis
403 1334 565 1362 summo
604 1319 657 1361 de
690 1320 848 1362 vertice
887 1321 1002 1362 visus
1040 1320 1122 1361 Iuli

117 1377 314 1421 Fundere
351 1378 494 1420 lumen
533 1391 664 1432 apeX,
708 1381 915 1432 tactuque
953 1378 1127 1419 innoxia
1163 1376 1312 1418 molles

117 1543 223 1570 Tuum
261 1546 311 1570 est
355 1546 498 1570 mactare
543 1542 743 1579 sacrilegos,
793 1543 909 1576 quales

117 1586 247 1616 fuerunt
279 1589 444 1617 Pentheus
483 1591 513 1616 et
542 1589 728 1622 Lycurgus.
778 1587 824 1616 cf.
856 1590 908 1616 Gr.

118 1632 140 1668 ς
164 1631 245 1670 455,
269 1633 303 1662 c.

164 1675 240 1706 665.
269 1675 344 1707 Hoc
376 1679 451 1708 erat
481 1674 572 1718 quod
603 1685 656 1707 me
687 1675 792 1718 eripis
825 1679 844 1706 i.
884 1686 910 1706 e.

118 1728 287 1759 propterea
304 1732 354 1753 me
374 1724 483 1758 eripis,
504 1723 552 1758 (et
574 1730 729 1758 praesens
753 1724 913 1758 signifieat

121 1777 187 1798 rem
210 1774 306 1798 antea
327 1769 461 1806 factam,
498 1777 582 1798 nunc
604 1771 769 1798 durantem
793 1770 832 1799 cf.
859 1772 909 1798 Gr.

115 1815 138 1850 g
161 1812 243 1852 455,
265 1815 308 1851 f.)
356 1816 469 1844 Simile
506 1816 540 1844 C.
565 1823 610 1850 pr.
637 1816 708 1844 ΒΑ.
739 1814 779 1843 35
817 1812 910 1853 Quid

118 1863 231 1895 erat,
270 1859 361 1900 quod
400 1857 603 1901 Capitonem
636 1858 786 1901 primum
826 1858 912 1889 scire

120 1903 309 1935 uoluerit
345 1907 364 1934 i.
396 1915 423 1935 e.
462 1915 519 1935 cur
549 1907 674 1935 voluit?
724 1908 769 1936 Cf.
811 1909 862 1935 Gr.
890 1908 912 1939 ξ

119 1948 195 1987 465,
222 1949 251 1979 2.
306 1948 365 1980 Pl.-
398 1953 628 1987 „scribendum
654 1957 726 1986 puto
755 1949 799 1983 Il.
826 1960 853 1981 e.
879 1960 911 1980 a.

117 1992 180 2036 yn?
219 1993 276 2024 Sic
304 2004 354 2025 me
376 2005 410 2036 p.
438 1999 462 2026 t.
485 2005 519 2036 p.
545 1994 575 2025 h.
604 1994 673 2028 E.“

165 2039 240 2070 669.
272 2039 420 2071 Reddite
450 2050 503 2070 me
534 2039 687 2071 Danais.-
724 2043 836 2072 Simile
866 2047 913 2071 est

118 2088 200 2116 illud
223 2089 282 2115 Ov.
309 2089 380 2116 Met.
409 2086 459 2122 13,
478 2086 520 2115 78
551 2084 656 2115 redde
679 2085 821 2117 hostem.

165 2131 240 2161 670.
273 2129 456 2173 Nunquam
493 2129 613 2167 hodie,
649 2138 680 2161 ut
726 2130 913 2172 Nunquam

118 2176 220 2207 hodie
261 2175 410 2218 effugies
449 2180 512 2207 Esel.
548 2176 583 2215 3,
611 2175 663 2207 49.
724 2175 912 2217 Nunquam

118 2221 221 2253 hodie
244 2221 405 2264 effugies,
430 2222 511 2263 quin
539 2231 616 2252 mea
635 2232 741 2252 mana
766 2221 914 2251 moriare

120 2269 265 2298 Naevius
289 2277 341 2304 ap.
363 2273 462 2299 Macr.
489 2268 519 2301 6,
551 2268 575 2298 l.
630 2267 704 2299 ,Υυιι
728 2266 913 2297 committet

119 2312 222 2344 hodie
244 2323 410 2354 unquam,
438 2313 559 2344 iterum
583 2317 620 2344 ut
639 2312 778 2355 vapulet
799 2316 833 2342 T.
850 2315 910 2342 Aa.

123 2359 155 2398 2,
181 2358 211 2394 1,
236 2360 266 2388 5.

166 2403 242 2434 672.
268 2403 401 2445 Aptare
433 2414 532 2435 arma
563 2414 659 2440 saepe
698 2405 736 2434 cf.
772 2402 830 2435 12.
858 2402 912 2432 83.

123 2467 162 2471 —-
219 2448 435 2480 Insertabam
482 2452 736 2487 „cunctationem
779 2450 913 2479 ostendit

121 2500 182 2526 hoc
206 2499 302 2525 verbo
327 2497 414 2529 eius,
452 2498 506 2532 qui
537 2506 595 2526 nec
622 2498 668 2525 ire
690 2498 730 2525 ad
758 2497 913 2531 proelium

122 2543 200 2571 velit
224 2550 283 2570 nec
306 2543 433 2571 domum
457 2544 653 2578 relinquere3
698 2543 746 2571 sic
769 2547 796 2570 ei
818 2542 914 2580 fere-

122 2586 200 2617 bam
225 2586 338 2616 dixit.·'·
367 2590 398 2616 S.

168 2630 243 2661 674.
271 2630 400 2667 „Patri
425 2633 541 2662 melius
564 2641 660 2668 quam
678 2630 790 2662 mihi“
817 2635 847 2661 S.
875 2632 914 2661 cf.

123 2677 176 2707 79.
227 2680 273 2707 De
301 2679 408 2707 dativo
435 2679 473 2707 cf.
499 2677 573 2707 688.

169 2722 245 2752 675.
272 2722 307 2753 in
353 2722 469 2753 omnia
516 2733 560 2753 sc.
601 2725 798 2752 discrimina.
862 2724 916 2753 Sic

122 2772 199 2799 Luc.
228 2768 285 2807 10,
316 2767 379 2797 461
413 2777 511 2808 quem
539 2767 634 2798 ducit
663 2767 697 2798 in
725 2766 840 2798 omnia
865 2777 916 2798 se-

123 2824 209 2844 cum.
242 2832 278 2835 —
305 2812 344 2843 Si
364 2812 541 2854 periturus
565 2812 652 2851 abis,
681 2817 741 2844 etc.
769 2818 816 2843 est
841 2823 916 2849 ..ar-

123 2865 233 2898 gutum
254 2862 406 2890 dilemma
430 2861 450 2888 i.
476 2869 503 2889 e.
531 2861 727 2897 complexio,
752 2868 834 2895 quae
859 2862 915 2889 ad-

123 2907 308 2937 versarium
332 2909 372 2935 ab
398 2911 531 2941 utraque
558 2911 646 2941 parte
675 2904 855 2936 conclutli1“
883 2909 914 2935 S.

172 2950 247 2981 678.
280 2949 344 2981 Cui
376 2947 578 2991 relinquor?
612 2960 655 2981 sc.
693 2954 762 2980 Non
786 2956 833 2980 est
859 2954 916 2981 du-

123 2998 221 3035 bium,
248 2998 326 3033 quin
354 3006 412 3034 ego
438 3002 467 3026 et
491 3001 581 3031 pater
609 3002 639 3026 et
662 2998 747 3026 filius
770 2998 853 3026 hosii
871 2999 917 3027 se-

123 3043 290 3073 rocissimo
316 3051 337 3073 a
359 3048 388 3072 te
412 3044 640 3077 relinquamur.
662 3059 699 3062 —
732 3040 918 3081 Quondam

126 3091 190 3119 tua
215 3086 331 3126 dicta3
366 3097 441 3118 nam
467 3097 564 3124 quum
595 3097 646 3118 me
670 3090 819 3127 deseras,
853 3090 919 3120 iam

957 1546 1013 1570 lua
1044 1548 1158 1570 revera
1193 1549 1255 1569 non
1288 1549 1378 1573 sum:
1415 1541 1463 1569 sic
1497 1540 1564 1568 Tib.
1596 1537 1679 1574 3,1,
1706 1538 1746 1568 23

957 1585 1040 1616 haec
1068 1584 1129 1616 tibi
1154 1584 1208 1615 vir
1233 1584 1405 1626 qnondam
1429 1584 1548 1615 mittit.

959 1664 1175 1695 iim—091.
1247 1662 1372 1694 Omine
1421 1661 1536 1693 oblato
1574 1660 1748 1695 Anchises

1182 1708 1368 1741 consilium
1401 1712 1520 1739 mutat.

1004 1770 1043 1798 Ut
1084 1769 1117 1797 in
1146 1769 1307 1802 Ascanio,
1348 1768 1396 1797 sic
1434 1768 1467 1795 in
1503 1769 1608 1797 Servii
1649 1769 1748 1798 Tullii

958 1815 1047 1850 pueri
1070 1815 1174 1849 capite
1200 1814 1325 1842 flamma
1355 1818 1523 1848 conspecta
1548 1814 1675 1843 futurae
1698 1823 1747 1843 re—

958 1862 1030 1894 giae
1057 1861 1222 1895 potestatis
1252 1860 1379 1896 signum
1401 1864 1446 1887 est
1470 1867 1520 1894 ap.
1547 1861 1619 1888 Liv.
1648 1859 1674 1892 1,
1692 1859 1744 1888 39.

958 1909 1044 1935 Idem
1068 1911 1218 1935 memorat
1241 1906 1274 1933 ἰιι
1298 1905 1477 1934 Masinissa
1501 1906 1557 1933 Sil.
1586 1904 1641 1940 16,
1674 1903 1746 1934 118.

1006 1961 1079 1991 680.
1111 1960 1230 1991 Subito
1255 1963 1377 2001 MPVy.
1403 1963 1458 1990 sed
1477 1971 1548 1991 cum
1572 1963 1664 1991 libris
1680 1960 1747 2001 Fy2

958 2014 987 2038 et
1029 2009 1141 2037 Servio
1182 2008 1287 2037 scribe
1333 2006 1506 2042 subitum‚·
1555 2009 1750 2037 adies-tivum

959 2056 1043 2084 enim
1066 2055 1241 2083 defenditur
1266 2055 1346 2083 loeis
1378 2051 1408 2081 8.
1432 2051 1485 2081 81.
1517 2055 1551 2082 G.
1577 2051 1607 2091 4,
1627 2051 1692 2081 554
1716 2058 1745 2082 el

959 2101 1153 2135 saepissime
1200 2102 1258 2129 hoc
1301 2100 1496 2128 adiectis-um
1541 2107 1561 2127 a
1609 2100 1748 2136 Virgilio

960 2146 1137 2181 praefertur
1160 2146 1313 2174 adverbio
1334 2145 1372 2173 ef.
1399 2142 1429 2174 4.
1453 2142 1528 2173 571.
1561 2142 1592 2181 7,
1617 2143 1668 2173 67.
1695 2143 1747 2173 95.

960 2189 1035 2219 4⁴5.
1064 2189 1138 2219 479.
1177 2194 1234 2218 (iv.
1260 2193 1302 2219 M.
1336 2188 1387 2227 13,
1413 2188 1489 2218 593.
1526 2191 1602 2219 Luc.
1634 2189 1660 2226 l,
1684 2188 1747 2218 312

959 2234 1056 2265 miles
1091 2232 1227 2264 subitus
1268 2237 1288 2263 i.
1321 2246 1346 2263 e.
1380 2236 1494 2269 raptim
1526 2240 1665 2265 coaetus.
1708 2252 1745 2256 -

960 2279 1052 2310 dictu
1078 2278 1235 2309 mirabile
1258 2284 1444 2310 monstrum
1467 2281 1505 2309 cf.
1533 2279 1563 2312 3,
1591 2279 1642 2310 26.

1005 2335 1079 2365 681.
1106 2345 1169 2376 que
1208 2337 1246 2366 ef.
1281 2323 1370 2365 592⁴
1409 2353 1447 2356 —
1494 2335 1586 2366 Inter
1625 2346 1749 2367 manus

959 2386 1038 2419 ,Aroe
1064 2388 1110 2411 est
1137 2384 1217 2411 inter
1239 2384 1442 2416 a1npleX11S.''
1466 2384 1497 2410 S.

1006 2438 1080 2468 682.
1114 2437 1215 2468 fisus
1233 2442 1364 2468 verbum
1388 2439 1420 2466 in
1440 2440 1574 2468 ostentis
1591 2441 1747 2468 sollemne

959 2487 996 2515 cf.
1024 2483 1099 2514 270.

1007 2541 1081 2570 653.
1110 2540 1207 2581 Ᾰρεπ
1233 2546 1279 2570 est
1306 2541 1431 2569 flamma
1457 2541 1489 2568 iu
1516 2538 1640 2575 apicem
1670 2548 1748 2570 acn-

959 2590 1097 2621 minata;
1123 2588 1170 2615 sie
1191 2596 1240 2622 ap.
1267 2589 1325 2615 ΟΥ.
1351 2589 1391 2614 Μ.
1422 2584 1472 2619 10.
1499 2585 1574 2615 279.
1601 2588 1690 2615 Pom.
1715 2585 1747 2625 4,

962 2633 997 2664 9.
1023 2632 1075 2662 54.
1115 2634 1200 2661 Fast.
1228 2631 1263 2662 6.
1295 2631 1359 2660 636
1391 2629 1493 2671 inque
1519 2640 1615 2660 coma
1641 2630 1750 2671 flam-

962 2688 1056 2709 meus
1096 2677 1183 2707 arsit
1218 2687 1315 2717 apex.
1373 2680 1419 2705 lia
1449 2686 1532 2712 apex
1562 2682 1591 2706 ei
1623 2678 1749 2707 flamma

961 2727 1104 2754 eiusdem
1124 2725 1169 2752 rei
1197 2725 1287 2752 varia
1313 2724 1440 2751 nomina
1463 2728 1550 2755 sunt:
1593 2724 1663 2752 Noli
1690 2733 1748 2758 pu-

962 2776 1028 2800 tare
1054 2776 1200 2805 gestasse
1226 2770 1404 2798 Ascanium
1431 2770 1555 2804 apicem
1584 2770 1616 2797 in
1645 2771 1750 2804 capite

963 2815 1014 2852 (8,
1041 2814 1136 2851 664).
1164 2816 1217 2849 qui
1242 2815 1373 2847 arseritz
1400 2815 1428 2843 is
1451 2816 1534 2843 enim
1560 2816 1680 2844 crinem
1704 2820 1748 2843 te-

962 2864 1081 2894 xissei.
1114 2862 1166 2895 qui
1190 2869 1250 2888 non
1275 2861 1390 2893 tegitur
1416 2862 1589 2889 secundum
1612 2870 1643 2889 v.
1672 2859 1747 2889 685.

966 2924 1002 2927 —
1040 2909 1134 2936 tactu
1171 2904 1334 2943 innoxia,
1371 2914 1452 2941 quae
1492 2908 1648 2943 tangendo
1687 2915 1750 2934 non

962 2959 1069 2987 nocem
1094 2952 1132 2980 vf.
1159 2954 1193 2979 G.
1222 2950 1251 2980 3.
1278 2949 1342 2979 416
1374 2949 1469 2980 mala
1495 2954 1591 2981 tactu
1618 2949 1750 2991 vipera.

962 3015 1008 3018 —
1030 2995 1144 3027 mollis
1162 2998 1219 3025 Mb*
1235 2999 1277 3025 al.
1299 2997 1380 3026 refer
1401 2999 1442 3026 ad
1465 3005 1596 3031 comas‚·
1623 2997 1750 3026 flamma

962 3045 1048 3073 enim
1072 3044 1137 3072 iam
1166 3045 1257 3071 habet
1288 3043 1500 3080 adjectivum,
1540 3044 1621 3078 quod
1649 3050 1750 3079 paene

963 3091 1047 3119 idem
1069 3088 1236 3125 siguificat.
1265 3104 1302 3108 --
1329 3085 1427 3118 molli
1445 3090 1480 3118 P.
