2023 3350
97 205 291 259 Namque
325 202 472 244 volans
509 200 641 242 rubra
676 201 816 243 fulvus
857 202 969 243 Iovis
1008 202 1097 244 ales
1133 203 1176 243 in
1213 201 1364 243 aethra

94 263 293 304 Litoreas
333 258 528 314 agitabat
566 272 664 300 aves
702 259 958 313 turbamque
992 264 1214 301 sonantem

96 320 287 374 Agminis
327 316 498 370 aligeri:
538 315 680 357 subito
723 331 853 370 quum
891 318 1037 371 lapsus
1072 317 1127 359 ad
1161 317 1299 359 undas

99 379 284 432 Cycnum
326 373 601 416 excellentem
640 374 819 428 pedibus
855 376 970 429 rapit
1001 374 1223 428 improbus
1261 375 1392 416 uncis.

94 436 302 477 Arrexere
338 431 503 473 animos
534 432 663 483 Itali,
694 437 956 487 cunctaeque
994 432 1187 474 volucres

95 493 356 536 Convertunt
394 489 583 531 clamore
623 490 768 544 fugam
799 516 856 522 —
883 489 1081 532 mirabile
1118 490 1210 531 visu

92 549 364 601 Aetheraque
399 546 631 589 obscurant
667 549 836 601 pennis,
874 548 1129 601 hostemque
1163 561 1239 600 per
1276 561 1404 588 auras

92 608 227 649 Facta
262 604 374 646 nube
409 609 609 658 premunt
644 605 780 648 donec
820 606 860 647 vi
901 606 1038 647 victus
1081 608 1122 646 et
1156 605 1249 658 ipso

92 663 284 706 Pondere
321 662 477 704 defecit
513 663 805 718 praedamque
841 678 893 705 ex
921 662 1135 716 unguibus
1176 662 1264 704 ales

90 721 276 764 Proiecit
312 720 460 771 fluvio,
494 722 750 775 penitusque
785 722 828 762 in
865 720 1015 762 nubila
1055 720 1177 774 fugit.

90 779 196 821 Tum
230 793 328 820 vero
370 779 597 833 augurium
634 779 782 821 Rutuli
820 779 1006 821 clamore
1038 778 1241 827 salutant,

88 836 418 891 Expediuntque
458 851 608 878 manus
621 851 630 889 ς

90 894 182 936 Hoc
216 898 326 944 erat,
365 894 462 945 hoc,
496 895 628 946 votis,
662 895 820 949 inquit,
865 894 981 948 quod
1020 907 1146 947 saepe
1185 891 1329 948 petivi.

680 86 917 120 AENEtDOS
942 89 1027 120 LlB.
1057 90 1135 122 xli.
1653 89 1733 127 599

1648 373 1730 412 250

1646 659 1728 697 255

670 838 916 891 primusque
951 836 1196 878 Tolumnius
1229 847 1378 885 augur,

939 967 1005 993 me
1042 951 1149 993 duce
1183 951 1345 992 ferrum
1645 944 1727 983 260

90 953 264 1006 Accipio
301 952 604 1006 adgnoscoque
649 953 772 1004 deos;
814 967 897 1003 me,

90 1010 322 1064 Corripite,
358 1024 381 1051 o
418 1011 580 1061 miseri,
618 1024 725 1065 quos
763 1010 985 1064 improbus
1019 1010 1184 1051 advena
1218 1007 1332 1049 bello

88 1068 278 1109 Territat
314 1068 525 1109 invalidas
563 1072 611 1110 ut
651 1082 750 1110 aves
784 1072 825 1109 et
861 1068 993 1109 litora
1034 1071 1175 1108 vestra

87 1126 140 1168 Vi
177 1125 369 1180 populat.
428 1126 551 1168 Petet
589 1126 661 1168 ille
698 1126 843 1180 fugam
882 1126 1138 1180 penitusque
1178 1120 1392 1178 profundo

85 1305 194 1331 tamen
217 1309 274 1336 pro
302 1298 451 1331 Iuturna
472 1302 679 1330 scribendum
709 1298 883 1330 Saturnia

86 1347 145 1384 (Ul
169 1344 219 1376 Pl.
231 1347 313 1376 coni.
328 1344 393 1376 Hic
414 1356 447 1376 α.
467 1355 510 1376 m.
532 1344 705 1375 Saturnia
717 1343 883 1385 iungit),

86 1395 145 1423 sed
172 1393 358 1422 Saturniam
386 1398 417 1422 ut
443 1393 474 1421 in
499 1401 560 1421 suo
584 1401 686 1427 regno
714 1384 880 1426 tate‘quid

84 1440 253 1468 moliretur
284 1440 439 1467 Iuturnae
472 1439 620 1467 dicemus
651 1437 881 1466 concessisse.

89 1483 208 1514 Maius
235 1491 341 1514 autem
363 1489 414 1514 est
438 1486 511 1518 hoc,
534 1492 629 1519 quam
660 1483 762 1519 prius,
796 1484 880 1517 quod

83 1531 172 1560 falso
196 1539 258 1559 suo
286 1535 414 1559 ostento
441 1531 575 1559 deorum
601 1529 713 1558 minuit
736 1529 828 1558 fidem
851 1533 882 1556 et

83 1577 323 1607 auctoritatem.

128 1631 206 1662 247.
233 1629 356 1662 aethra
380 1632 423 1662 cf.
443 1631 474 1669 3,
502 1631 579 1661 585.
601 1648 645 1652 —-
670 1629 751 1661 Ales
775 1639 880 1660 masc.

84 1680 194 1714 signat
225 1679 387 1716 aquilam,
426 1682 458 1707 ut
497 1684 548 1708 est
581 1678 692 1712 aquila
722 1675 879 1717 armiger

84 1726 176 1755 Iovis
202 1730 234 1754 ει
257 1721 416 1754 minister
438 1724 585 1753 fulminis
601 1726 678 1753 Hor.
702 1724 735 1753 C.
756 1721 832 1759 4,4‚
850 1722 877 1751 l.

84 1772 212 1801 Retinet
239 1775 347 1800 tamen
371 1778 477 1806 genus
498 1770 686 1799 femininum
715 1769 803 1804 alibi,
847 1760 878 1797 u't

84 1819 125 1847 A.
156 1817 183 1855 l,
209 1814 285 1845 394.
313 1818 374 1845 Ov.
404 1818 445 1845 M.
470 1814 501 1853 4,
525 1815 602 1848 362.
626 1815 678 1844 ubi
703 1815 786 1843 idem
806 1811 879 1842 ales-

86 1868 138 1893 εει
179 1864 217 1891 de
255 1862 377 1896 aquila.
427 1861 474 1891 cf.
507 1859 544 1899 4,
577 1861 652 1890 462.
704 1863 755 1890 Gr.
779 1860 811 1894 S.
838 1860 879 1888 77

87 1911 149 1939 An.
181 1906 210 1937 3.
261 1909 308 1937 De
347 1910 432 1937 bello
471 1908 566 1942 cycni
600 1912 630 1936 et
668 1907 799 1941 aquilae
840 1906 880 1934 cf.

89 1954 120 1991 1,
149 1953 225 1983 394.

133 2000 208 2030 250.
245 1998 396 2039 Cycnum
420 1995 653 2035 excellentem,
681 1997 883 2033 significatur

86 2050 228 2077 Turnus.
266 2061 309 2065 —
354 2042 533 2083 Improbus
565 2046 604 2074 de
630 2046 750 2079 quavis
777 2043 881 2071 hestia

86 2093 201 2123 voraci
225 2096 255 2120 ει
280 2091 409 2120 nocenti
432 2091 557 2120 dicitur.
599 2090 640 2119 cf.
672 2090 723 2125 10,
748 2089 825 2118 727.

131 2137 211 2168 252.
239 2139 445 2166 convertunt
476 2136 606 2177 fugam
641 2137 660 2165 i.
695 2145 722 2164 e.
758 2143 778 2164 a
801 2135 880 2168 fuga

86 2188 293 2214 reverientes
326 2191 421 2221 „eum
454 2184 598 2211 clamore
630 2179 800 2211 redeunt.⁸‘
846 2183 878 2211 S.

87 2233 137 2260 Ita
168 2230 200 2267 5,
228 2228 296 2260 582
333 2231 530 2257 convertere
565 2225 668 2257 viam.
722 2225 881 2257 Clamore

90 2281 199 2306 autem
224 2276 253 2305 fit
279 2274 467 2310 conversio,
494 2279 525 2304 ut
551 2279 638 2303 recte
654 2278 792 2309 ponatur
818 2273 882 2301 abl.

132 2321 210 2351 254.
235 2320 339 2359 facta
362 2318 453 2350 nube
475 2321 496 2350 i.
522 2329 549 2349 ε.
577 2322 796 2355 conglobatae
821 2319 882 2347 iin-

88 2373 198 2405 petutn
236 2368 375 2404 faciunt,
430 2374 495 2400 qua
533 2367 723 2395 incursione
767 2369 883 2394 coacta

90 2415 200 2449 aquila
225 2419 275 2443 est
300 2413 424 2441 mittere
448 2420 556 2441 avem.

134 2459 211 2489 256.
242 2456 384 2488 Penitus
413 2457 540 2487 videtur
577 2466 650 2487 cum
684 2459 883 2497 penetrare,

89 2513 212 2546 penus,
243 2502 389 2534 Penates
412 2503 561 2533 eiusdem
596 2512 675 2533 esse
704 2503 824 2532 radicis
852 2506 882 2530 et

93 2553 133 2582 ad
158 2553 266 2580 locum
288 2550 441 2584 refertur3
490 2550 538 2579 sic
569 2547 708 2589 penitus
742 2547 881 2578 diuersa

91 2598 133 2628 cf.
146 2597 179 2633 9,
208 2595 236 2625 l.
262 2597 315 2625 Sic
343 2593 483 2635 penitus
507 2593 700 2624 rescindere
718 2603 749 2624 v.
769 2594 882 2624 390et

89 2641 231 2685 penitus
252 2638 383 2681 reposti
404 2640 435 2678 6,
456 2640 510 2679 59,
536 2645 568 2669 ut
592 2650 655 2670 nos
674 2639 743 2678 tief
763 2638 798 2669 in
827 2638 883 2668 1η-

93 2687 192 2723 ἀίεης
236 2692 267 2716 ει
295 2687 321 2722 l,
345 2685 414 2715 200
436 2695 480 2716 ex
510 2687 672 2716 sententia
701 2687 806 2715 satius
833 2689 884 2714 est

93 2744 115 2765 a
131 2734 247 2764 Servio
266 2733 420 2762 recedere
445 2737 476 2761 et
492 2730 633 2772 penitus
655 2733 790 2768 iungere
811 2739 883 2760 cum

93 2777 251 2817 accestis,
275 2784 303 2808 et
334 2777 385 2815 ll,
409 2778 475 2807 623
498 2779 632 2812 iungere
657 2776 797 2818 penitus
821 2785 884 2806 non

93 2835 167 2857 cum
193 2822 305 2863 datis,
334 2824 394 2855 sed
417 2832 489 2853 cum
511 2822 726 2859 referuntur.
777 2824 825 2853 cf.
850 2825 887 2851 Ε.

96 2873 128 2911 1,
149 2872 192 2902 67
218 2873 290 2901 toto
313 2867 452 2910 penitus
478 2865 608 2898 divisos
641 2866 719 2898 orbe
745 2866 889 2898 Britan-

93 2925 167 2949 ποε.
217 2918 271 2946 Sic
299 2918 359 2945 Ov.
384 2919 425 2946 M.
450 2914 483 2952 2,
510 2914 573 2943 179
609 2915 721 2944 terras
747 2912 887 2954 penitus

94 2961 301 3005 penitusque
319 2960 471 2991 iacentes
500 2957 675 3000 despexi13
701 2959 767 2990 753
790 2961 890 2991 tanto

96 3007 237 3052 penitus
262 3005 372 3040 traxit
393 3003 549 3049 suspiria
573 3007 679 3036 motu.

975 1299 1053 1329 257.
1079 1297 1241 1328 salutant
1278 1290 1534 1335 „venei-antur,“
1575 1294 1608 1319 S.
1651 1296 1724 1317 eum

928 1345 1167 1375 acclamatione
1185 1351 1280 1372 omen
1305 1341 1480 1375 accipiunt.
1530 1337 1586 1366 Sil.
1605 1334 1637 1371 ⁶2,
1658 1332 1722 1362 411

927 1399 1023 1420 omen
1048 1387 1199 1418 clamore
1229 1385 1401 1417 salutant.
1454 1381 1543 1413 Deos
1569 1377 1726 1410 salutare

931 1445 988 1471 pro
1016 1435 1167 1464 venerari
1199 1434 1277 1463 dixit
1305 1434 1411 1461 Plaut.
1437 1431 1534 1459 Curc.
1559 1425 1591 1463 3,
1617 1425 1644 1462 1,
1671 1424 1722 1453 19.

930 1485 1003 1511 Ter.
1028 1484 1158 1510 phorm.
1189 1479 1221 1516 2,
1263 1479 1291 1517 l,
1314 1477 1369 1513 81,
1412 1483 1494 1510 quos
1532 1475 1627 1502 locos
1660 1472 1724 1500 iam

930 1531 1023 1557 Serv.
1055 1527 1235 1563 excitavit,
1273 1525 1339 1554 alii.
1373 1522 1420 1552 ef.
1453 1521 1533 1550 illud
1567 1515 1663 1547 salve
1692 1517 1725 1545 in

926 1574 1170 1609 precationibus
1192 1571 1225 1609 5,
1249 1569 1304 1599 80.
1342 1568 1453 1598 Rutuli
1479 1572 1599 1600 autem,
1624 1563 1725 1593 Turni

926 1621 1063 1657 milites,
1106 1620 1223 1655 ubique
1251 1620 1328 1647 sunt
1361 1619 1516 1644 auctores
1542 1610 1667 1640 Latinis
1695 1613 1725 1636 et.

925 1666 1040 1696 sociis.

970 1710 1048 1740 258.
1072 1706 1328 1749 expediuntque
1353 1713 1497 1735 manus:
1546 1701 1724 1740 „dimicare

925 1765 963 1786 se
991 1758 1079 1785 velle
1101 1754 1295 1789 significant.
1332 1754 1423 1782 Haec
1453 1750 1538 1779 enim
1565 1752 1614 1776 est
1643 1754 1724 1775 con-

927 1802 1039 1832 sensio
1077 1800 1238 1830 mililaris.
1285 1801 1411 1828 Lucan.
1444 1795 1494 1831 [l.
1519 1793 1606 1829 387)
1635 1788 1723 1821 Ela-

928 1850 1051 1888 tasque
1074 1845 1156 1883 alle,
1183 1852 1411 1885 quaecunque
1435 1839 1482 1870 ad
1507 1837 1600 1869 bella
1620 1846 1724 1867 voca-

926 1897 989 1930 ret,
1014 1890 1204 1933 promisere
1229 1890 1388 1920 πιαηιικέ*
1414 1891 1447 1917 S.

973 1950 1050 1979 259.
1079 1953 1187 1984 Saepe
1235 1948 1366 1981 aliquod
1402 1953 1497 1974 omen
1545 1944 1583 1971 de
1632 1941 1723 1970 exitu

927 1998 1024 2026 huius
1051 1996 1125 2024 belli
1149 1991 1238 2023 votis
1264 1989 1386 2034 petat,-
1431 1991 1514 2026 quod
1556 1989 1619 2017 iam
1660 1986 1723 2016 sini

927 2045 1071 2072 oblatum
1094 2045 1193 2076 putat.
1235 2044 1262 2069 et
1296 2038 1439 2073 explicat
1466 2036 1498 2064 in
1524 2042 1617 2064 suam
1643 2040 1722 2069 rem,

927 2094 958 2117 ει
983 2089 1026 2117 ita
1052 2092 1225 2123 accurate,
1266 2090 1298 2114 ut
1326 2083 1521 2113 Servianam
1548 2081 1637 2109 illam
1662 2086 1722 2107 ex-

927 2134 1137 2170 plicationem
1163 2133 1195 2169 2,
1220 2131 1286 2160 693
1312 2139 1354 2159 ex
1378 2128 1504 2163 virgilii
1538 2131 1644 2155 mente
1672 2124 1721 2153 fa-

926 2186 1010 2210 ctam
1041 2184 1203 2215 putemus.
1252 2180 1322 2206 Non
1352 2177 1457 2204 audeo
1486 2180 1590 2212 saepe
1614 2171 1722 2206 expli-

927 2235 1003 2256 care
1029 2234 1085 2261 per
1111 2222 1226 2260 valde,
1253 2227 1478 2262 magnopere.

972 2272 1049 2301 260.
1075 2268 1209 2311 accipio
1224 2278 1272 2299 sc.
1286 2276 1392 2303 omen,
1406 2266 1545 2295 formula
1559 2262 1721 2292 sollemni.

929 2322 976 2348 lta
1004 2319 1146 2353 simplex
1164 2312 1298 2355 accipio
1316 2313 1502 2348 supplenda
1520 2317 1603 2338 voce
1623 2315 1720 2336 omen

931 2367 990 2394 Ov.
1017 2367 1059 2392 Μ.
1084 2364 1116 2397 7,
1139 2362 1217 2399 620,
1241 2361 1402 2395 siquidem
1436 2360 1509 2386 loco
1544 2360 1593 2383 est
1627 2363 1720 2390 opus.

929 2427 973 2431 -—
997 2414 1106 2444 Neque
1136 2409 1168 2437 in
1195 2415 1386 2449 agnosco
1411 2401 1506 2438 deos,
1546 2409 1652 2435 neque
1678 2409 1721 2430 ex

930 2454 992 2486 hoc
1027 2458 1113 2491 erat,
1150 2451 1211 2483 hoc
1240 2449 1332 2493 quod
1364 2453 1426 2480 etc.
1456 2448 1666 2482 consequitur
1689 2448 1720 2476 id

928 2504 1019 2532 illum
1036 2502 1099 2530 sibi
1121 2508 1215 2529 omen
1230 2499 1401 2534 petivisse,
1422 2497 1481 2526 sed
1499 2501 1606 2525 tamen
1625 2501 1720 2522 omen

927 2549 1059 2583 aliquod
1085 2551 1219 2576 certum.
1748 2537 1754 2541 ’

974 2593 1051 2622 261.
1083 2590 1228 2621 ,wiser-os
1253 2592 1365 2624 habet,
1409 2589 1493 2622 quod
1526 2595 1587 2616 non
1620 2586 1720 2615 armis

930 2649 947 2670 a
969 2640 1011 2669 'se
1039 2639 1229 2668 servitutem
1243 2637 1440 2671 propellunt,
1466 2641 1562 2668 quum
1582 2632 1720 2668 possint.

973 2683 1051 2714 262.
1078 2692 1161 2723 quos
1185 2679 1324 2712 territat
1373 2682 1404 2709 et
1433 2676 1537 2708 litora
1559 2675 1719 2718 populat.

931 2732 979 2762 Cf.
1003 2728 1079 2759 944.
1526 2740 1528 2744 ν

976 2776 1053 2804 263.
1080 2771 1226 2814 populat
1251 2772 1417 2809 „antique‚
1440 2778 1514 2799 nam
1539 2774 1670 2798 veteres
1689 2772 1721 2797 ει

931 2819 1062 2863 populo
1087 2825 1116 2849 ει
1139 2815 1287 2859 populor
1312 2814 1496 2846 dicebanl.“
1527 2818 1559 2844 S.
1607 2815 1662 2844 Sic
1686 2813 1718 2851 4,

933 2866 1010 2897 403.
1044 2866 1074 2903 1,
1099 2865 1162 2894 527
1189 2867 1223 2894 G.
1254 2863 1283 2899 l,
1310 2862 1374 2892 185
1405 2868 1435 2891 et
1461 2861 1632 2897 passivum
1655 2869 1720 2898 po-

933 2909 1055 2954 pulari
1079 2916 1110 2940 et
1127 2906 1336 2950 depopulari
1356 2909 1427 2937 Liv.
1452 2907 1485 2945 3,
1513 2905 1544 2936 6.
1564 2923 1608 2927 ——-
1635 2903 1720 2935 Pro-

934 2955 1049 2996 fundo
1085 2954 1164 2988 vela
1194 2952 1281 2986 dare
1313 2955 1482 2990 singulare
1508 2957 1570 2992 est,
1602 2953 1721 2984 similia

931 3003 965 3043 3,
990 3004 1022 3034 9.
