2023 3350
259 145 341 185 398

822 139 857 171 P.
886 138 1077 171 leGan
1113 137 1326 172 MARONIS

258 255 346 296 Has
389 267 439 295 ex
472 264 593 293 more
627 250 783 304 dapes,
820 248 932 290 hanc
970 250 1084 291 tanti
1123 250 1306 292 numinis
1340 264 1460 292 aram

258 313 380 353 Vana
416 309 665 362 superstitio
709 310 986 360 veterumque
1026 307 1179 360 ignara
1217 308 1394 350 deorum

257 367 485 421 Imposuit:
525 366 679 416 saevis,
723 364 880 417 hospes
914 364 1118 415 Troiane,
1151 365 1324 418 periclis

259 424 425 467 Servati
467 423 648 464 facimus
690 422 953 475 meritosque
989 434 1198 462 novamus
1233 422 1425 463 honores.

256 483 347 524 Iam
382 481 566 534 primum
604 480 717 520 saxis
749 492 999 532 suspensam
1031 478 1141 519 hanc
1174 478 1348 532 adspice
1378 491 1550 532 rupem:

1820 479 1898 517 190

256 539 471 580 Disiectae
507 537 658 590 procul
694 540 743 577 ut
773 536 930 587 moles,
970 535 1228 588 desertaque
1267 537 1426 577 montis

257 596 354 638 Stat
390 595 560 645 domus,
602 597 644 636 et
677 593 844 646 scopuli
879 593 1096 646 ingentem
1127 596 1300 634 traxere
1338 593 1519 634 ruinam.

256 653 337 694 Hic
374 652 580 705 spelunca
619 651 717 702 fuit,
750 654 872 692 vasto
910 650 1110 691 submota
1147 664 1331 701 recessu,
1571 644 1577 650 ’

257 709 556 752 Semihominis
591 708 692 750 Caci
727 708 859 749 facies
895 721 1024 761 quam
1065 706 1161 748 dira
1187 707 1374 758 tenebat,

257 767 370 808 Solis
407 768 671 807 inaccessam
708 765 861 816 radiis3
902 778 1156 818 semperque
1194 766 1355 806 recenti

1821 764 1899 801 195

258 824 397 866 Caede
430 823 605 876 tepebat
642 823 814 873 humus,
849 822 1102 875 foribusque
1138 822 1282 863 adfixa
1317 821 1514 876 superbis

257 882 345 923 Ora
386 881 526 922 virum
564 880 680 922 tristi
719 879 965 933 pendebant
998 878 1164 933 pallida
1203 879 1318 920 tabo.

257 939 368 980 Huic
406 941 597 979 monstro
641 937 854 979 Volcanus
891 940 985 978 erat
1021 940 1162 990 pater:
1194 937 1309 978 illius
1348 939 1467 978 atros

256 996 341 1038 Ore
377 1009 548 1037 vomens
585 995 706 1047 ignes
748 1008 906 1047 magna
941 1008 986 1036 se
1021 994 1134 1035 mole
1170 993 1350 1035 ferebat.

255 1053 414 1095 Attulit
444 1057 487 1094 et
522 1052 648 1093 nobis
686 1051 918 1105 aliquando
962 1051 1213 1104 optantibus
1247 1055 1368 1092 aetas

994 1109 1105 1149 Nam
1141 1109 1352 1150 maximus
1388 1107 1518 1159 ultor,

257 1111 475 1152 Auxilium
506 1109 820 1162 adventumque
855 1109 935 1150 dei.

1819 1054 1902 1092 200

256 1167 498 1220 Tergemini
530 1179 633 1207 nece
668 1165 891 1220 Geryonae
923 1166 1157 1219 spoliisque
1195 1165 1419 1220 superbus,

256 1224 429 1266 Alcides
465 1223 634 1275 aderat,
670 1226 905 1276 taurosque
941 1223 1023 1264 hac
1055 1224 1195 1264 victor
1230 1223 1388 1276 agebat

258 1395 320 1421 quo
348 1386 432 1415 facto
459 1386 591 1414 Herculi
624 1392 682 1414 ara
708 1385 851 1413 maxima
883 1389 1057 1413 exstructa

257 1433 310 1469 sit,
336 1436 467 1460 narrant
494 1431 652 1465 imprimis
672 1431 742 1459 Liv.
773 1430 799 1466 1,
827 1430 855 1458 7.
885 1431 943 1457 Ov.
965 1432 1055 1458 Fast.

260 1478 295 1513 l,
323 1477 388 1506 543
415 1486 463 1511 sq.
490 1478 586 1511 Prop.
616 1475 653 1513 4,
689 1477 719 1504 9.
770 1475 850 1504 caci
876 1483 995 1503 nomen
1021 1477 1054 1503 S.

258 1524 387 1552 deducit
410 1530 429 1550 3
454 1516 575 1556 κιῖκός.
623 1522 677 1550 Sic
703 1527 923 1555 opponeretur
947 1522 1059 1548 Euan-

257 1571 347 1603 dros,
374 1571 479 1596 bonus
497 1567 558 1602 vir,
579 1569 676 1595 malo.
727 1566 901 1595 Grotefend
920 1567 952 1594 111
971 1569 1057 1595 Geo-

257 1616 372 1649 graph.
400 1613 521 1641 veteris
548 1613 662 1640 ltaliae
688 1610 727 1649 3,
751 1611 795 1639 26
822 1619 894 1640 cum
921 1604 1059 1645 καπνός

258 1664 348 1696 putat
379 1661 569 1687 cohaerere.

307 1703 380 1732 1⁸6.
406 1701 470 1732 has
489 1711 529 1731 es
546 1709 638 1731 more
660 1699 769 1740 dapes
786 1701 827 1729 cf.
846 1702 886 1729 ad
908 1699 957 1737 ll,
980 1698 1056 1728 464.

308 1749 383 1778 189.
408 1746 548 1777 meritos
581 1750 726 1775 honores
754 1746 795 1775 cf.
828 1747 868 1774 ad
894 1746 934 1782 3,
980 1745 1055 1773 lle.

255 1810 301 1814 -—-
332 1793 508 1823 Rouamus
532 1794 652 1826 quovis
686 1800 782 1821 anno.
832 1793 922 1819 Haec
948 1796 1058 1819 autem

256 1845 307 1869 est
329 1839 476 1868 Evandri
499 1838 681 1867 sententia:
709 1841 804 1874 „Non
829 1837 903 1864 ideo
930 1837 1058 1865 Hercu-

254 1888 319 1915 lem
347 1886 500 1920 colimus,
526 1889 579 1913 aut
607 1884 683 1918 11013
710 1890 838 1911 omnem
864 1882 1057 1916 religionem

257 1939 369 1959 veram
407 1936 576 1965 putamus,
610 1930 717 1964 (vana
749 1926 962 1962 superstitio)
1002 1932 1057 1955 aut

257 1977 334 2011 quia
367 1977 448 2003 deos
477 1976 671 2009 ignoramus
703 1975 868 2007 antiquos.
918 1974 1057 2001 Cautum

256 2023 342 2050 enim
370 2021 475 2049 fuerat
496 2025 524 2048 et
553 2028 605 2054 ap.
626 2020 850 2047 Athenienses
877 2023 908 2046 et
935 2019 1057 2046 Roma-

255 2075 336 2101 nos,
370 2074 409 2093 ne
442 2065 515 2099 quis
541 2072 648 2093 novas
676 2065 896 2092 introduceret
924 2063 1057 2097 religio-

257 2112 351 2140 nes.‘'·
380 2115 411 2139 S.
462 2110 578 2138 Omnia
602 2115 710 2138 autem
738 2118 781 2137 ex
799 2108 957 2137 Romanis
987 2116 1057 2136 mo-

257 2157 346 2185 ribus
380 2156 578 2190 explicanda
618 2163 698 2183 esse
735 2155 799 2183 iarn
834 2155 954 2182 dictum
994 2159 1055 2182 est.

257 2202 409 2230 Profecto
442 2203 557 2230 mirum
599 2205 725 2235 poterat
766 2200 871 2227 videri
907 2201 1055 2227 Romano

255 2247 388 2283 homini,
414 2248 499 2281 quod
521 2249 648 2274 Graeco
675 2246 767 2273 heroi
783 2247 906 2273 Romae
928 2250 1054 2273 structa

255 2298 416 2321 eratum
448 2290 622 2327 maxima,
661 2292 701 2319 ad
735 2298 831 2325 quam
866 2291 1056 2324 singulares

255 2338 357 2373 aliqui
381 2337 495 2365 flebant
521 2337 614 2365 ritus.
662 2338 778 2370 Itaque
802 2341 912 2364 narrat
937 2338 1056 2370 vulga-

255 2388 320 2411 tam
347 2384 385 2410 de
409 2384 496 2412 Caco
517 2383 709 2415 interempto
734 2382 890 2409 fabulam.
941 2383 1053 2414 seque

255 2434 354 2463 poeta
382 2432 508 2462 poterat
540 2428 634 2461 sequi
661 2428 777 2461 aliam,
812 2427 875 2454 0151
902 2429 1056 2454 exstabat

257 2475 335 2510 alia,
360 2481 424 2507 qua
451 2475 626 2509 „Gar-anus
648 2472 752 2499 fuerat
781 2477 893 2505 pastor
917 2478 1056 2505 magna-

255 2527 325 2547 rum
353 2519 481 2553 virium,
510 2518 565 2552 1101
585 2520 708 2546 Cacum
734 2516 868 2544 afflixit*
895 2519 927 2544 S.
955 2518 994 2544 ad
1022 2524 1054 2544 v.

254 2563 332 2592 203.
382 2564 479 2597 Apud
506 2564 584 2592 Aur.
613 2563 695 2591 Vict.
724 2561 744 2589 6
771 2567 819 2590 051
849 2563 1053 2589 [1003131105.

256 2611 347 2643 Quae
373 2610 505 2637 nomina
541 2616 559 2637 a
585 2609 727 2643 gerendo
760 2608 963 2634 deducuntur
994 2615 1056 2634 ex-

254 2655 498 2690 plicanturque,
533 2661 589 2688 per
620 2650 834 2691 redemptor,
866 2649 1056 2680 restitutor.

256 2701 365 2734 Quare
390 2699 621 2728 anniversaria
647 2704 747 2727 sacra
777 2705 798 2725 3
823 2702 990 2733 praetore,
1024 2701 1054 2725 et

254 2745 442 2779 triumphali
467 2745 518 2772 die
542 2747 581 2773 ab
605 2745 801 2778 imperatore
824 2743 1054 2771 extraordina-

255 2791 304 2818 ria
315 2791 578 2819 instituebantur.
603 2791 718 2823 Itaque
737 2796 834 2823 quum
849 2788 1055 2823 triumphanti

256 2837 315 2864 deo
343 2843 362 2863 a
388 2836 556 2863 iuventute
583 2839 611 2862 et
639 2836 720 2863 11000
740 2838 813 2869 post
833 2838 958 2868 partam
983 2834 1054 2863 vic-

256 2882 370 2909 toriam
396 2888 495 2909 sacra
529 2881 657 2908 fierent:
695 2884 811 2914 postea
845 2880 962 2907 Graeci
1000 2880 1052 2908 his

255 2927 362 2954 saeris
395 2928 537 2954 subesse
563 2927 738 2954 Herculem
761 2932 857 2953 suum
885 2926 1052 2961 putabant,

256 2975 284 2997 01
312 2972 460 3007 Romani,
488 2976 518 2999 01
541 2976 631 2999 013111
650 2971 805 3005 propensi
825 2971 865 2997 ad
890 2971 1052 3004 recipien—

257 3016 316 3043 das
339 3018 540 3046 Graecorum
566 3016 714 3053 fabulas,
747 3015 844 3045 facile
876 3017 1050 3045 credebant

1103 1385 1270 1420 egregium
1304 1385 1409 1413 omnis
1443 1384 1643 1419 antiquitatis
1673 1387 1805 1414 heroem
1835 1385 1904 1412 Ro-

1104 1438 1188 1459 mam
1215 1431 1352 1459 venisse
1383 1431 1490 1465 ibique
1527 1430 1706 1465 reliquisse
1739 1430 1903 1465 potentiae

1104 1484 1187 1505 suae
1215 1477 1421 1504 documenta.

1154 1522 1225 1550 190.
1252 1529 1456 1561 suspensam
1489 1520 1609 1558 „quasi
1659 1521 1725 1550 iam
1772 1520 1904 1555 iamque

1103 1567 1307 1602 lapsurani.“
1334 1570 1366 1595 S.

1154 1613 1225 1640 192.
1254 1615 1390 1642 traxere
1415 1609 1553 1639 ruinam
1579 1610 1620 1639 cf.
1645 1609 1686 1648 2,
1713 1608 1791 1638 466.
1839 1606 1906 1638 ad-

1104 1656 1214 1697 spice,
1240 1660 1277 1687 ut
1305 1659 1374 1686 stat
1400 1657 1440 1685 cf.
1467 1657 1503 1694 6,
1528 1656 1605 1684 780.

1154 1702 1226 1731 193.
1255 1706 1353 1731 vasto
1367 1701 1523 1731 submota
1543 1709 1697 1730 recessu.-
1719 1700 1759 1728 cf.
1774 1699 1806 1737 2,
1824 1699 1904 1729 300.

1105 1749 1163 1776 Ov.
1191 1755 1222 1775 v.
1246 1748 1313 1776 555
1333 1746 1450 1788 longis
1461 1744 1626 1787 spelunca
1645 1743 1833 1774 recessibus
1850 1743 1905 1773 in-

1104 1801 1193 1833 gens
1219 1791 1351 1822 abdita.

1155 1837 1227 1866 19⁴.
1256 1834 1492 1866 semihominis
1535 1836 1685 1873 „feritate
1724 1833 1903 1870 corrupti.“

1105 1886 1138 1912 S.
1188 1885 1236 1911 De
1263 1888 1365 1911 metro
1390 1883 1430 1911 cf.
1451 1881 1482 1919 4,
1509 1881 1587 1911 686.
1613 1897 1658 1901 —
1687 1878 1771 1910 Caci
1787 1878 1904 1917 jacies

1106 1928 1145 1957 cf.
1170 1930 1210 1957 ad
1233 1929 1264 1965 4,
1295 1928 1366 1956 132.
1418 1925 1568 1957 tenebat.
1615 1927 1680 1955 Sed
1699 1923 1763 1955 Rb.
1784 1926 1811 1962 1,
1836 1925 1904 1954 285

1104 1979 1263 2003 memorat
1291 1975 1324 2002 111
1347 1975 1436 2002 MPR
1466 1981 1544 2001 esse
1577 1970 1719 2013 tegebat
1751 1972 1904 2005 additque

1105 2021 1214 2056 „quod
1239 2021 1389 2054 recipere
1413 2018 1593 2047 debeham“
1612 2022 1643 2046 et
1671 2025 1700 2052 p.
1730 2015 1795 2045 307
1821 2018 1903 2054 „du-

1104 2066 1198 2093 bitari
1231 2070 1356 2101 potest,
1398 2070 1469 2093 0113
1500 2065 1610 2092 verior
1644 2063 1686 2092 sit
1715 2060 1904 2098 scriptura“

1105 2119 1211 2144 neque
1238 2112 1271 2139 in
1297 2112 1347 2139 ed.
1367 2111 1493 2138 minore
1521 2109 1654 2144 recepit.

1156 2156 1228 2184 195.
1255 2154 1469 2184 inaccessum
1498 2155 1539 2183 cf.
1564 2155 1602 2191 7,
1633 2153 1683 2181 ll.

1156 2201 1228 2229 196.
1247 2199 1389 2238 foribus
1422 2197 1579 2239 superbis
1611 2199 1651 2227 cf.
1685 2199 1726 2227 ad
1755 2196 1793 2234 2,
1825 2196 1902 2226 504.

1102 2262 1147 2266 —-
1171 2247 1274 2281 Quasi
1299 2247 1420 2281 spolia,
1447 2252 1532 2279 quae
1552 2246 1584 2273 in
1609 2244 1737 2273 foribus
1757 2251 1904 2278 suspen-

1105 2294 1181 2320 dere
1209 2300 1280 2320 mos
1306 2297 1394 2329 erat,
1418 2291 1458 2319 cf.
1483 2291 1515 2327 7,
1544 2289 1607 2318 183
1633 2290 1818 2318 occisorum
1846 2296 1904 2317 ca-

1103 2339 1228 2366 davera
1259 2337 1369 2368 affigit.
1417 2337 1504 2364 ldem
1531 2340 1640 2364 narrat
1668 2336 1728 2364 Ov.
1760 2341 1790 2362 v.
1824 2333 1903 2362 557.

1154 2382 1225 2410 197.
1249 2380 1391 2421 pallida
1421 2385 1505 2410 MSS.
1532 2379 1714 2420 squallida
1739 2379 1806 2408 Ml.
1837 2386 1903 2407 rec.

1106 2425 1169 2456 ΠΙ).
1200 2428 1231 2455 in
1259 2428 1308 2455 ed.
1346 2427 1419 2455 min.
1451 2427 1516 2454 iam
1548 2431 1647 2455 antea
1678 2427 1848 2460 probatum
1884 2431 1906 2453 a

1102 2473 1251 2501 Bentleio
1281 2477 1310 2500 01
1341 2469 1393 2500 Pl.
1443 2473 1507 2500 Sed
1542 2469 1626 2511 Wg.
1659 2473 1723 2499 hoc
1757 2472 1905 2499 vocabu-

1100 2520 1167 2546 lum
1196 2518 1313 2552 uhique
1339 2525 1401 2546 uno
1426 2519 1437 2545 l
1465 2517 1566 2546 scribi
1591 2517 1738 2545 affirmat.

1147 2574 1225 2603 200.
1252 2576 1283 2604 et
1312 2572 1428 2612 nobis,
1453 2579 1485 2603 ut
1511 2574 1586 2602 aliis
1608 2573 1772 2608 gentihus.

1147 2630 1224 2659 201.
1254 2629 1433 2660 Auxilium
1452 2631 1613 2665 quomodo
1630 2630 1695 2666 fiat,
1719 2628 1905 2663 explicatur

1102 2684 1160 2711 per
1184 2674 1373 2705 aduentum
1402 2675 1442 2704 cf.
1469 2675 1548 2704 220.
1580 2675 1648 2703 289
1671 2679 1700 2703 01
1724 2680 1902 2702 excursum

1102 2723 1141 2749 ad
1170 2723 1188 2750 l.
1229 2721 1253 2750 l.
1281 2737 1326 2740 —
1354 2719 1530 2750 maximus
1554 2717 1658 2749 ultor.
1706 2719 1760 2747 Sic
1793 2719 1903 2746 Luca-

1101 2775 1163 2795 nus
1186 2765 1223 2805 4,
1257 2766 1325 2795 610
1355 2768 1529 2795 Herculem
1563 2766 1638 2794 dicit
1667 2766 1779 2793 terras
1806 2771 1903 2792 mon—

1100 2810 1182 2842 stris
1207 2820 1404 2852 acquorque
1425 2810 1608 2840 levantem.

1145 2868 1225 2898 202.
1251 2865 1439 2909 tergemini
1466 2867 1508 2896 cf.
1533 2867 1564 2903 6,
1590 2864 1668 2895 286.
1693 2880 1737 2885 ·—-
1761 2861 1902 2903 spoliis-

1100 2923 1164 2953 que
1185 2912 1354 2953 superbus
1375 2913 1415 2942 cf.
1441 2913 1479 2951 5,
1503 2911 1580 2941 268.
1603 2926 1647 2930 —-
1669 2911 1718 2939 De
1743 2911 1898 2944 Geryone

1099 2960 1141 2988 cf.
1166 2960 1203 2996 τ,
1230 2959 1306 2988 662.

1144 3015 1222 3045 203.
1250 3013 1360 3045 victor
1385 3014 1426 3044 cf.
1450 3012 1526 3042 362.
