2023 3350
317 143 396 182 276
886 140 923 172 P.
950 140 1148 174 vaiLu
1174 141 1386 177 MARouls

316 255 422 295 Pars
463 251 626 293 calidos
665 251 815 293 latices
856 255 899 293 et
943 265 1051 295 aena
1084 254 1294 297 undantia
1328 256 1512 299 flammis

316 309 562 363 Expecliunt
597 322 839 362 corpusque
871 309 1019 351 lavant
1055 310 1253 364 frigentis
1287 317 1330 354 et
1364 317 1581 368 unguunt;

316 368 385 408 Fit
419 366 614 419 gemitus.
675 365 782 406 Tum
818 366 1013 408 membra
1043 370 1143 409 toro
1186 368 1342 411 defleta
1380 375 1594 426 reponunt

1877 372 1960 412 220

315 425 645 476 Purpureasque
682 436 810 476 super
842 427 998 476 vestes,
1038 425 1251 467 velamina
1288 431 1406 481 nota,

318 480 573 521 Couiiciunt.

631 479 738 521 Pars
777 480 941 533 ingenti
976 480 1147 523 subiere
1185 482 1357 535 feretro,

315 537 455 578 Triste
496 535 798 589 ministerium,
840 542 883 579 et
918 537 1156 581 subiectam
1188 553 1307 581 more
1345 544 1572 594 parentum

316 594 466 635 Aversi
506 597 682 636 tenuere
720 593 870 636 facem.
933 595 1149 650 Congesta
1188 601 1434 639 cremantur

315 652 455 692 Tui-ea
496 651 629 702 (lona,
677 650 828 705 dapes,
871 651 967 694 fuso
1007 657 1196 695 crateres
1238 654 1362 696 olivo.

1878 656 1960 695 225

316 709 554 761 Postquam
595 708 776 763 collapsi
816 709 979 752 cineres
1021 714 1064 752 et
1096 710 1271 753 flamma
1307 711 1482 765 quievit,

315 766 536 818 Reliquias
574 766 670 806 vino
713 770 755 808 et
795 765 989 809 bibulam
1030 768 1174 810 lavere
1211 768 1416 821 favillam,

316 824 511 876 Ossaque
544 823 658 864 lecta
690 823 798 865 caclo
837 825 946 866 texit
987 825 1230 880 Corynaeus
1267 840 1386 868 aeno.

315 880 432 921 Idem
465 883 534 922 ter
564 880 702 922 socios
734 895 846 934 pura
884 882 1148 925 circumtulit
1182 883 1310 935 unda,

317 937 531 991 Spargens
562 950 662 979 rore
694 937 777 979 levi
814 942 857 980 et
893 953 1014 982 ramo
1051 940 1189 982 felicis
1229 940 1379 992 olivae,

1878 939 1961 979 230

315 995 624 1049 Lustravitque
661 995 775 1037 viros
812 995 1006 1051 dixitque
1042 998 1274 1040 novissima
1308 996 1451 1040 verba.

317 1053 374 1093 At
412 1052 508 1105 pius
547 1053 713 1095 Aeneas
748 1053 914 1108 ingenti
955 1054 1069 1097 mole
1104 1055 1350 1110 sepulcrum

363 1177 438 1208 219.
466 1177 589 1210 lavant
615 1182 647 1209 et
674 1183 824 1221 ungunt.
874 1183 934 1217 Qui
955 1184 987 1212 id
1010 1183 1112 1213 facie-

316 1228 403 1263 bant,
431 1227 516 1260 apud
543 1227 707 1255 Romanos
731 1227 917 1257 dicebantur
942 1229 1112 1264 pollincto-

316 1280 377 1300 res.

363 1315 438 1345 220.
465 1317 583 1345 Vestes
618 1325 816 1356 purpureae,
850 1318 968 1354 quibus
997 1320 1113 1355 tegitur

317 1370 433 1397 corpus
459 1362 594 1399 mortui,
631 1367 848 1392 memorantur
877 1368 912 1392 ut
935 1372 988 1393 res
1012 1365 1113 1394 notis-

317 1408 422 1436 simae
446 1414 496 1442 ap.
522 1408 596 1436 Liv.
618 1405 672 1445 34,
691 1408 711 1436 7
735 1413 765 1437 et
792 1409 980 1438 Ciceronem
1006 1419 1032 1439 c.
1060 1408 1113 1439 23.

362 1450 438 1481 221.
471 1450 655 1482 Velamina
685 1455 770 1483 nota
800 1459 834 1483 ut
866 1451 920 1492 11,
947 1452 1010 1483 195
1040 1463 1115 1484 mu-

316 1505 402 1526 nera
428 1500 533 1533 nola,
576 1498 596 1527 i.
623 1507 650 1527 e.
680 1507 816 1534 quorum
844 1500 949 1529 fuerat
978 1501 1012 1529 in
1044 1502 1114 1530 vita

315 1551 407 1572 usus.
455 1545 654 1573 Mortuerum
686 1549 796 1574 vestes
828 1546 862 1573 in
893 1554 1006 1582 rogum
1036 1547 1113 1575 inii·

317 1597 388 1617 cere
408 1596 478 1617 mos
503 1593 571 1618 erat
594 1590 632 1619 cf.
652 1590 730 1619 Luc.
754 1588 784 1626 9,
806 1588 879 1619 175.
930 1592 1012 1626 Quin
1034 1600 1112 1620 suas

316 1635 414 1663 etiam
439 1634 579 1663 iniecere
601 1637 748 1671 lugentes
774 1640 803 1664 et
825 1643 917 1666 arma
941 1639 1027 1666 Suet.
1048 1639 1110 1666 Iul.

316 1678 376 1714 843
402 1680 499 1708 etiam
521 1687 647 1718 aurum,
668 1686 847 1717 argentum,
870 1691 1015 1718 gemmas
1030 1685 1109 1712 Stat.

316 1726 413 1753 Theb.
445 1723 475 1763 6,
499 1723 574 1763 207,
602 1730 632 1754 et
656 1726 764 1755 crines
787 1731 816 1756 et
841 1730 959 1757 barbas
985 1726 1015 1766 6,
1040 1726 1112 1765 194,

362 1778 438 1809 222.
468 1779 613 1810 Subiere
634 1780 778 1819 feretro,
806 1788 841 1812 ut
866 1786 1026 1821 honorem,
1051 1793 1112 1819 quo

315 1831 474 1855 mortuum
498 1828 653 1865 colerent,
691 1830 903 1858 ostenderem.
952 1831 1006 1859 Sic
1032 1831 1114 1859 Cae-

316 1872 403 1901 saris
428 1874 567 1909 „lectum
592 1881 648 1907 pro
671 1874 785 1902 rostris
814 1875 847 1903 in
874 1875 976 1904 forum
1008 1877 1113 1912 magi-

315 1922 437 1947 stratus
473 1922 503 1947 et
539 1919 714 1947 honoribus
754 1920 855 1949 functi
896 1920 1111 1959 detulerunt,*²

316 1966 402 1991 Suet.
434 1965 494 1992 Iul.
520 1961 583 1999 843
625 1968 655 1992 et
680 1972 731 1999 ap.
759 1967 833 1995 Tac.
859 1967 901 1994 A.
932 1964 964 2003 1,
991 1964 1011 1994 8
1037 1975 1113 1996 con-

316 2011 457 2037 clamant
484 2013 610 2047 patres,
637 2018 753 2044 corpus
782 2010 967 2047 [Augusti]
995 2014 1037 2041 ad
1061 2021 1113 2042 ro-

314 2063 390 2090 gum
431 2055 574 2083 humeris
617 2060 802 2085 senatorum
845 2057 1020 2087 ferendum.
1072 2074 1109 2078 —

317 2097 444 2128 Subire
469 2109 495 2129 c.
519 2101 581 2128 (lat.
605 2097 635 2138 8,
659 2097 734 2129 123.

360 2152 436 2183 223.
468 2153 581 2185 Triste
605 2154 833 2186 ministerium
861 2159 882 2188 i.
905 2168 931 2188 e.
958 2161 1040 2195 quod
1062 2169 1113 2189 es-

315 2206 363 2230 set
399 2202 490 2229 triste
527 2202 753 2231 ministerium.
805 2203 852 2233 Cf.
887 2202 945 2241 11,
973 2203 1025 2234 76.
1069 2221 1108 2225 -

315 2247 498 2275 Sublicium
532 2256 606 2284 rogo
640 2248 749 2284 face-S,
785 2249 902 2284 quibus
926 2251 1110 2288 incendant,

315 2293 370 2320 sed
395 2293 525 2321 aversis
549 2294 671 2330 oculis3
708 2294 803 2329 idque
827 2304 914 2325 more
938 2297 1107 2326 maiorum.

315 2338 626 2372 ,propinquioribus
663 2339 749 2368 enim
780 2340 890 2370 virilis
919 2350 1019 2371 sexus
1051 2345 1111 2372 hoc

314 2384 451 2411 (labatur
476 2383 647 2413 officiumst*
668 2387 699 2413 S.

360 2436 436 2467 224.
469 2438 665 2480 Congesta,
703 2448 777 2470 nam
805 2442 928 2478 singuli
960 2451 1001 2471 ex
1025 2443 1111 2471 onini

314 2486 431 2519 populo
466 2493 599 2514 munera
630 2486 781 2515 ferebant.
847 2487 893 2516 cf.
930 2490 1015 2516 Suet.
1048 2490 1109 2516 Iul.

313 2527 366 2557 sl.
396 2534 423 2558 et
441 2531 523 2559 Aen.
539 2530 569 2568 5,
591 2528 663 2559 101.
690 2533 768 2560 Stat.
784 2533 880 2560 Theb.
900 2531 929 2567 6,
954 2531 1023 2561 126.
1052 2534 1109 2562 Sil.

315 2574 368 2610 16,
395 2574 470 2603 308.
517 2591 554 2595 —
601 2573 702 2604 Dona
735 2577 897 2615 dicuntur,
938 2585 1020 2612 quae
1048 2579 1111 2607 diis

313 2620 486 2650 offeruntur
510 2621 542 2659 5,
570 2619 642 2650 101.
669 2623 702 2650 G.
728 2621 758 2660 3,
785 2620 837 2650 22.

361 2674 436 2704 225.
468 2674 584 2717 Dapes
603 2678 769 2709 dicuntur.
808 2686 890 2713 quae
915 2680 978 2707 diis
1002 2681 1109 2709 Mani-

313 2723 373 2749 bus
408 2722 596 2758 offeruntur;
639 2721 675 2761 3,
701 2721 778 2752 301.
818 2724 855 2761 5,
882 2722 900 2752 9
941 2730 1013 2754 sunt
1051 2733 1108 2755 eae

313 2768 393 2803 mel,
420 2768 548 2805 viuum,
576 2770 642 2805 lac,
683 2771 718 2798 E.
749 2769 779 2806 5,
813 2768 853 2797 66
886 2771 955 2807 lac,
981 2771 1105 2807 vinum.

313 2813 428 2841 oleum.
488 2814 550 2848 Ap.
589 2816 668 2842 Stat.
700 2815 796 2843 Theb.
837 2812 901 2842 209
941 2816 973 2843 in
1012 2817 1104 2852 ignes

312 2858 527 2887 coniiciuntur
549 2867 674 2897 crocus,
692 2864 755 2895 tus,
774 2862 847 2896 mel,
872 2868 1005 2898 merum,
1028 2869 1104 2891 san-

311 2903 401 2937 guis,
432 2905 500 2938 lac;
538 2904 579 2932 A.
604 2901 656 2941 11,
680 2902 742 2933 199
768 2905 802 2933 in
824 2905 984 2935 flammam
1010 2907 1104 2943 iugu-

312 2949 420 2976 lantur
442 2950 592 2982 pecudes.
620 2965 657 2969 —
683 2951 842 2988 Crateres‚
868 2953 937 2980 oleo
959 2953 1045 2987 pleni
1071 2953 1105 2981 in

312 2993 403 3024 ignes
435 2994 664 3024 coniiciuntur:
701 2996 796 3032 „Diis
827 2997 954 3031 superis
981 3002 1104 3026 tantum

313 3036 472 3073 libabunt,
510 3039 623 3068 inferis
659 3049 733 3069 vero
765 3042 982 3072 sacrificantes
1007 3043 1103 3072 etiam

1159 1191 1244 1214 vasa
1277 1185 1310 1213 in
1340 1185 1447 1220 ignem
1480 1179 1680 1213 mittebant.“
1707 1184 1738 1211 S.
1791 1177 1844 1210 Pl.
1876 1181 1959 1210 coni.

1166 1228 1202 1259 C.
1230 1238 1275 1258 cr.
1306 1227 1437 1258 L'ltima
1462 1227 1555 1258 :lona
1577 1235 1681 1268 super
1699 1226 1785 1266 fuso
1812 1233 1860 1256 cr.
1885 1235 1915 1256 ο.

1207 1272 1284 1303 227.
1310 1276 1458 1304 Lavatur
1478 1274 1599 1304 favilla
1622 1273 1701 1303 vino
1726 1276 1756 1302 et
1778 1273 1858 1302 cado
1883 1279 1961 1302 con-

1161 1320 1255 1349 ditur.

1207 1363 1283 1394 229.
1310 1361 1543 1395 circumtulit:
1569 1364 1753 1402 „purgavit,
1780 1361 1962 1397 Antiquum

1161 1413 1295 1440 verbum
1320 1415 1377 1439 est.
1427 1412 1581 1440 Plautus:
1607 1419 1664 1445 pro
1687 1412 1817 1439 lai-vato
1842 1412 1872 1436 te
1896 1408 1960 1437 cir-

1159 1456 1368 1486 cumferamst‘
1396 1458 1427 1484 S.
1471 1471 1508 1476 —
1550 1457 1670 1491 Amph.
1703 1453 1735 1493 2,
1764 1452 1796 1491 2,
1825 1450 1887 1482 143
1920 1454 1960 1482 tu

1158 1500 1271 1531 istanc
1299 1499 1394 1531 iubes
1413 1509 1478 1541 pro
1503 1499 1633 1531 cerrita
1659 1495 1889 1537 circumferri.
1918 1513 1956 1518 ——

1159 1549 1263 1585 „Nam
1290 1548 1443 1576 lustratio
1475 1554 1495 1576 a
1528 1547 1774 1577 circumlatione
1799 1545 1886 1575 dicta
1910 1548 1960 1574 est

1158 1595 1213 1622 vel
1239 1594 1353 1622 taedae
1375 1594 1429 1622 vel
1453 1590 1625 1622 sulfuris.‘'
1654 1595 1685 1621 S.
1722 1591 1872 1628 Iungitur
1895 1591 1958 1626 igi-

1157 1643 1207 1667 tur
1222 1636 1445 1675 circumferre
1465 1635 1616 1677 aliquem
1637 1635 1758 1678 aliqua
1781 1644 1839 1672 τες
1861 1644 1960 1671 quum

1158 1682 1284 1713 circum
1312 1680 1463 1723 aliquem
1498 1686 1552 1713 vel
1582 1680 1692 1712 alicui
1714 1679 1855 1722 aliquid
1879 1690 1961 1712 usus

1158 1730 1309 1764 requirat.
1356 1729 1402 1758 Cf.
1436 1731 1486 1757 Gr.
1519 1729 1540 1765 g
1572 1726 1648 1757 259.
1707 1729 1761 1758 Sic
1796 1728 1959 1764 Virgilius

1159 1775 1371 1810 saepissime,
1414 1782 1511 1808 quum
1543 1782 1631 1804 nova
1657 1776 1756 1804 verba
1780 1778 1810 1802 et
1836 1780 1857 1802 a
1882 1776 1958 1803 vul-

1161 1820 1233 1856 gari
1261 1828 1322 1848 usu
1356 1820 1537 1848 recedentia
1572 1819 1711 1849 formare
1741 1827 1806 1848 non
1837 1819 1957 1858 liceret,

1161 1864 1219 1900 (cf.
1247 1863 1277 1902 2,
1304 1862 1367 1900 31)
1397 1868 1569 1894 verborum
1593 1869 1789 1895 structuram
1813 1865 1957 1900 aliquam

1160 1918 1180 1939 a
1205 1911 1336 1947 vulgari
1369 1913 1567 1940 recedentem
1595 1911 1742 1947 admisit3
1780 1911 1956 1946 habuitque

1159 1964 1391 1991 nonnunquam
1420 1964 1459 1986 ea
1485 1957 1519 1985 in
1553 1965 1587 1986 re
1612 1962 1642 1986 et-
1667 1956 1721 1992 qui
1742 1965 1816 1986 eum
1841 1964 1957 1992 seque-

1160 2005 1275 2031 bantur
1308 2007 1337 2031 et
1370 2010 1450 2038 quos
1481 2005 1684 2037 sequebatur.
1740 2002 1786 2033 Cf.
1821 2004 1958 2032 mutare

1162 2049 1263 2077 Bentl.
1295 2049 1369 2076 Hor.
1387 2048 1421 2077 C.
1440 2046 1470 2085 2,
1488 2046 1540 2086 16,
1559 2046 1608 2077 18.
1653 2045 1808 2077 Onerare
1834 2044 1864 2085 1,
1880 2045 1956 2077 195.

1159 2091 1347 2122 inscribere
1380 2091 1414 2131 1,
1444 2091 1519 2123 478.
1568 2091 1787 2123 circumdare
1818 2091 1855 2131 2,
1879 2091 1956 2123 510.

1159 2137 1294 2179 stipare
1316 2137 1346 2175 3,
1373 2136 1449 2168 465.
1488 2137 1665 2169 subterere
1691 2137 1722 2176 3,
1745 2137 1821 2168 582.
1852 2147 1957 2178 prae-

1157 2186 1272 2214 texere
1297 2182 1327 2221 4,
1350 2183 1426 2213 500.
1458 2182 1637 2214 intendere
1662 2183 1693 2223 4,
1717 2182 1793 2213 506.
1825 2186 1959 2214 struere
2018 2204 2019 2217 t

1157 2229 1189 2267 5,
1214 2227 1267 2258 54.
1303 2227 1437 2269 pacisci
1460 2228 1535 2258 230.
1570 2237 1694 2259 exuere
1718 2226 1794 2259 423.
1836 2226 1957 2270 impri-

1157 2283 1248 2303 mere
1275 2273 1351 2303 536,
1392 2273 1594 2315 praefigere
1619 2273 1695 2304 557.
1738 2277 1896 2305 excutere
1925 2274 1956 2314 6,

1157 2318 1233 2348 353.
1285 2317 1508 2349 accumulare
1538 2317 1616 2349 886.
1669 2318 1958 2360 comprehendere

1157 2363 1187 2403 7,
1215 2362 1267 2393 73.
1307 2363 1460 2394 intexere
1488 2363 1564 2394 488.
1609 2374 1727 2395 arcere
1746 2364 1777 2403 8,
1804 2364 1857 2395 73.
1901 2362 1956 2396 ἰη-

1155 2412 1291 2439 nectere
1319 2408 1394 2438 660.
1436 2408 1616 2440 cumulare
1641 2408 1696 2449 11,
1721 2410 1776 2441 5⁰.
1813 2410 1957 2443 miscere
2014 2439 2015 2443 ,

1156 2453 1239 2488 807,
1277 2456 1363 2493 alia,
1409 2456 1441 2484 in
1483 2457 1601 2491 quibus
1642 2458 1836 2492 exquisitior
1871 2466 1954 2488 usus

1158 2505 1350 2530 structuram
1387 2502 1528 2530 invertit.
1583 2503 1729 2532 Perfecto
1758 2503 1870 2533 funere
1900 2505 1953 2533 lu-

1158 2551 1301 2575 strantur
1343 2547 1397 2581 qui
1434 2548 1551 2576 adsunt
1591 2548 1701 2577 olivae
1737 2556 1828 2578 ramo
1867 2557 1953 2585 aqua

1157 2592 1265 2621 tincto.
1296 2607 1332 2611 —
1360 2594 1412 2621 ter
1436 2593 1475 2622 cf.
1505 2590 1554 2629 11,
1582 2591 1654 2621 188.

1203 2635 1279 2665 230.
1307 2645 1381 2666 rore
1407 2635 1494 2666 levi.-
1533 2639 1686 2668 Guttatim
1709 2640 1795 2668 enim
1824 2640 1952 2676 spargi-

1156 2686 1206 2711 tur
1227 2690 1313 2718 aqua
1336 2684 1374 2712 cf.
1395 2680 1425 2719 4,
1449 2681 1524 2712 635.
1573 2685 1659 2714 Hinc
1681 2686 1739 2714 Ov.
1762 2687 1804 2713 M.
1829 2682 1858 2721 1,
1886 2683 1947 2714 371

1158 2725 1243 2757 Inde
1262 2726 1319 2757 ubi
1343 2725 1470 2758 libatos
1494 2726 1695 2759 inroravere
1719 2726 1870 2768 liquores
1896 2738 1953 2761 ve-

1154 2771 1264 2802 stibus
1290 2775 1321 2803 et
1347 2771 1468 2812 capiti.
1511 2789 1548 2794 —-
1591 2771 1689 2803 Felix
1715 2772 1810 2803 oliva
1839 2780 1885 2804 est
1917 2782 1951 2806 ut
2008 2782 2009 2786 ¹

1153 2816 1183 2855 7,
1207 2816 1272 2846 750
1303 2819 1474 2856 frugifera,
1509 2820 1671 2848 contraria
1703 2820 1873 2850 arboribus
1899 2821 1949 2850 in-

1151 2864 1321 2901 felicibus,
1357 2871 1440 2899 quae
1466 2864 1604 2894 fructum
1625 2873 1688 2893 non
1711 2865 1834 2902 ferunt,
1865 2874 1949 2901 quae

1151 2914 1228 2938 sunt
1250 2909 1363 2939 inferis
1380 2917 1510 2946 sacrae3
1534 2917 1633 2944 quare
1652 2915 1766 2946 purgat
1789 2912 1947 2948 lugentes.

1198 2952 1273 2983 231.
1305 2952 1506 2983 Novissima
1548 2953 1650 2984 verba
1695 2956 1738 2992 „i.
1780 2964 1806 2985 e.
1846 2958 1947 2987 Ilicet.

1152 3001 1233 3028 Nam
1266 3001 1349 3029 Vale
1379 2999 1545 3029 dicebatur
1574 3005 1643 3035 post
1676 3002 1791 3030 tumuli
1821 3011 1946 3039 quoque

1151 3049 1281 3080 peracta
1306 3044 1511 3075 sollenmia.“
1539 3046 1571 3073 S.
