2023 3350
93 223 127 265 Ο
163 224 386 277 praestans
417 219 545 261 animi
574 218 754 269 iuvenis,
796 221 1004 272 quantum
1040 219 1132 273 ipse
1166 218 1299 261 feroci

91 281 262 322 Virtute
301 290 547 332 exsuperas,
585 280 706 318 tanto
745 290 811 318 me
847 277 1079 331 impensius
1118 291 1300 330 aequum
1340 280 1404 318 est

93 338 323 380 Consulere
354 339 482 388 atque
514 348 658 375 omnes
691 339 952 376 metuentem
987 335 1224 388 expendere
1258 348 1393 376 casus.

92 396 200 438 Sunt
234 393 314 436 tibi
349 406 481 445 regna
511 392 648 445 patris
686 392 848 443 Dauni.
884 396 984 434 sunt
1022 391 1183 446 oppida
1220 396 1348 445 capta

90 452 228 495 Multa
269 462 416 500 manu3
456 463 535 490 nec
570 463 656 491 non
692 464 927 504 aurumque
965 450 1216 503 animusque
1250 450 1404 490 Latino
1444 452 1520 490 est.

91 510 198 553 Sunt
229 508 338 549 aliae
377 506 582 560 innuptae
620 507 742 549 Latio
777 511 819 549 et
856 507 1141 549 Laurentibus
1175 507 1303 560 agris,

90 568 178 609 Nec
211 578 343 619 genus
373 563 606 607 indecores.

91 622 279 667 Sublatis
317 622 484 676 aperire
525 623 656 674 dolis3
698 623 823 664 simul
856 623 939 664 hoo
977 623 1119 664 animo
1152 622 1300 664 hauri:

89 681 158 724 Me
196 683 344 722 natam
376 680 482 721 nulli
511 684 701 722 veterum
741 681 904 722 sociare
940 695 1168 734 procorum

88 739 171 780 Fas
209 741 320 789 erat,
353 737 484 790 idque
520 752 664 780 omnes
705 737 877 792 divique
917 738 1196 791 hominesque
1230 735 1453 778 canebant.

87 796 237 838 Victus
280 809 424 837 amore
459 796 543 848 tui,
579 800 760 850 cognato
802 797 1006 850 sanguine
1041 796 1189 846 victus,

91 853 296 907 Coniugis
336 857 379 894 et
411 858 600 895 maestae
639 854 850 905 lacrimis,
886 854 1026 895 vincla
1064 853 1207 895 onmia
1244 849 1364 903 rupi3

87 911 348 953 Promissam
390 911 526 966 eripui
562 925 738 965 generog
777 925 898 953 arma
933 912 1065 965 impia
1104 909 1276 964 sumpsi.

88 969 155 1011 Ex
192 969 264 1010 illo
303 969 375 1023 qui
415 983 482 1010 me
518 983 661 1021 casus,
701 982 829 1023 quae,
870 969 1028 1021 Turne,
1064 971 1301 1022 sequantur

666 104 900 137 AENEmos
928 106 1012 138 Lm.
1044 106 1124 138 xit.
1636 104 1717 144 585

1666 277 1720 315 20

667 565 766 607 Sine
806 579 873 606 me
903 565 1008 606 haec
1045 565 1160 606 haud
1200 563 1348 605 mollia
1382 563 1476 605 fatu
1669 565 1721 603 25

1668 853 1722 890 30

930 1085 1026 1116 nrt-is
1067 1096 1152 1117 unus
1195 1089 1278 1117 Med.
1315 1096 1377 1116 rec.
1425 1080 1486 1114 ΠΙ).
1547 1084 1723 1118 Utrumque

87 1084 287 1127 impensius.
337 1088 391 1117 Sic
421 1090 589 1127 quantum
622 1097 648 1117 c.
683 1090 780 1116 verbo
811 1087 884 1116 11111-

87 1138 172 1163 ctum
186 1133 353 1168 opponitur
379 1135 476 1161 tanto
495 1143 520 1163 c.
537 1134 756 1168 comparativo
776 1134 882 1162 iuncto

87 1180 162 1208 Liv.
185 1179 216 1215 5,
253 1177 308 1207 to.-
351 1176 526 1216 Qnonlnm
567 1185 672 1208 autem
705 1181 883 1215 augebatur

87 1225 227 1254 militum
252 1232 414 1259 numerus,
439 1226 536 1254 tauto
555 1226 675 1255 maiore
690 1226 825 1260 pecunia
850 1226 883 1253 in

87 1271 282 1305 stipendium
307 1279 387 1305 opus
412 1276 490 1299 erat.
520 1287 557 1291 —
591 1274 722 1311 quanto
742 1285 783 1291 --
804 1274 883 1299 ian-

87 1318 158 1347 tum
189 1316 219 1353 6,
246 1315 306 1344 ὃὸε
340 1321 471 1356 quanto
496 1317 565 1346 iure
592 1317 746 1351 potentior
784 1317 882 1345 inter-

88 1363 194 1392 cessio
219 1367 298 1392 erat.
330 1364 466 1391 tantum
492 1364 674 1392 vinceretur
699 1362 812 1390 favore
836 1364 882 1390 le—

87 1416 163 1445 gum
205 1409 359 1442 ipsarum.
409 1409 462 1437 Sic
509 1411 674 1448 quantum
702 1423 744 1428 —
771 1416 808 1435 eo
854 1416 881 1435 c.

88 1455 311 1489 comparativo
337 1455 419 1483 idem
439 1453 470 1489 3,
502 1452 561 1482 15:
587 1457 754 1493 quantum
782 1467 819 1472 -
847 1462 882 1481 se

88 1500 194 1534 magis
218 1501 429 1529 insinuabant
451 1515 488 1520 —
507 1507 545 1528 eo
568 1499 678 1528 acrius
703 1499 881 1527 tendebant.

91 1544 145 1583 44,
177 1543 218 1574 7:
258 1548 426 1586 quantum
454 1546 634 1581 procederet
662 1545 810 1579 longius,
845 1552 882 1572 eo

89 1592 244 1622 maiorem
288 1591 430 1627 inopiam
484 1592 597 1620 sensit.
647 1592 738 1619 Adde
779 1590 883 1619 Taciti

89 1638 172 1667 nist.
203 1636 240 1674 2,
274 1635 333 1665 99:
384 1639 552 1677 quantum
594 1639 691 1666 hebes
718 1652 755 1656 —
785 1639 882 1666 tutilo

90 1684 274 1720 promptior.

135 1727 188 1758 21.
215 1726 405 1768 expendere
437 1736 538 1756 casus
570 1737 631 1762 „ne
670 1737 711 1757 ex
749 1730 883 1762 abrupto

91 1777 129 1805 de
151 1776 224 1804 eius
243 1775 360 1803 virtute
376 1775 547 1809 desperare
565 1775 723 1806 videatur,
749 1781 883 1803 casuum

91 1822 282 1850 varietatem
321 1829 356 1848 se
397 1820 509 1849 timere
546 1820 805 1849 commemorat*
851 1821 882 1847 S.

91 1869 253 1897 Caussam
277 1867 359 1900 quod
380 1874 420 1894 ea
442 1867 535 1900 dicat.
568 1866 705 1894 Latinus
731 1873 884 1901 amorem,

92 1914 148 1948 qui
168 1914 288 1947 timeat,
312 1920 384 1940 esse
410 1912 501 1947 dici13
528 1912 641 1940 deinde
661 1912 767 1940 omnia
786 1911 884 1947 affert,

92 1967 175 1994 quae
208 1960 257 1987 vel
298 1966 425 1993 pugnae
463 1958 611 1992 cupidum
651 1965 671 1986 a
710 1958 884 1987 certamine

92 2009 236 2041 poterant
262 2012 410 2033 avocare.

139 2049 192 2079 22.
219 2052 273 2079 Est
314 2050 369 2078 tibi
400 2058 533 2086 regnum
571 2054 756 2085 paternum,

93 2102 234 2132 auctum,
259 2101 306 2125 est
331 2096 407 2124 belli
431 2096 548 2131 gloria:
571 2096 640 2130 ipse
664 2103 777 2124 aurum
804 2095 886 2123 satis

93 2145 234 2179 amplum
271 2145 373 2171 habeo
404 2141 463 2176 (cf.
500 2139 547 2170 tt.
573 2140 635 2169 213
675 2138 886 2179 praedivitis-

94 2188 176 2218 urbe
209 2186 359 2223 Latini),
385 2193 411 2216 et
436 2188 566 2216 animus
594 2192 657 2222 est,
703 2187 759 2216 tibi
784 2188 821 2215 de
849 2194 886 2215 eo

94 2236 271 2270 largiendi.
313 2239 467 2269 quantum
494 2234 595 2268 velis:
641 2230 714 2263 sunt
746 2237 774 2261 et
800 2233 886 2261 aliae

99 2283 228 2317 puellae
253 2281 378 2309 nobiles
403 2288 535 2316 genere,
559 2287 639 2314 quas
666 2280 698 2307 in
722 2280 886 2308 matrimo-

95 2328 186 2356 nium
223 2328 337 2356 ducere
376 2334 437 2355 11011
470 2327 605 2355 dedecet.
655 2325 771 2353 offensi
812 2329 886 2353 sunt

95 2373 245 2402 nonnulli
269 2373 301 2401 in
324 2380 372 2405 eo.
394 2373 476 2407 quod
496 2373 635 2400 Latinus
660 2380 713 2406 pro
739 2371 804 2399 filia
830 2379 887 2399 ne-

96 2423 174 2456 gata
197 2426 310 2447 aurum
333 2418 428 2447 offert.
461 2419 522 2447 Sed
546 2419 623 2447 aliis
648 2418 790 2446 moribus
808 2419 887 2446 haec

97 2466 332 2495 iudicaverunt.
380 2465 427 2492 De
459 2471 567 2493 amore
594 2464 694 2492 Turni
724 2468 751 2492 et
783 2463 886 2492 Lavi-

97 2512 172 2540 niae
196 2512 280 2546 apud
302 2510 452 2539 Latinum
477 2510 559 2538 nihil
581 2515 721 2543 constan
754 2510 886 2538 Aeneae

98 2559 232 2586 daturus
270 2560 319 2585 est
351 2556 466 2591 tiliam,
507 2560 678 2591 antequam
711 2556 748 2584 de
778 2562 886 2584 amore

98 2603 234 2633 alterius
257 2602 360 2631 utrius
384 2601 460 2631 sciri
484 2603 592 2636 potuit.
640 2604 677 2630 Et
698 2603 818 2630 bellum
833 2610 887 2637 ge-

97 2649 179 2680 ritur
205 2650 244 2678 ab
269 2648 380 2676 Aenea
405 2648 443 2675 de
464 2648 606 2677 Lavinia
630 2649 770 2676 nondum
793 2647 885 2677 visa:

99 2703 202 2730 neque
235 2694 319 2729 apud
349 2694 519 2721 Homerum
553 2694 638 2728 proci
666 2701 773 2722 amore
802 2693 886 2727 capti

100 2746 174 2772 sunt
198 2741 398 2774 Peneiopae;
425 2741 577 2773 quomodo
593 2740 676 2768 enim
703 2744 794 2768 tanta
811 2747 887 2768 con-

101 2787 212 2818 cordia
238 2786 318 2814 inter
342 2793 377 2813 se
401 2788 542 2821 agerent,
568 2786 625 2813 sed
644 2786 888 2821 regnummys-

102 2833 150 2863 sis
173 2832 237 2861 sibi
265 2831 504 2866 quaesiverunt.
552 2830 747 2864 Omninoque
776 2831 888 2860 coniu-

102 2886 159 2915 ges
182 2879 263 2907 inter
282 2885 317 2906 se
344 2879 533 2911 noscebant,
564 2884 660 2911 quum
688 2877 799 2910 sponsi
824 2876 888 2905 iam

103 2929 220 2954 essent.
272 2939 309 2943 -
343 2919 380 2951 Pl
420 2924 499 2951 delet
520 2930 581 2950 nec
601 2928 668 2950 non
695 2936 733 2941 —
761 2919 890 2950 Latino

104 2973 152 3000 es!
177 2974 205 2998 et
230 2978 261 2998 v.
286 2967 327 2996 26
354 2965 456 2997 simul
481 2983 526 2988 —
548 2964 661 2996 hauri.

152 3015 204 3044 24.
234 3012 464 3044 Laurentibus
489 3012 588 3054 agris
602 3014 718 3052 Pit-she
730 3021 791 3042 rec.
808 3010 891 3053 urg·

800 2053 886 2077 aie

931 1137 1056 1162 1101111111.

975 1177 1129 1218 25„sine
1161 1187 1212 1207 me
1253 1175 1356 1206 haec.-
1394 1176 1554 1211 permitte,
1597 1179 1629 1202 ut
1667 1175 1722 1202 tibi

929 1233 1009 1254 vera
1028 1226 1144 1254 dicam.
1194 1226 1283 1261 „Hoc
1308 1225 1377 1252 loco
1401 1222 1617 1258 intelligimus
1641 1222 1726 1249 Tur-

928 1279 1004 1300 num
1049 1273 1156 1300 dolore
1199 1270 1346 1299 voluisse
1385 1269 1418 1296 in
1465 1269 1577 1302 aliqua
1623 1270 1724 1295 verba

930 1316 1129 1351 eruitipere.“
1156 1319 1188 1344 S.
1207 1331 1244 1335 -
1262 1312 1358 1343 haud
1373 1311 1492 1341 mollin
1505 1312 1589 1350 fatu
1612 1320 1724 1349 „vet-a,

930 1370 1002 1391 nani
1029 1370 1147 1396 aspera
1180 1365 1271 1394 sunt,
1311 1367 1394 1394 quae
1424 1366 1495 1388 cum
1517 1359 1656 1387 veritate
1676 1359 1725 1386 di-

929 1408 1075 1437 cuntur.“
1100 1410 1130 1436 S.
1165 1407 1223 1435 Sil.
1254 1403 1281 1441 l,
1305 1403 1368 1433 113
1397 1401 1603 1443 subiit-itque
1627 1401 1725 1432 haud

929 1451 1051 1482 mollia
1076 1451 1181 1481 dictu.

974 1497 1028 1527 26.
1056 1496 1174 1527 animo
1200 1494 1304 1526 hauri
1327 1496 1433 1533 „omni
1454 1495 1628 1523 intentione
1653 1503 1724 1530 per-

928 1545 1032 1579 cipe:-
1061 1547 1092 1573 S.
1119 1544 1157 1573 cf.
1185 1542 1215 1573 4.
1239 1540 1314 1571 661.
1364 1544 1470 1576 Neque
1497 1542 1646 1580 ineptum¹
1665 1546 1724 1575 est,

929 1593 1027 1620 11111110
1059 1591 1168 1618 minus
1204 1590 1326 1618 eiicies.
1377 1588 1459 1616 Petit
1493 1588 1649 1620 Latinus,
1692 1593 1726 1616 111

928 1638 992 1665 dici
1011 1637 1096 1665 sinat
1117 1637 1246 1665 Turnus
1260 1642 1349 1671 vera,
1375 1634 1474 1663 simul
1501 1638 1534 1662 ut
1559 1634 1628 1668 ipse
1649 1642 1726 1663 con-

929 1683 995 1711 dita
1020 1688 1124 1711 mente
1153 1686 1268 1710 teneat.

975 1737 1028 1767 27.
1060 1741 1229 1767 veterum:
1268 1738 1402 1766 Veteres
1442 1741 1533 1772 suut,
1560 1736 1615 1770 qui
1651 1741 1725 1765 ante

928 1786 1076 1814 Aeneam
1103 1785 1167 1813 iam
1192 1786 1351 1819 petebant.

977 1840 1028 1870 2³.
1063 1839 1129 1870 Fas
1167 1843 1240 1870 erat
1273 1846 1331 1869 etc.
1369 1839 1409 1868 cf.
1441 1836 1478 1877 7,
1509 1836 1550 1866 5⁴
1584 1848 1631 1874 sq.
1684 1854 1721 1858 —

931 1887 1101 1917 canebant
1129 1887 1167 1916 cf.
1197 1886 1226 1918 2,
1257 1885 1327 1914 12⁴.

978 1943 1030 1973 28.
1055 1946 1175 1973 Tamen
1211 1952 1320 1972 amore
1359 1943 1405 1971 tui
1436 1943 1552 1975 victus.
1595 1947 1623 1970 et
1658 1942 1725 1977 tibi,

932 1996 1065 2024 cognato
1089 1999 1159 2019 meo
1185 1991 1284 2025 (Nam
1312 1989 1460 2022 Venilia.
1481 1989 1581 2017 Turni
1613 1993 1725 2023 mater,

932 2046 1021 2066 soror
1045 2043 1110 2067 erat
1131 2036 1289 2071 Amatae]
1320 2035 1445 2065 favens.
1473 2035 1586 2063 deinde
1613 2035 1725 2063 uxoris

932 2083 1078 2112 lacrimis
1119 2086 1311 2115 commotus,
1360 2082 1472 2109 vincia
1508 2081 1615 2109 onmia
1652 2081 1724 2115 rupi

933 2129 1124 2165 ..religionis
1146 2133 1174 2157 et
1201 2128 1377 2158 foe‹teris:“
1404 2129 1434 2154 S.
1452 2135 1548 2162 quum
1572 2127 1665 2156 nefas
1684 2127 1724 2155 sit

932 2176 1063 2211 aggredi
1087 2175 1243 2209 hospitem
1270 2179 1297 2202 et
1324 2173 1535 2207 foederatum.
1573 2173 1628 2207 qui
1657 2178 1723 2202 erat

933 2222 1073 2250 Aeneas.
1123 2222 1181 2249 Sed
1213 2228 1308 2255 quum
1349 2221 1468 2247 bellum
1506 2224 1615 2248 contra
1652 2227 1724 2247 eum

932 2268 1127 2297 exarsisset.
1162 2267 1300 2295 Latinus
1340 2273 1462 2293 summo
1504 2265 1537 2293 in
1576 2266 1724 2299 tumultu,

933 2314 1029 2343 cessit
1053 2313 1152 2341 Turni
1178 2312 1294 2343 furori,
1339 2320 1400 2339 11011
1427 2311 1498 2339 eius
1524 2317 1629 2345 partes
1655 2318 1724 2339 am-

934 2361 1049 2395 plexus
1077 2364 1123 2388 est
1153 2358 1212 2392 (cf.
1241 2356 1271 2389 7.
1297 2355 1510 2392 sss—600),
1533 2358 1613 2391 quod
1638 2365 1724 2386 nunc

934 2414 969 2434 se
993 2405 1108 2435 fecisse
1134 2404 1309 2437 contendit3
1348 2408 1421 2431 ante
1444 2404 1577 2432 Aeneae
1602 2404 1725 2431 adveu-

932 2456 997 2480 tum
1031 2459 1157 2486 semper
1192 2452 1299 2479 Turno
1332 2450 1429 2478 tiliam
1462 2457 1555 2477 suam
1586 2450 1725 2485 denega-

932 2502 1035 2526 verat.
1059 2497 1098 2526 cf.
1125 2494 1156 2530 7,
1181 2496 1234 2525 96.
1272 2497 1385 2530 Itaque
1411 2496 1493 2530 quod
1520 2495 1552 2523 111
1579 2502 1618 2524 ea
1641 2504 1675 2524 re
1704 2503 1725 2524 a

933 2551 1011 2572 vero
1037 2543 1165 2577 recedit.
1185 2550 1247 2570 non
1269 2546 1372 2576 potest
1391 2542 1423 2569 in
1449 2541 1502 2572 iis.
1542 2549 1624 2575 quae
1648 2550 1725 2570 vere

932 2590 1026 2626 dicit,
1072 2590 1216 2617 Turnum
1263 2590 1382 2616 habere
1426 2587 1633 2616 obedientem.
1684 2603 1721 2607 —

932 2632 1044 2664 victus
1072 2649 1109 2654 —
1142 2631 1251 2662 virtue
1278 2633 1316 2662 cf.
1336 2631 1386 2664 11,
1409 2631 1491 2663 358ς
1517 2633 1726 2668 videmusque

934 2681 1031 2709 etiam
1055 2683 1114 2709 hoc
1140 2681 1209 2708 loco
1237 2686 1355 2714 magna
1380 2679 1415 2707 vi
1443 2683 1470 2707 et
1495 2683 1563 2708 arte
1580 2682 1726 2708 vocabu—

932 2728 998 2755 lum
1022 2734 1095 2755 esse
1118 2725 1276 2754 iteratum.

981 2781 1033 2812 31.
1063 2780 1271 2812 Promissam
1298 2777 1412 2818 eripui
1439 2789 1569 2821 genero
1594 2782 1727 2811 Aeneae

934 2829 974 2859 ef.
1000 2828 1039 2863 S,
1069 2826 1145 2857 268.
1173 2843 1210 2848 -—
1239 2823 1368 2866 Impia,
1387 2835 1483 2861 quum
1516 2827 1581 2856 sint
1615 2833 1725 2857 contra

935 2877 1063 2904 deorum
1086 2876 1307 2907 voluntate-nu
1339 2881 1438 2907 quare
1469 2882 1601 2903 necesse
1624 2879 1670 2903 est
1693 2879 1726 2903 ut

938 2922 966 2949 is
986 2925 1095 2955 pereat
1119 2919 1171 2955 qui
1197 2919 1286 2955 gerit.

985 2964 1036 2994 32.
1067 2963 1121 2994 He
1158 2966 1262 3000 ipsum
1293 2965 1494 3000 persequitur
1534 2967 1593 2995 hoc
1620 2966 1726 3001 periu-

941 3020 1033 3041 rium.
