2023 3350
311 116 392 153 574

873 113 908 144 P.
937 112 1128 146 leGlLu
1154 116 1365 149 MARONJS

307 225 450 276 thue
481 222 628 263 volans
668 222 755 263 alte
793 227 967 277 raptum
1005 238 1136 277 quum
1171 225 1287 268 fulva
1325 228 1553 271 draconem

308 283 407 322 leit
446 279 607 332 tquila,
648 279 943 345 implicuitque
975 282 1105 334 pedes

1141 287 1272 336 atque
1308 288 1519 339 unguibus
1557 287 1697 329 haesit
1710 302 1718 339 3

307 337 484 379 Samius
522 341 568 377 at
609 350 782 390 seipens
822 338 993 379 sinuosa
1025 340 1240 381 xolumina
1275 348 1427 395 versat,

306 394 581 457 Arrectisque
618 394 768 435 honet
803 396 1012 448 squamis,
1050 401 1093 437 et
1126 397 1274 438 sibilat
1306 411 1390 450 cre,

305 450 474 492 Arduus
507 451 627 491 insu1
630 465 752 504 gens,
787 453 863 494 illa
896 453 1012 494 haud
1050 454 1188 495 minus
1232 433 1390 508 urguet'
1421 456 1587 500 obunco

304 509 558 549 Luctantem
598 513 758 559 rostro,
794 511 920 551 simul
951 511 1126 552 aethera
1166 511 1363 553 verberat
1403 513 1502 555 alis:

304 565 432 606 Haud
469 565 595 607 aliter
628 566 834 619 praedam
874 568 1097 609 Tiburtum
1138 583 1188 610 ex
1224 569 1392 622 agmine
1433 570 1626 615 Tarchon

304 623 455 663 Portat
496 637 638 665 ovans.

304 680 555 722 Maeonidae
592 681 826 724 incurrunt.

304 738 505 779 Velocem
542 739 681 779 iaculo
723 744 764 781 et
803 741 940 782 multa
973 742 1093 795 prior
1130 746 1224 782 arte
1262 741 1486 784 Camillam

305 795 468 837 Circuit
504 800 546 837 et
577 810 684 850 quae
725 797 782 838 sit
816 798 991 840 fortuna
1027 798 1234 841 facillima
1273 802 1426 840 tentat.

304 853 397 903 Qua
431 867 475 894 se
511 867 679 907 cunque
718 854 862 897 furens
898 856 1037 897 medio
1074 856 1174 897 tulit
1209 857 1377 910 agmine
1411 856 1542 910 virgo,

303 910 396 952 Hac
435 913 600 952 Arruns
638 911 752 953 subit
789 917 830 954 et
864 913 1020 955 tacitus
1057 914 1239 967 vestigia
1270 913 1447 955 lustrat:

304 969 397 1018 Qua
435 969 588 1009 victrix
624 969 736 1010 redit
769 970 846 1011 illa
879 971 1114 1025 pedemque
1155 985 1207 1012 ex
1247 971 1371 1013 hoste
1404 975 1610 1024 reportat,

304 1025 397 1067 Hac
435 1026 596 1067 iuvenis
627 1026 774 1068 furtim
814 1028 970 1070 celeres
1001 1029 1227 1082 detorquet
1264 1028 1467 1070 habenas.

303 1083 395 1125 Hos
438 1082 580 1125 aditus
616 1085 787 1138 iamque
820 1085 898 1127 hos
936 1085 1078 1128 aditus
1111 1100 1361 1140 omnemque
1399 1091 1595 1140 pererrat

301 1140 500 1195 Undique
537 1142 785 1194 circuitum,
820 1147 862 1185 et
901 1148 1062 1185 certam
1099 1144 1241 1196 quatit
1279 1143 1500 1197 improbus
1540 1144 1721 1186 hastam.

302 1199 430 1240 Forte
466 1212 587 1240 sacer
619 1199 801 1254 Cybelae
845 1200 1049 1243 Chloreus
1090 1201 1275 1255 olimque
1308 1201 1510 1243 sacerdos

301 1256 485 1310 Insignis
517 1256 642 1310 longe
678 1257 873 1311 Phrygiis
912 1258 1106 1313 fulgebat
1140 1259 1184 1300 in
1224 1259 1366 1308 armis,

303 1314 665 1367 Spumantemque
702 1315 899 1368 agitabat
931 1330 1104 1371 equum,

302 1372 352 1413 In
391 1372 581 1425 plumam
619 1373 806 1425 squamis
844 1387 949 1415 auro
985 1378 1184 1416 conserta
1219 1373 1404 1427 tegebat.

302 1429 415 1482 Ipse,
454 1429 682 1483 peregrina
720 1430 935 1483 ferrugine
973 1431 1112 1473 clarus
1151 1434 1193 1472 et
1233 1435 1362 1481 ostro,

303 1486 478 1540 Spicula
512 1486 742 1540 torquebat
781 1487 908 1541 Lycio
952 1487 1162 1542 Gortynia
1194 1502 1345 1539 cornu,

346 1661 423 1690 751.
451 1663 558 1700 utque
582 1666 642 1690 etc.
668 1662 715 1689 De
732 1662 887 1690 continuo
912 1663 1094 1696 aquitarum

301 1715 375 1735 cum
414 1707 614 1735 draconibus
655 1708 740 1735 bello
781 1707 848 1736 Cic.
883 1708 955 1735 Div.
990 1708 1017 1744 1,
1039 1706 1097 1735 47.

302 1753 383 1781 Plin.
411 1754 477 1781 HN.
516 1752 566 1786 10,
601 1751 637 1787 4,
667 1752 697 1780 5.
749 1753 824 1780 Hor.
857 1753 892 1782 Γ.
921 1751 952 1788 4,
984 1751 1014 1788 4,
1044 1752 1093 1781 10.

300 1798 487 1832 Descriptio
513 1798 587 1827 talis
612 1804 741 1832 pugnae
768 1799 861 1826 Hom.
886 1799 920 1826 ll.
953 1797 1002 1835 12,
1030 1796 1091 1825 201

300 1853 351 1878 so.
382 1845 443 1872 ΟΥ.
471 1845 511 1872 Μ.
541 1841 578 1879 4,
610 1843 685 1871 362.
737 1859 780 1862 -—
838 1841 960 1872 volans
984 1841 1094 1881 fulva

303 1889 344 1918 cf.
371 1888 449 1917 332.

346 1934 422 1963 758.
449 1931 640 1972 exemplum
666 1936 912 1973 eventumque.-
952 1939 1004 1971 ,.et
1029 1935 1096 1963 vir—

300 1983 401 2009 tutem
428 1985 455 2007 et
483 1979 704 2008 felicitatem?b
731 1982 762 2007 S.

346 2026 422 2054 759.
454 2022 672 2058 Maeonidae,
699 2026 800 2053 'rusci
826 2025 867 2053 cf.
891 2025 923 2061 8,
949 2023 1026 2053 479.
1051 2041 1095 2045 —

294 2070 388 2110 fatis
410 2068 556 2105 debitus,
582 2071 673 2098 morti
698 2071 881 2100 destinatus
909 2070 949 2099 cf.
973 2070 1050 2099 590.

345 2127 421 2157 760.
449 2130 525 2156 arte
559 2127 578 2154 i.
614 2136 641 2155 e.
673 2128 770 2163 „dolo
805 2132 836 2155 ut
861 2126 891 2162 2,
928 2126 989 2155 152
1020 2129 1096 2156 arte

305 2171 483 2213 Pelasga*
514 2176 546 2201 S.
575 2172 615 2200 cf.
645 2172 670 2207 l,
693 2171 769 2201 657.
803 2188 847 2192 —-
884 2171 998 2211 prior,
1029 2173 1092 2201 iam

300 2225 374 2249 ante
398 2226 492 2253 quam
519 2218 566 2251 id,
606 2219 691 2252 quod
716 2219 811 2247 modo
836 2224 1000 2247 narratum
1031 2224 1092 2255 est,

299 2266 423 2294 factum
457 2269 517 2294 est.
567 2264 678 2292 Potius
713 2269 819 2292 tamen
859 2269 908 2293 est
938 2264 1091 2298 iungere:

298 2309 395 2351 prior
419 2313 506 2345 arte,
534 2314 564 2337 ut
595 2317 626 2337 v.
653 2307 730 2337 292.

345 2366 420 2396 761.
449 2365 597 2402 fortuna
618 2362 816 2403 facillima:
840 2367 877 2394 In
902 2366 1021 2400 quovis
1043 2366 1093 2394 ia-

298 2420 351 2443 ctu
376 2419 407 2441 ut
432 2413 465 2441 in
491 2412 609 2446 quavis
643 2419 676 2439 re
709 2417 757 2440 est
787 2411 936 2446 fortune-13
980 2412 1088 2446 itaque

299 2459 436 2494 quaerit,
462 2458 621 2492 quomodo
648 2456 802 2485 facillime
828 2458 934 2492 possit
960 2459 1088 2486 uastam

297 2505 453 2539 infligere.
501 2517 544 2524 -—
591 2499 713 2531 circuit
739 2504 769 2531 et
800 2500 979 2531 circuitum
1006 2502 1088 2531 767:

297 2546 502 2588 „circumire
523 2548 744 2577 insidiantium
769 2547 853 2576 est.‘·
879 2551 911 2577 S.

344 2606 420 2635 762.
440 2604 568 2643 furens
595 2609 626 2633 ut
650 2604 682 2633 in
707 2606 848 2641 proeli03
887 2606 936 2634 sic
969 2606 995 2641 1,
1023 2604 1091 2634 490

298 2653 410 2682 furens
437 2657 486 2680 est
515 2651 734 2679 Penthesilea.

341 2697 418 2727 767.
446 2699 574 2726 certam
607 2692 759 2725 hastam.
804 2696 851 2726 Cf.
880 2694 911 2733 4,
943 2695 1019 2726 564.
1044 2713 1089 2716 —

297 2740 474 2781 improbus
498 2739 672 2778 „rastlos“
703 2739 753 2770 Sl.
803 2741 852 2771 Cf.
879 2742 910 2779 2,
934 2741 1012 2771 356.

342 2787 417 2817 768.
450 2784 573 2827 Cybelo
604 2789 676 2816 Mbc
712 2794 776 2816 rec.
805 2784 867 2823 Bb,
906 2792 937 2816 ut
975 2787 1006 2824 3,
1043 2787 1085 2816 41

304 2831 429 2873 Cybeli.
476 2833 541 2862 Alii
570 2833 646 2860 dant
678 2829 825 2871 Cybelae
854 2834 935 2862 deae
958 2841 1088 2863 nomen.

298 2895 341 2898 —-
366 2877 446 2908 olim
477 2875 637 2906 sacerdos
663 2885 711 2906 sc.
738 2878 869 2907 Troiae.
909 2895 950 2899 -—
988 2882 1089 2908 Sacer

297 2926 358 2952 deo
385 2925 483 2952 alicui
508 2926 603 2951 bomo
635 2929 829 2952 memoratur
852 2923 882 2960 6,
907 2922 984 2953 484.
1036 2924 1086 2962 lo,

299 2967 374 2998 316.
407 2971 470 2997 sed
497 2971 526 2997 h.
550 2971 569 2997 l.
596 2976 722 2998 caussa
748 2977 812 2998 non
840 2974 988 3005 apparet,
1028 2978 1086 2999 cur

299 3014 342 3042 ita
368 3015 502 3043 dicatur.

1854 461 1937 501 '755

698 625 829 666 Ducis
869 627 1107 679 exemplum
1142 631 1421 680 eventumque
1462 631 1596 672 secuti

887 683 992 724 Tum
1030 683 1130 726 fatis
1170 683 1337 726 debitus
1373 685 1536 727 Arruns

1854 746 1938 784 760

1855 1032 1936 1070 765

1141 1330 1266 1370 quem
1303 1316 1427 1370 pellis
1463 1315 1580 1358 aenis
1854 1318 1936 1356 770

1186 1662 1261 1691 770.
1285 1670 1383 1701 quem
1408 1659 1511 1701 pellis
1536 1667 1614 1690 eta:
1656 1662 1934 1699 „cataphractum

1141 1715 1214 1735 eum
1241 1707 1347 1736 fuisse
1372 1707 1543 1742 significat.
1592 1707 1801 1742 cataphracti
1825 1712 1934 1735 autem

1141 1753 1270 1786 equites
1298 1753 1458 1788 dicuntur,
1493 1753 1547 1786 qui
1572 1758 1600 1780 et
1623 1752 1688 1787 ipsi
1712 1752 1797 1781 ferro
1823 1752 1934 1780 muniti

1141 1802 1215 1826 sunt
1243 1803 1273 1825 et
1306 1806 1409 1832 equos
1443 1798 1592 1826 Similiter
1619 1799 1760 1826 munitos
1797 1800 1935 1832 nabent;

1142 1845 1180 1872 de
1207 1844 1324 1878 quibus
1350 1844 1548 1872 Sallustius:
1586 1840 1700 1882 Equis
1722 1832 1829 1883 paria
1855 1851 1934 1883 ope-

1140 1887 1288 1918 rimenta
1316 1891 1436 1925 erant,
1481 1896 1570 1928 quae
1599 1886 1709 1918 lintea
1730 1886 1859 1926 ferreis
1881 1887 1935 1916 la-

1141 1931 1245 1963 minis
1278 1932 1314 1963 in
1339 1932 1478 1964 modum
1510 1932 1653 1973 plumae
1683 1937 1935 1963 annea-ueram.

1143 1983 1234 2009 Nunc
1260 1986 1369 2008 autem
1391 1989 1449 2015 pro
1481 1980 1581 2008 linteo
1612 1981 1730 2014 pellem
1763 1981 1871 2015 posuit
1900 1985 1933 2008 vet

1142 2033 1266 2055 aeneas
1292 2034 1450 2060 squamas
1476 2032 1594 2054 aereas
1614 2025 1755 2054 laminas
1779 2025 1934 2060 intelligi-

1143 2079 1226 2100 mus.
1278 2069 1317 2100 1η
1341 2069 1499 2111 plumam
1525 2078 1604 2100 vero
1635 2076 1685 2099 est
1725 2071 1758 2100 in
1782 2071 1933 2100 similitu-

1142 2117 1247 2145 dinem
1278 2115 1441 2152 plumae.“
1467 2119 1499 2145 S.
1528 2114 1564 2145 in
1584 2113 1741 2156 plumam
1769 2116 1809 2145 cf.
1830 2117 1861 2153 6,
1888 2116 1933 2145 42

1141 2168 1171 2190 et
1198 2165 1277 2192 lust.
1302 2161 1357 2200 41,
1386 2162 1407 2190 2
1436 2159 1690 2192 Munimentum
1721 2159 1807 2201 ipsis
1831 2160 1933 2200 (Par—

1139 2207 1223 2243 this)
1251 2206 1414 2248 equisque
1448 2205 1578 2237 loricae
1619 2204 1802 2246 plumulae
1841 2211 1933 2245 sunt,

1140 2261 1230 2293 quae
1253 2256 1437 2294 utrumque
1458 2255 1530 2283 toto
1555 2260 1696 2293 corpore
1708 2254 1844 2295 tegunt.
1877 2255 1932 2283 Sic

1138 2296 1292 2338 squamis
1318 2296 1434 2328 aureis
1455 2299 1486 2337 7,
1507 2297 1584 2328 707.

1183 2365 1260 2395 772.
1282 2364 1472 2407 ferrugine
1498 2366 1597 2403 ef..9,
1632 2365 1708 2396 582.
1735 2383 1779 2388 -
1803 2365 1931 2405 clarus,

1135 2414 1252 2441 lucens
1276 2412 1322 2440 ita
1346 2414 1367 2441 1.
1391 2414 1412 2441 t.
1438 2418 1468 2441 et
1491 2411 1524 2450 8,
1547 2410 1626 2441 673.

1181 2466 1260 2496 773.
1281 2466 1417 2506 spicula
1444 2466 1830 2508 Gortyniamretensia,
1853 2478 1929 2499 nam

1137 2517 1260 2548 Gortyn
1287 2515 1362 2543 sive
1388 2517 1531 2549 Gortyna
1558 2516 1633 2544 urbs
1656 2515 1773 2544 Cretae
1797 2522 1928 2551 praeter

1139 2562 1302 2589 Gnossum
1335 2565 1364 2588 et
1398 2561 1579 2594 cydoniam
1611 2561 1765 2589 maxima.
1813 2562 1927 2591 Cretes

1138 2611 1245 2634 autem
1275 2606 1451 2640 sagittandi
1476 2607 1547 2634 arte
1571 2606 1640 2635 noti
1667 2611 1772 2635 erant.
1825 2608 1928 2643 „Cre-

1137 2657 1248 2680 tenses
1275 2651 1412 2686 sagittas
1426 2652 1529 2686 Lycio
1548 2659 1625 2681 arcu
1641 2651 1814 2687 dirigebat;
1838 2653 1926 2686 quod

1136 2701 1169 2725 ut
1191 2697 1288 2725 etiam
1316 2704 1419 2732 supra
1441 2697 1594 2733 diximus,
1619 2698 1658 2726 ad
1682 2703 1830 2726 ornatum
1849 2697 1926 2732 poni

1136 2741 1343 2771 consuevit.“
1371 2745 1404 2771 S.
1441 2742 1482 2771 cf.
1513 2742 1544 2779 5,
1568 2741 1646 2771 3¹1.
1669 2757 1714 2764 -
1740 2740 1922 2782 Spiculum

1134 2795 1230 2823 quum
1253 2788 1295 2817 sit
1318 2794 1400 2817 acus
1423 2788 1479 2816 teli
1515 2793 1544 2817 et
1573 2795 1630 2823 pro
1661 2788 1769 2817 iaculo
1802 2792 1833 2816 et
1863 2796 1921 2822 pro

1133 2833 1255 2868 sagitta
1284 2834 1422 2868 ponitur.
1471 2834 1525 2862 Sic
1549 2840 1602 2869 ap.
1627 2834 1697 2868 Vgl.
1728 2840 1786 2868 pro
1810 2833 1921 2862 iaculo

1133 2884 1182 2908 est
1213 2878 1244 2914 5,
1273 2878 1350 2907 586.
1387 2880 1418 2917 7,
1448 2878 1520 2907 165.
1544 2877 1621 2908 687.
1668 2877 1719 2912 10,
1742 2877 1823 2906 888.
1869 2879 1920 2916 11,

1132 2923 1208 2953 606.
1234 2923 1310 2959 676,
1343 2924 1474 2953 videtur
1499 2932 1578 2954 esse
1601 2924 1632 2959 7,
1659 2920 1732 2951 188.
1759 2921 1810 2960 12,
1834 2923 1922 2960 563;

1131 2977 1189 3004 pro
1216 2969 1336 3004 sagitta
1358 2974 1465 2998 autem
1489 2974 1540 2999 est
1564 2969 1596 3005 7,
1613 2965 1690 2996 497.
1710 2967 1743 3005 9,
1761 2968 1839 2998 606.
1868 2969 1921 3006 li,

1130 3012 1209 3044 575.
1231 3013 1309 3043 654.
1337 3014 1389 3051 12,
1417 3013 1494 3044 403.
1527 3013 1567 3043 cf.
1590 3021 1622 3041 v.
1648 3011 1724 3042 319.
1756 3014 1818 3044 Cir.
1842 3014 1921 3044 299.
