2023 3350
708 93 948 128 AENEmOS
975 95 1062 128 LIB.
1088 96 1147 129 vt.

1683 98 1766 137 295

96 208 311 252 Hortator
350 210 559 252 scelerum
596 207 810 251 Aeolides.
846 208 948 260 ·Di,
988 208 1098 251 talia
1137 208 1282 253 Graiis

95 267 366 319 Instaurate,
406 267 480 321 pio
521 266 558 308 si
593 280 756 320 poenas
791 280 866 308 ore
906 280 1099 320 reposco,

1674 270 1760 310 530

97 325 182 367 Sed
220 330 264 367 te
306 326 381 379 qui
416 325 557 366 vivum
596 338 744 376 casus,
784 338 866 379 age
903 324 996 367 fare
1034 324 1236 377 vicissim,

95 382 356 426 Attulerint:
397 382 597 437 pelagine
627 383 747 424 venis
785 382 1006 424 erroribus
1041 386 1177 433 actus,

95 441 162 482 An
195 442 366 483 monitu
405 440 579 482 divom?
617 454 675 483 an
715 455 827 495 quae
863 444 905 483 te
940 442 1135 482 Fortuna
1175 440 1349 494 fatigat,

94 499 154 541 Ut
192 499 340 541 tristes
377 499 469 540 sine
506 497 596 540 sole
633 498 805 551 domos,
844 499 941 541 loca
974 497 1172 549 turbida,
1214 498 1391 541 adires?

94 556 190 599 Hac
229 557 321 599 vice
363 570 608 598 sermonum
646 557 783 599 roseis
818 558 989 598 Aurora
1029 556 1256 610 quadrigis

1677 559 1700 596 Οἵ

1708 558 1731 597 00

1738 559 1761 596 01

93 614 188 656 Iam
230 614 418 656 medium
455 615 652 656 aetherio
692 629 820 657 cursu
861 615 1094 657 traiecerat
1131 628 1269 656 axem.

92 672 151 714 Et
188 672 278 714 fors
320 686 445 715 omne
481 673 629 715 datum
668 673 893 715 traherent
930 687 1009 727 per
1049 672 1158 714 talia
1193 676 1389 725 tempus;

93 729 178 773 Sed
219 744 363 773 comes
399 730 645 783 admonuit,
687 731 960 785 breviterque
998 729 1151 772 adfata
1189 729 1356 784 Sibylla
1395 731 1484 770 est:

90 788 189 830 Nox
230 788 336 839 ruit,
378 789 545 841 Aenea3
586 804 663 831 nos
698 789 841 831 fiendo
883 788 1080 830 ducimus
1119 788 1263 829 horas.

90 846 173 888 Hic
206 846 330 889 locus
371 850 452 898 est,
494 852 642 901 partes
679 848 755 889 ubi
791 861 835 889 se
869 847 940 888 via
973 846 1099 887 findit
1135 846 1179 887 in
1216 843 1390 886 ambas:

1671 844 1758 883 540

89 905 282 947 Dextera
319 918 434 959 quae
471 905 584 947 Ditis
625 906 770 960 magni
811 904 890 948 sub
937 904 1110 946 moenia
1145 903 1298 955 tendit,

89 962 185 1004 Hac
218 962 304 1005 iter
344 963 538 1017 Elysium
582 963 728 1015 nobis;
769 967 816 1005 at
856 963 981 1005 laeva
1016 961 1235 1003 malorum

89 1020 276 1063 Exercet
310 1033 492 1075 poenas,
535 1024 578 1064 et
615 1021 672 1064 ad
710 1021 844 1076 impia
881 1021 1068 1063 Tartara
1106 1019 1254 1061 mittit.

91 1167 129 1172 -
159 1148 307 1181 additus
329 1152 457 1190 Pnych.
483 1167 522 1171 —
553 1148 721 1188 Additur,
744 1151 831 1180 addit
853 1159 899 1187 se,

89 1202 125 1227 ut
151 1196 204 1226 91.
256 1197 303 1227 Cf.
333 1196 399 1225 545
432 1194 565 1225 reddor
590 1203 619 1227 et
644 1205 728 1233 quae
754 1195 792 1234 4,
823 1194 898 1226 152.

89 1241 189 1274 Armi
212 1241 370 1272 comitem
396 1243 435 1273 ct’.
462 1241 538 1272 778.

134 1287 212 1318 529.
239 1286 401 1318 hortator·
426 1286 616 1318 scelerum.-
664 1289 782 1318 Ulixes
813 1289 900 1323 apud

90 1337 266 1365 Homerum
302 1338 340 1364 ob
370 1335 526 1364 astutiam
553 1340 581 1364 01
609 1336 820 1364 calliditatem
848 1334 898 1362 in-

88 1382 214 1416 signis.
253 1383 339 1416 apud
372 1382 513 1415 tragicos
545 1386 573 1410 et
607 1383 748 1410 Graecos
780 1385 808 1408 et
833 1381 900 1408 Ro-

87 1436 213 1458 manos.
230 1428 374 1459 Livium,
390 1428 541 1462 Ennium,
552 1429 638 1456 Pacu
646 1427 747 1456 vium.
761 1427 898 1459 Attium,

87 1475 153 1503 doli
179 1474 259 1503 mali
290 1478 429 1503 structor
457 1478 515 1502 est.
566 1475 615 1502 Ita
641 1470 802 1501 hortator
828 1480 899 1500 sce-

88 1516 198 1549 lerum
225 1523 265 1549 ab
293 1520 398 1549 Aiace
426 1520 544 1549 dicitur
566 1521 625 1548 Ov.
652 1521 727 1547 Met.
761 1516 812 1555 13,
845 1515 898 1553 45,

86 1563 251 1596 inventor
275 1563 439 1595 scelerum
464 1566 547 1594 Aen.
581 1563 619 1600 2,
652 1563 728 1594 164.
767 1580 805 1585 -
841 1565 899 1593 Di-

86 1613 171 1641 citur
205 1612 303 1641 etiam
350 1608 507 1640 Aeolides
539 1612 667 1640 Ulixes.
734 1612 767 1639 Is
808 1611 894 1639 enim

87 1658 246 1694 Autolyci
269 1666 380 1693 nepos,
406 1657 536 1686 Laertis
561 1666 602 1687 ex
625 1657 774 1686 Anticlia
797 1657 894 1688 tilius,

87 1709 201 1740 postea
233 1704 432 1740 Sisyphum,
484 1704 583 1732 Aeoli
617 1703 733 1732 filium.
776 1705 896 1731 habere

87 1756 211 1786 patrem
237 1751 422 1782 dicebatur,
450 1757 469 1778 3
494 1758 556 1784 quo
583 1750 731 1779 Anticlia
757 1750 896 1783 gravida

85 1796 220 1828 fuisset,
247 1805 345 1831 quttm
363 1792 480 1825 fflaerti
504 1798 646 1824 nuberet.
698 1797 747 1824 lta
773 1800 895 1829 patrem

85 1843 116 1871 01
138 1843 335 1877 affingebant
362 1845 485 1871 scelere
508 1847 536 1870 01
563 1843 693 1870 deorum
713 1846 894 1875 contemptu

85 1892 205 1917 notum.
262 1890 351 1917 1110111
378 1889 472 1918 Ulixi
497 1888 605 1917 obiicit
640 1888 733 1916 Aiax
765 1890 824 1916 Ov.
852 1889 895 1916 M.

86 1932 146 1970 13,
181 1932 233 1963 31.

132 1979 210 2008 5:30.
237 1977 438 2008 instaurate
466 1981 603 2008 verbum
634 1986 764 2007 sacrum
798 1978 836 2007 cf.
866 1975 896 2015 4,

85 2024 139 2055 63.
190 2027 272 2055 Date
291 2026 347 2064 dii,
375 2029 406 2055 ut
430 2033 512 2060 quas
532 2033 656 2061 poenas
678 2025 785 2054 meriti
808 2029 895 2062 sunt,

84 2073 237 2109 pendant.

130 2127 209 2158 532.
244 2126 366 2158 Utrum
400 2133 498 2157 vento
531 2132 684 2164 coactus,
719 2135 762 2156 an
787 2135 807 2156 a
830 2127 896 2156 diis

87 2176 219 2210 iussuS,
250 2183 292 2204 an
315 2176 428 2210 aliqua
454 2175 585 2204 fortuna
611 2176 726 2204 ductus
752 2176 816 2203 huc
837 2182 895 2203 ve-

85 2223 162 2251 nis?
211 2222 319 2251 Simili
343 2223 436 2251 modo
463 2221 676 2258 distinguitur
700 2218 737 2257 2,
763 2218 841 2248 738.

130 2276 207 2307 533.
235 2288 281 2307 an
306 2287 397 2318 qnae
416 2281 448 2309 te
472 2276 630 2308 Fortuna
652 2275 800 2318 fatigat
823 2277 843 2305 i.
866 2285 894 2306 e.

85 2332 128 2354 an
157 2325 285 2354 fortuna
315 2325 430 2360 aliqua
464 2332 547 2360 quae
572 2329 601 2353 10
630 2324 762 2360 fatigat,
794 2323 895 2360 angit,

84 2371 133 2401 ila
160 2375 193 2400 ut
217 2376 276 2400 etc.
324 2372 373 2400 De
399 2380 479 2401 voce
504 2371 543 2400 cf.
573 2367 608 2407 1,
640 2368 716 2399 200.
767 2371 837 2398 Til).
864 2366 895 2406 4,

86 2416 118 2455 1,
146 2413 210 2445 182
240 2413 399 2446 Fortuna
424 2425 476 2446 me
499 2414 653 2445 adversa
671 2413 830 2457 fatz'gat.

136 2472 214 2502 534.
246 2470 403 2502 Turbida
442 2475 514 2503 loca
562 2478 656 2509 sunt,
700 2474 783 2509 quod
823 2474 896 2502 luce

84 2524 212 2554 carent,
254 2519 289 2547 in
326 2519 475 2548 obscuris
508 2528 572 2548 non
611 2524 717 2555 potest
753 2520 829 2548 ordo
866 2523 895 2548 et

86 2565 258 2601 dispositio
281 2565 420 2594 servari.
466 2561 552 2594 Nclc.
571 2566 655 2595 coni.
676 2562 809 2602 lurido,
831 2573 894 2594 rec.

88 2609 155 2641 Ld.
192 2626 230 2631 —-
264 2608 340 2640 sine
371 2609 443 2640 sole
469 2608 600 2640 domos.
649 2613 700 2640 Ita
727 2608 793 2638 777
821 2608 896 2639 sine

84 2655 226 2687 nomine
255 2659 380 2686 terrae.
439 2653 476 2693 1,
505 2655 571 2685 279
601 2653 785 2697 imperium
821 2654 895 2686 sine

75 2701 154 2744 fine
179 2700 272 2732 dedi.
313 2700 375 2740 10,
405 2700 471 2731 636
497 2705 634 2732 tenuem
661 2700 736 2731 sine
761 2699 895 2731 viribus

86 2747 257 2779 umbram.
308 2746 374 2777 640
400 2746 475 2777 sine
503 2750 618 2777 mente
650 2756 783 2777 sonum.
834 2748 893 2777 Sil.

86 2792 126 2833 4,
151 2793 218 2824 268
242 2792 318 2824 sinc
336 2792 476 2824 nomine
503 2796 655 2834 gentem.
704 2795 771 2823 Cic.
795 2795 892 2824 Tusc.

84 2839 117 2879 2,
142 2840 173 2876 3,
200 2839 219 2869 7
248 2838 429 2870 lectionem
457 2837 531 2868 sinc
557 2837 632 2868 ulla
661 2837 896 2869 delectatione

84 2884 250 2928 negligo.
319 2887 412 2916 Adde
439 2894 524 2921 qnae
554 2887 596 2915 ad
626 2884 665 2924 4,
697 2883 764 2915 588
797 2891 826 2915 et
858 2887 897 2915 tle

86 2936 154 2962 tota
176 2942 211 2962 re
240 2929 299 2970 ll,
328 2930 405 2962 464.

133 2988 212 3019 535.
239 2986 305 3019 hac
337 2987 411 3019 vice
442 2996 660 3018 sermonum.-
691 2996 790 3023 quum
817 2991 898 3018 haec

87 3035 174 3065 iuter
211 3043 248 3065 se
285 3037 556 3072 colloquerentur.
618 3034 769 3072 Aurora,
815 3042 900 3070 quae

950 1149 1098 1184 proxime
1124 1147 1285 1177 antecedit
1311 1146 1375 1175 soli
1403 1153 1466 1174 non
1492 1150 1617 1175 tantum
1642 1147 1759 1176 orienti

948 1197 1005 1224 sed
1031 1203 1087 1229 per
1112 1202 1206 1223 omne
1231 1193 1295 1221 diei
1319 1198 1466 1228 teinpus,
1499 1192 1564 1221 iam
1592 1200 1691 1222 axem
1716 1193 1757 1228 (1.

947 1250 975 1269 0.
1011 1242 1119 1275 polum
1144 1240 1268 1275 caeli),
1304 1239 1476 1267 traiecerat
1510 1243 1540 1267 01
1571 1247 1672 1274 equos
1698 1239 1759 1267 im—

947 1287 1057 1321 pellit,
1088 1291 1119 1315 111
1145 1294 1165 1315 3
1192 1293 1318 1314 summo
1340 1286 1433 1314 caelo
1460 1285 1642 1313 decurrant.
1692 1286 1759 1314 Ita—

947 1341 1008 1367 que
1029 1340 1127 1366 quum
1147 1333 1212 1361 iam
1236 1331 1375 1361 medium
1393 1332 1521 1360 caelum
1542 1338 1758 1367 supergressa

946 1384 1005 1409 est.
1034 1383 1160 1413 tempus
1177 1383 1224 1407 est
1244 1377 1475 1412 vespertinum.
1519 1377 1627 1406 Unum
1645 1382 1755 1406 autem

951 1433 1007 1460 per
1031 1425 1115 1453 diem
1138 1426 1323 1453 naturalem
1345 1432 1386 1452 ex
1410 1428 1524 1458 poetae
1541 1428 1648 1452 mente
1665 1423 1757 1452 licuit

947 1471 1083 1499 Aeneae
1107 1471 1138 1499 in
1164 1473 1245 1500 (irco
1271 1478 1361 1502 esse:
1389 1477 1463 1498 nam
1488 1469 1610 1497 oriente
1633 1469 1685 1498 die
1706 1470 1758 1497 in-

946 1526 1085 1553 gressus
1112 1525 1143 1545 v.
1169 1514 1246 1550 255,
1273 1518 1401 1544 tanente
1426 1515 1600 1551 emt-ditur,
1625 1519 1659 1544 ut
1683 1520 1758 1544 ante

947 1564 1030 1591 solis
1055 1570 1207 1592 occasum
1233 1562 1400 1597 perveniat
1426 1562 1459 1590 in
1484 1561 1647 1597 Elysium,
1672 1563 1758 1596 quod

946 1611 1062 1645 gaudet
1096 1611 1165 1638 sole
1200 1609 1345 1644 proprio,
1377 1612 1405 1637 01
1440 1608 1473 1636 111
1502 1611 1620 1636 terram
1648 1609 1757 1636 redeat

946 1661 1021 1683 ante
1045 1656 1127 1684 solis
1148 1660 1262 1683 ortum.
1305 1655 1437 1683 Aurora
1461 1654 1546 1687 bigis
1572 1655 1653 1682 solet
1678 1654 1756 1683 vehi

945 1701 984 1730 cf.
1012 1699 1044 1733 7,
1068 1699 1121 1730 26.
1162 1703 1255 1730 110111.
1281 1702 1336 1729 (hl.
1365 1699 1418 1733 23,
1443 1697 1519 1734 247,
1546 1702 1602 1729 Sol
1623 1700 1756 1735 quadri-

944 1748 1013 1783 gis3
1040 1752 1070 1775 et
1096 1748 1270 1783 „Donatus
1296 1747 1384 1781 dicit,
1411 1753 1562 1775 auroram
1582 1755 1654 1775 cum
1673 1753 1756 1782 qua-

945 1793 1048 1826 drigis
1079 1793 1216 1828 positam
1249 1794 1352 1821 solem
1385 1790 1606 1826 significare&
1640 1794 1672 1820 S.
1717 1794 1755 1819 Et

945 1846 1097 1868 auroram
1119 1840 1157 1867 de
1179 1840 1230 1867 die
1250 1843 1442 1873 usurpatam
1462 1838 1607 1867 vidimus
1625 1837 1656 1869 5,
1677 1834 1753 1866 105.

946 1886 1052 1920 Quare
1071 1894 1129 1914 nec
1149 1885 1177 1913 si
1197 1892 1329 1912 aurora
1349 1892 1411 1913 sua
1426 1884 1462 1912 vi
1483 1885 1621 1918 positum
1640 1886 1753 1921 habes,

945 1940 1004 1960 nec
1030 1931 1059 1960 si
1086 1931 1209 1966 accipis
1242 1931 1280 1959 de
1306 1931 1375 1967 die,
1408 1932 1511 1959 verba
1541 1934 1616 1959 sunt
1644 1938 1754 1965 repre-

945 1977 1097 2006 hensioni
1123 1977 1276 2006 obnoxia.

990 2022 1068 2052 539.
1104 2020 1178 2052 Nox
1208 2021 1292 2052 ruit.
1353 2023 1460 2051 nuere
1491 2023 1529 2051 de
1561 2023 1646 2056 sole,
1690 2022 1752 2058 die,

945 2074 1035 2099 nocte
1062 2070 1209 2104 ponitur,
1242 2073 1272 2098 et
1300 2070 1338 2097 de
1361 2073 1448 2102 ortu,
1476 2072 1508 2097 ut
1536 2070 1596 2097 hoc
1623 2069 1694 2097 loco
1722 2072 1753 2096 et

944 2113 980 2151 2,
1006 2112 1082 2143 250.
1124 2112 1161 2151 8,
1188 2112 1265 2143 369.
1310 2113 1367 2149 10,
1396 2112 1479 2150 256,
1516 2118 1546 2143 et
1571 2115 1609 2142 de
1631 2121 1753 2143 occasu

943 2166 974 2189 111
1004 2160 1032 2193 3,
1059 2158 1136 2189 508.

943 2207 1035 2236 3111111
1061 2207 1172 2243 signat
1194 2213 1292 2241 quam
1315 2206 1462 2236 celeriter
1484 2206 1540 2234 ire.

941 2250 1024 2281 ruit.

989 2296 1066 2326 540.
1093 2299 1180 2326 Inter
1201 2296 1477 2326 confabulandum
1492 2296 1658 2332 progressi
1675 2301 1751 2324 sunt

942 2346 983 2374 ad
1009 2352 1083 2374 eum
1110 2345 1228 2379 locum,
1253 2351 1315 2378 quo
1341 2343 1399 2371 via
1419 2347 1466 2371 est
1490 2343 1595 2371 altera
1618 2342 1652 2370 in
1669 2343 1752 2370 Tar-

943 2396 1067 2424 tarum,
1104 2392 1208 2419 altera
1243 2390 1276 2417 in
1308 2389 1476 2425 Elysium,
1513 2396 1608 2423 quem
1642 2388 1751 2424 egredi

943 2438 1111 2472 Deiphobo
1137 2444 1200 2464 non
1226 2436 1312 2464 licet.
1340 2450 1378 2455 —-·
1411 2431 1543 2463 Ambus
1573 2442 1638 2462 non
1664 2442 1751 2462 nove

943 2484 1025 2512 dixit
1053 2484 1127 2519 Vgl.
1159 2490 1216 2516 pro
1242 2483 1342 2517 duas,
1376 2482 1432 2509 sed
1460 2481 1506 2509 ita
1529 2480 1674 2514 loquitur
1697 2480 1750 2508 Si·

943 2531 1049 2565 hylla,
1075 2528 1171 2563 quasi
1192 2528 1259 2557 iam
1277 2527 1375 2556 sciret
1393 2527 1526 2555 Aeneas
1549 2527 1632 2555 duas
1655 2533 1748 2563 esse3

943 2580 1029 2605 certe
1055 2582 1113 2603 eas
1136 2574 1202 2603 iam
1226 2574 1325 2602 videt.

990 2618 1068 2649 542.
1096 2622 1166 2650 Hac
1190 2621 1249 2649 via
1277 2620 1338 2648 iter
1363 2622 1412 2647 est
1442 2615 1477 2646 in
1503 2618 1657 2653 Elysium
1687 2616 1747 2652 [cf.

941 2665 974 2700 4,
1002 2664 1090 2702 106]
1114 2663 1225 2702 nobis,
1253 2666 1308 2700 qui
1335 2665 1416 2693 illuc
1440 2664 1613 2702 tendimus,
1640 2664 1749 2701 ingre-

941 2714 1103 2742 diendum.

989 2757 1066 2788 5423.
1094 2759 1155 2787 Sed
1181 2757 1319 2786 sinistra
1344 2762 1466 2791 poenas
1495 2760 1640 2793 exercet,
1671 2756 1748 2785 dum

941 2806 983 2834 ad
1008 2806 1148 2834 Tartara
1171 2804 1284 2832 mittit:
1312 2802 1448 2836 saepius
1472 2802 1559 2830 enim
1580 2810 1636 2837 per
1661 2803 1694 2831 et
1717 2805 1748 2830 et

941 2853 1079 2881 verbnm
1111 2850 1234 2879 finitum
1265 2848 1453 2883 adiungitur
1484 2848 1626 2883 aliquid,
1664 2848 1748 2883 quod

944 2897 1117 2933 participio
1148 2900 1216 2924 erat
1249 2895 1418 2923 dicendum
1449 2893 1488 2923 cf.
1524 2891 1562 2930 8,
1593 2891 1668 2922 125.
1704 2909 1743 2913 -

945 2941 1056 2982 impia
1086 2940 1259 2978 Tartara,
1295 2941 1379 2974 quod
1403 2939 1450 2968 ibi
1470 2940 1563 2975 impii
1589 2943 1680 2976 sunt,
1712 2943 1749 2968 ut

945 2986 1008 3017 441
1031 2986 1194 3027 Ingentes
1213 2983 1328 3025 campi
1354 2985 1393 3015 cf.
1418 2983 1447 3023 1,
1473 2984 1550 3014 355.
1570 3001 1609 3006 ——
1625 2987 1748 3015 Tamen

945 3038 1118 3069 utrumque
1143 3041 1228 3062 nove
1249 3032 1388 3067 dictum,
1413 3035 1443 3060 et
1468 3033 1552 3067 quod
1571 3032 1640 3070 via,
1664 3039 1749 3068 quae

1186 2161 1262 2189 Yal.
1291 2161 1340 2188 Fl.
1369 2158 1399 2195 1,
1428 2157 1504 2189 274.
1534 2160 1644 2195 itaque
1668 2160 1753 2188 nihil

1593 2206 1640 2235 Cf.
1664 2202 1752 2235 hora
