2023 3350
639 690 697 745 P.
745 688 1035 747 VIRGILII
1079 689 1387 749 MARONIS

470 810 990 901 AENE

1067 812 1547 904 IDOS

767 965 945 1023 LIBER
1000 964 1267 1034 QUINTUS.

187 1179 361 1238 Interea
396 1194 580 1237 medium
621 1195 786 1237 Aeneas
823 1197 910 1238 iam
943 1197 1078 1238 classe
1117 1198 1293 1239 tenebat

187 1253 338 1295 Certus
376 1253 459 1294 iter
495 1252 736 1307 fluctusque
774 1257 894 1295 atros
932 1255 1131 1308 aquilone
1167 1255 1345 1298 secabat

186 1310 358 1352 Moenia
398 1310 653 1363 respiciens,
692 1325 806 1364 quae
845 1311 932 1352 iam
971 1311 1153 1353 infelicis
1190 1312 1357 1354 Elissae

187 1367 409 1410 collucent
441 1367 636 1408 flammis.

697 1368 816 1418 Quae
853 1372 1022 1410 tantum
1060 1369 1306 1411 accenderit
1341 1371 1485 1424 ignem

188 1424 350 1467 Caussa
385 1425 514 1476 latet3
556 1424 653 1466 duri
690 1439 845 1479 magno
881 1426 955 1467 sed
988 1440 1134 1468 amore
1170 1427 1340 1469 dolores
1807 1429 1831 1467 5

231 1543 300 1570 Iam
325 1541 455 1570 animus
476 1542 778 1572 vehementissimis
802 1548 831 1571 et
854 1543 987 1578 gravis-

186 1587 280 1615 simis
307 1588 451 1621 agitatus
481 1588 653 1616 affectibus
679 1590 850 1617 relaxatur
874 1594 904 1617 et
932 1598 986 1617 re-

186 1632 289 1660 ficitur
317 1632 412 1660 hilari
443 1634 593 1661 ludorum
621 1634 853 1668 descriptione.
903 1635 985 1663 Ludi

185 1677 341 1706 funebres
364 1679 450 1712 apud
474 1679 629 1712 antiquos
657 1681 849 1713 sollemnes,
878 1681 985 1709 ludis-

186 1731 248 1757 que
271 1728 300 1751 et
321 1724 438 1752 Graeci
463 1729 490 1751 et
510 1724 647 1752 Romani
673 1725 814 1753 maxime
837 1727 985 1754 delecta-

185 1771 312 1804 bantur,
344 1775 445 1802 quare
472 1777 535 1797 non
563 1770 677 1797 mirum
705 1774 767 1805 est,
802 1771 831 1799 si
857 1772 983 1800 descri-

186 1818 258 1848 ptos
282 1815 368 1842 haud
392 1815 515 1844 minore
539 1816 693 1849 legebant
722 1817 829 1844 studio
864 1821 895 1844 et
923 1825 984 1845 vo-

183 1861 319 1894 luptate.
367 1860 482 1893 Itaque
504 1860 568 1888 iam
590 1861 750 1889 Homerus
778 1862 906 1890 ornavit
932 1864 984 1890 lu-

184 1905 244 1933 dos
283 1904 316 1932 in
355 1905 499 1933 Patrocli
540 1904 656 1933 funere
692 1905 800 1935 factos
844 1915 983 1941 eumque

184 1949 289 1978 secuti
317 1950 434 1978 Graeci
467 1955 496 1978 et
528 1951 652 1986 Latini,
687 1951 771 1978 inter
802 1959 885 1985 quos
911 1954 982 1987 vgl.

182 1995 322 2029 fingendi
347 2000 415 2023 arte
434 2000 463 2023 et
484 1997 637 2023 narrandi
659 1997 823 2025 suavitate
842 1998 982 2032 insignis

183 2042 317 2068 multum
343 2040 442 2068 vincit
470 2048 546 2076 eos,
583 2041 636 2075 qui
662 2046 733 2075 post
759 2050 832 2070 eum
868 2045 983 2071 eadem

183 2089 363 2121 tentarunt,
400 2085 515 2113 Silium
544 2085 597 2121 16,
624 2085 690 2114 249
717 2095 766 2121 sq.
792 2093 822 2116 et
846 2089 983 2116 Statium

182 2132 284 2159 Theb.
316 2129 352 2165 6;
387 2138 470 2164 quos
503 2139 576 2159 cum
611 2133 750 2160 Homero
783 2137 812 2161 et
849 2134 982 2168 Virgilio

182 2175 349 2210 conferas,
382 2181 413 2204 ut
439 2181 592 2209 quantum
621 2182 790 2211 praestent
816 2179 982 2214 intelligas

182 2221 397 2249 imitatoribus
428 2221 499 2249 suis
534 2226 662 2256 poetae.
712 2225 825 2258 Neque
852 2226 923 2259 vgl.
950 2225 983 2253 in

181 2266 233 2294 bis
253 2266 340 2294 ludis
357 2267 531 2294 Homerum
554 2272 603 2295 est
622 2268 766 2297 imitatus
783 2271 842 2297 sed
859 2277 983 2298 morem

180 2313 362 2340 Romanum
386 2312 533 2346 depinxit
560 2312 687 2348 potius;
716 2314 766 2342 sic
785 2314 848 2343 iam
870 2315 981 2350 Scipio

181 2356 359 2385 Africanus
384 2357 416 2385 iu
435 2357 597 2391 Hispania
624 2360 803 2388 certamina
826 2361 925 2389 edidit
949 2361 981 2388 in

180 2405 338 2430 bonorem
376 2403 478 2436 patris
513 2407 542 2430 et
580 2404 686 2437 patrui
721 2405 792 2432 Liv.
829 2404 891 2442 28,
924 2404 980 2433 21.

179 2449 261 2482 Ipsa
290 2455 370 2475 vero
404 2449 554 2476 ludorum
589 2449 723 2477 occasio
759 2458 864 2484 paene
895 2452 979 2478 ultro

180 2501 217 2521 se
235 2493 353 2520 offerre
374 2493 512 2527 videtur,
541 2494 594 2521 ubi
610 2494 744 2522 Aeneas
767 2500 839 2529 post
859 2502 981 2523 annum

179 2539 218 2566 ad
250 2538 420 2566 Anchisae
466 2538 567 2572 patris
608 2541 765 2567 tumulum
796 2541 979 2568 revertitur.

178 2584 356 2611 Praeterea
380 2591 475 2616 quum
498 2583 639 2619 fabulas,
667 2591 750 2617 quae
771 2587 809 2613 de
829 2586 980 2614 Troianis

180 2631 366 2663 exstabant,
393 2629 425 2656 in
451 2636 544 2657 suam
572 2629 750 2657 transferre
778 2633 874 2659 veltet
902 2639 977 2659 nar-

179 2674 354 2706 rationem,
391 2681 518 2702 suntmo
550 2675 685 2702 artificio
717 2681 745 2703 et
770 2677 890 2710 Erycis
920 2684 980 2711 pu-

180 2718 255 2751 gilis
290 2723 319 2746 et
353 2719 486 2747 navium
518 2720 727 2748 incensarum
759 2725 788 2748 et
818 2724 979 2756 Segestae

180 2763 268 2790 urbis
295 2771 315 2791 a
331 2764 482 2793 Troianis
510 2766 660 2794 conditae
680 2767 868 2795 memoriam
890 2775 980 2796 com-

180 2809 299 2842 plexus
328 2814 389 2836 est.

183 2859 318 2891 1—-34,
366 2861 505 2892 Troiani
540 2872 556 2892 a
591 2861 798 2904 Carthagine
833 2863 978 2905 profecti

179 2908 384 2946 tempestate
410 2905 451 2937 ad
472 2906 624 2939 Siciliam
647 2908 820 2950 appellere
848 2919 977 2951 cogun-
1022 2921 1095 2952 pax
1122 2911 1261 2952 polluta
1287 2914 1402 2942 dicitur
1430 2914 1466 2950 7,
1492 2911 1570 2941 467.

545 2957 580 2983 tu
586 2963 611 2983 Γ.

230 2997 255 3025 1.
289 2995 441 3036 Interea,
483 3000 556 3027 dum
595 3008 633 3029 ea
674 3006 844 3038 geruntur,
891 3010 975 3037 quae

1033 1549 1208 1574 narrantur
1239 1543 1279 1581 4,
1310 1544 1378 1574 584
1418 1553 1489 1579 sqq,
1555 1541 1708 1581 Interea,
1747 1546 1834 1579 quod

1033 1593 1121 1619 valet
1147 1593 1186 1619 ad
1206 1592 1425 1620 narrationem
1445 1591 1700 1619 continuandam
1722 1590 1834 1625 incipit

1033 1637 1129 1665 etiam
1149 1638 1264 1665 librum
1288 1639 1312 1666 X
1331 1642 1360 1664 et
1385 1639 1435 1665 ΧΙ.
1451 1652 1495 1655 ——
1517 1633 1585 1664 Iler
1611 1639 1728 1664 tenere
1749 1636 1835 1665 idem

1031 1687 1080 1710 est
1101 1684 1186 1716 quod
1203 1690 1341 1711 cursum
1362 1684 1477 1710 tenere
1498 1680 1528 1715 3,
1555 1680 1633 1709 686.
1679 1678 1834 1710 Medium

1031 1733 1139 1756 autem
1178 1736 1273 1756 omne
1307 1728 1437 1763 dicitur,
1479 1728 1564 1760 quod
1599 1731 1673 1761 post
1709 1727 1833 1756 initium

1030 1778 1079 1801 est
1113 1773 1154 1801 cf.
1192 1773 1225 1810 t,
1259 1772 1338 1801 505.
1381 1772 1418 1808 2,
1451 1771 1528 1800 240.
1575 1770 1613 1810 3,
1642 1772 1718 1801 665.
1784 1772 1832 1803 cf.

1031 1826 1221 1848 sermonem
1242 1816 1393 1847 medium
1420 1817 1457 1854 4,
1482 1817 1560 1846 ΞΠ.

1077 1889 1109 1919 2.
1135 1893 1231 1919 atros
1249 1888 1556 1930 aquilonefluccus
1579 1887 1728 1919 secabat.
1765 1892 1835 1920 An-

1031 1936 1110 1970 tiqui
1159 1939 1376 1964 observarunt
1426 1936 1581 1966 ..Austris
1631 1937 1832 1970 spirantibus

1032 1989 1121 2010 mare
1153 1982 1220 2010 fieri
1247 1984 1400 2016 glaucum
1432 1987 1461 2009 et
1489 1983 1695 2016 caeruleum,
1728 1983 1833 2017 Aqui-

1031 2028 1162 2055 lonibus
1182 2028 1357 2056 obscurius
1377 2025 1580 2061 utriusques‘
1621 2029 1703 2056 Geli.
1725 2027 1756 2061 2,
1777 2027 1832 2058 30.

1076 2098 1107 2128 3.
1136 2098 1271 2129 moenia
1296 2096 1496 2139 respiciens.
1546 2101 1582 2128 In
1612 2101 1719 2127 locum
1748 2101 1833 2130 enim

1031 2146 1140 2180 magni
1185 2146 1296 2181 gaudii
1338 2145 1491 2179 magnive
1539 2145 1661 2173 doloris
1702 2151 1830 2183 testem,

1032 2192 1224 2225 praesertim
1246 2199 1341 2225 quem
1359 2191 1451 2218 inviti
1476 2190 1680 2226 reliquimus,
1705 2193 1832 2220 abeun-

1031 2240 1081 2265 tes
1113 2239 1262 2265 solemus
1293 2236 1474 2270 respicere.
1535 2235 1589 2264 Sic
1622 2243 1675 2270 ap.
1711 2238 1767 2266 Sil.
1799 2237 1832 2275 8,

1032 2280 1098 2309 108
1143 2279 1345 2320 Respiciens
1388 2287 1565 2319 aegerque
1605 2279 1717 2311 animi
1760 2285 1832 2312 lum

1028 2334 1144 2367 regna
1169 2324 1298 2367 reliqui
1324 2328 1450 2355 vestra.

1075 2391 1106 2421 4.
1134 2391 1303 2422 collucent
1319 2390 1489 2432 flammis.
1530 2394 1612 2422 Dido
1630 2395 1703 2423 sive
1719 2398 1832 2429 Elissa

1029 2438 1060 2466 in
1082 2439 1157 2473 ipso
1183 2446 1262 2472 rogo
1289 2447 1327 2467 se
1352 2439 1578 2475 interfecerat,
1612 2448 1684 2469 eum
1713 2447 1828 2476 postea

1028 2484 1200 2512 incensum
1237 2493 1315 2512 esse
1358 2486 1397 2513 ad
1444 2486 1653 2514 cremandum
1691 2487 1829 2516 Didonis

1028 2537 1152 2563 corpus
1186 2530 1372 2565 probabile;
1408 2537 1503 2563 quam
1530 2529 1690 2560 flammam
1718 2533 1828 2562 vident

1029 2575 1178 2607 Troiani,
1213 2575 1266 2608 qui
1290 2574 1386 2604 flante
1411 2576 1564 2609 aquilone
1589 2585 1653 2605 non
1679 2582 1828 2612 poterant

1028 2628 1106 2648 esse
1131 2622 1228 2655 longe
1256 2621 1435 2655 progressi.

1073 2686 1103 2715 5.
1131 2696 1262 2727 magno
1288 2695 1406 2716 amore
1423 2684 1570 2727 polluto.
1614 2690 1754 2717 Dolores
1783 2698 1827 2719 ex

1028 2741 1082 2765 eo,
1117 2735 1201 2767 quod
1229 2740 1368 2767 magnus
1396 2741 1487 2761 amor
1513 2735 1673 2768 pollutus,
1707 2736 1824 2764 laesus

1028 2783 1088 2806 est.
1143 2775 1319 2807 Polluitur
1349 2778 1432 2806 enim
1459 2779 1543 2812 quod
1571 2786 1635 2806 non
1659 2779 1825 2809 sincerum

1028 2827 1058 2850 et
1100 2828 1227 2852 castum
1271 2828 1487 2857 sanctumque
1528 2828 1682 2852 servatur
1716 2824 1757 2852 cf.
1792 2825 1824 2863 2,

1026 2868 1103 2896 686.
1154 2870 1254 2897 Amor
1273 2869 1439 2903 polluitur,
1463 2868 1491 2897 si
1517 2867 1639 2896 fallitur
1656 2869 1752 2904 fides;
1779 2871 1825 2900 ita

1620 2915 1824 2949 Quamquam

1024 2966 1166 2986 amorem
1213 2958 1280 2987 falti
1325 2959 1451 2994 potius,
1504 2966 1599 2992 quam
1640 2961 1744 2994 pollui
1782 2963 1824 2991 ab

1024 3004 1137 3032 Aenea
1164 3004 1324 3033 videmus.
1384 3001 1434 3032 Pl.
1459 3003 1542 3032 corii.
1570 3001 1728 3045 abrupto.
