2023 3350
174 137 251 175 114

723 132 762 163 P.
793 129 987 164 VIRGILII
1019 131 1228 166 MARONIS

170 245 431 300 Adspiciam‚
474 247 548 286 aut
581 243 723 285 Graiis
761 243 964 285 servitum
997 245 1207 288 matribus
1241 245 1325 298 ibo,

171 303 402 353 Dardanis,
447 305 489 343 et
523 301 646 342 divae
680 300 860 343 Veneris
898 315 1055 355 nurus,

172 360 249 403 Sed
288 373 355 401 me
385 373 541 413 magna
580 358 707 399 deum
742 359 935 412 genetrix
971 358 1038 400 his
1071 358 1234 402 detinet
1268 360 1366 402 oris.

170 419 347 470 Iamque
385 416 495 467 vale,

541 419 584 456 et
621 415 715 457 nati
749 429 873 457 serva
903 417 1138 458 communis
1171 431 1371 459 amorem.

171 475 288 516 Haec
320 473 392 515 ubi
424 473 539 514 dicta
570 472 708 525 dedit,
748 473 1047 516 lacrimantem
1080 478 1122 516 et
1153 476 1290 517 multa
1321 476 1532 518 volentem

171 532 323 573 Dicere
358 531 565 582 deseruit,
608 534 842 585 tenuesque
877 532 1054 574 recessit
1089 532 1135 573 in
1165 547 1304 575 auras.

171 589 252 630 Ter
285 591 461 630 conatus
492 587 552 629 ibi
589 589 699 630 collo
736 587 840 631 dare
872 588 1052 631 brachia
1082 590 1261 643 circum;

172 647 252 688 Ter
287 645 450 687 frustra
486 659 738 700 comprensa
774 660 926 688 manus
968 646 1117 700 effugit
1151 648 1308 702 imago,

170 705 254 745 Par
287 703 451 745 levibus
487 704 624 746 ventis
662 704 911 758 volucrique
945 705 1160 746 simillima
1197 718 1359 747 somno.

172 761 241 803 Sic
278 761 448 802 demum
479 761 617 803 socios
649 766 905 816 consumpta
938 766 1065 804 nocte
1096 764 1247 804 reviso.

281 819 422 873 Atque
458 818 527 860 hic
561 819 775 874 ingentem
814 820 1018 862 comitum
1051 820 1282 862 adfluxisse
1314 834 1519 862 novorum

170 876 342 918 Invenio
379 876 596 919 admirans
630 891 874 931 numerum,
913 881 1180 932 matresque,

1221 879 1433 933 virosque,

172 933 404 976 Collectam
439 934 586 976 exsilio
618 935 796 989 pubem,
834 935 1078 978 miserabile
1112 936 1275 990 volgus.

172 991 370 1045 Undique
402 1005 652 1045 convenere,
691 993 845 1035 animis
877 994 1116 1048 opibusque
1151 995 1305 1049 parati,

172 1050 221 1091 In
257 1063 533 1104 quascunque
572 1051 698 1093 velim
732 1052 886 1106 pelago
922 1052 1132 1094 deducere
1162 1056 1314 1094 terras.

220 1176 295 1207 786.
321 1187 389 1208 non
415 1195 460 1198 —
487 1181 549 1208 aut
579 1180 617 1208 cf.
645 1178 675 1215 3,
704 1177 756 1209 43.
791 1196 828 1200 —-
863 1177 971 1209 servi-

174 1227 247 1254 tum
269 1221 323 1253 ibo
352 1224 390 1253 ef.
417 1225 474 1253 Sil.
502 1224 537 1261 2,
563 1223 627 1253 567
655 1224 698 1254 Αἱ
724 1234 786 1254 uos
815 1223 970 1254 sidoniis

168 1267 385 1308 famulatum
430 1269 598 1300 matribus
642 1273 742 1301 actas
790 1269 970 1311 Carthago

176 1313 346 1355 adspiciet
381 1313 515 1345 victrix.
566 1318 678 1346 Claud.
706 1319 744 1346 R.
771 1319 805 1346 P.
842 1315 879 1354 2,
905 1315 970 1345 264

179 1358 353 1390 Servitum
374 1359 499 1402 Stygio
521 1359 630 1391 ducor
647 1361 789 1403 captiva
808 1365 970 1403 tyranno.

220 1404 295 1435 788.
326 1403 463 1448 Magna
496 1404 597 1437 deum
629 1413 677 1437 est
711 1409 849 1444 Cybele.
888 1416 972 1444 quae

175 1453 273 1481 etiam
303 1453 383 1481 alibi
412 1454 600 1482 Aeneadum
632 1455 718 1491 genti
749 1455 888 1490 propilia
913 1460 969 1483 est.

176 1498 223 1527 Cf.
251 1496 287 1535 9,
314 1495 356 1526 77
382 1506 428 1534 sq
476 1500 530 1528 Ad
557 1502 639 1529 1111110
671 1502 778 1529 10011111
805 1501 843 1530 cf
871 1502 968 1529 Paus.

180 1543 230 1579 to
251 1541 304 1593 26,
324 1542 351 1573 l.
382 1538 438 1572 ἐπὶ
463 1538 501 1573 δὲ
526 1541 571 1585 τῇ
603 1539 771 1597 Κρεούσῃ
797 1540 971 1585 λέγουσιν,

177 1581 226 1624 οἷς
254 1581 278 1628 ἦ
305 1585 406 1618 θεῶν
431 1582 549 1639 μήτηρ
579 1587 641 1619 καὶ
663 1568 853 1644 Ἀφροδίτη
885 1587 971 1620 δου-

175 1630 271 1669 mag
300 1627 375 1663 ἀπὸ
400 1628 574 1674 Ἑλλήνων
604 1628 722 1674 αὐτὴν
754 1629 968 1674 ἐῤῥύσαντο.

177 1680 224 1709 Cf.
247 1678 277 1718 6,
301 1678 376 1709 785.
416 1696 453 1700 —-
492 1678 547 1710 his
574 1678 644 1711 oris
669 1682 725 1719 „in
748 1683 865 1716 quihus
889 1683 969 1712 coli-

176 1725 246 1755 tur·
273 1728 304 1755 S.

221 1772 263 1800 Ut
290 1772 359 1801 iure
388 1776 494 1806 posset
526 1781 658 1801 uxorem
691 1774 804 1802 ducere
835 1775 968 1802 Aeneas

176 1825 295 1846 novam
317 1817 548 1854 [LaviniamJ.
582 1827 714 1848 necesse
738 1824 804 1848 erat
830 1820 969 1854 priorem

177 1871 250 1892 esse
272 1868 429 1892 mortuam
453 1864 643 1893 certissimis
666 1865 771 1894 doceri
798 1866 968 1894 documen-

178 1909 229 1937 tis.
277 1910 398 1938 Deinde
423 1917 464 1938 ex
486 1918 520 1938 re
544 1914 621 1947 erat,
646 1919 686 1939 ne
709 1911 855 1939 levitatis
878 1911 968 1940 incu-

178 1959 304 1983 saretur
326 1955 474 1991 Aeneas,
507 1958 547 1984 ab
575 1956 648 1990 ipsa
674 1957 798 1985 Creusa
827 1965 899 1985 eum
929 1959 968 1986 ad

178 2002 314 2029 alterum
360 2001 554 2030 connubium
592 2001 724 2037 impelli.
797 2004 833 2031 Id
872 2003 969 2032 etiam

179 2046 411 2080 providendum
447 2051 533 2084 erat,
577 2051 610 2075 ut
644 2048 677 2076 in
705 2053 802 2077 morte
828 2049 969 2078 Creusae

179 2093 275 2126 culpa
306 2097 439 2121 vacaret
466 2093 609 2121 Aeneas.
659 2095 746 2123 Haec
777 2095 885 2123 omnia
914 2102 970 2123 as-

179 2141 308 2166 secutus
335 2141 383 2166 est
409 2138 579 2174 Virgilius.
629 2140 690 2168 Sed
715 2142 775 2169 hoc
804 2142 970 2170 oraculum

179 2183 321 2212 Creusae
349 2191 475 2213 omnem
505 2185 661 2213 rationem
691 2193 797 2214 rerum
832 2194 969 2221 sequen-

178 2229 256 2257 tium
280 2229 448 2264 pervertit;
480 2238 582 2264 neque
604 2231 689 2259 enim
712 2226 874 2261 eiroribus
898 2236 970 2267 post

179 2279 245 2303 tam
263 2279 382 2303 certum
402 2277 567 2304 oraculum
592 2277 681 2305 locus
705 2282 782 2315 erat,
803 2282 833 2307 et
858 2279 969 2307 statim

180 2324 284 2355 petere
323 2321 455 2349 Aeneas
502 2322 633 2350 debebat
677 2323 762 2351 ostia
807 2324 968 2353 Tiberina.

179 2367 277 2394 Poeta
302 2370 409 2395 autem
434 2369 493 2396 1100
519 2369 703 2405 oraculum,
735 2376 774 2398 ac
805 2370 835 2398 si
859 2371 969 2399 datum

180 2420 242 2440 non
265 2417 368 2445 esset,
407 2421 470 2441 non
497 2419 595 2442 curat.
644 2415 725 2442 Nam
750 2412 788 2451 3,
813 2413 832 2443 7
866 2422 970 2452 agun-

180 2462 230 2486 tur
265 2458 391 2492 quidem
420 2459 566 2495 auguriis
595 2460 725 2497 divom,
764 2464 797 2488 ut
832 2462 969 2495 patriam

181 2503 379 2539 relinquant,
410 2505 465 2533 sed
491 2505 604 2533 incerti
627 2510 716 2538 sunt,
748 2514 808 2540 quo
832 2507 899 2535 fata
923 2507 969 2535 fe-

181 2553 260 2576 rant.
312 2550 415 2584 Quare
451 2550 515 2578 iam
551 2551 585 2579 in
615 2551 755 2580 Thracia
788 2552 969 2589 considunt,

181 2601 281 2628 eaque
315 2597 353 2623 01)
388 2596 567 2625 incolarum
596 2597 815 2625 crudelitatem
844 2598 968 2633 relicta,

182 2640 295 2668 Delum
316 2645 434 2677 petunt,
459 2643 647 2677 Apollinem
669 2643 855 2671 consulturi.
905 2644 969 2671 Re-

184 2692 300 2718 sponso
325 2692 468 2722 accepto,
499 2689 553 2716 sed
578 2690 661 2716 male
683 2689 860 2725 intellecto,
892 2689 969 2717 Cre-

184 2734 246 2757 tam
274 2731 427 2767 incolunt·,
468 2735 594 2762 tandem
624 2734 805 2768 pestilentia
837 2735 969 2763 excitati

183 2780 349 2805 monentur
378 2786 398 2805 a
424 2779 615 2812 Penatibus,
653 2780 782 2808 ltaliam
814 2788 886 2808 esse
917 2788 969 2809 se-

185 2821 254 2848 dem
291 2821 439 2851 futuram.
487 2826 555 2853 Iam
588 2833 629 2853 ex
665 2833 701 2854 eo
737 2830 874 2860 tempore
914 2834 969 2860 per

185 2866 295 2894 varios
325 2869 449 2900 quidem
481 2878 595 2907 casuS,
632 2879 688 2905 per
713 2875 756 2899 tot
780 2872 968 2901 discrimina

184 2919 288 2940 rerum
318 2915 445 2941 tendunt
470 2916 501 2943 in
527 2893 668 2953 Latium,
707 2918 763 2945 sed
795 2917 873 2945 certi
905 2926 966 2952 quo

186 2957 249 2985 tata
282 2957 482 2993 ferant,nl1i
513 2962 626 2990 sistere
655 2963 753 2991 detur.
802 2963 908 2991 Etiam
936 2962 965 3001 3,

186 2999 250 3030 182
275 3005 366 3031 nulla
391 2980 419 3031 iit
444 3006 583 3035 Creusae
610 3008 742 3046 mentio,
776 3008 868 3037 euius
893 3016 965 3038 ora-

185 3049 292 3076 culum
321 3052 387 3078 tum
410 3050 537 3079 debehat
569 3054 728 3082 iecordari
750 3054 895 3092 Aeneas,
934 3055 964 3083 si

1723 1051 1807 1091 800

1017 1189 1158 1215 unquam
1188 1186 1309 1217 poterat
1341 1180 1502 1210 oblivisci.
1561 1179 1718 1208 videmus
1750 1181 1809 1208 hoc

1017 1229 1183 1257 oraculum
1221 1229 1261 1256 ad
1295 1228 1341 1264 id,
1382 1227 1465 1261 quod
1500 1225 1643 1260 proxime
1676 1226 1810 1254 debebat

1017 1273 1159 1309 efficere,
1190 1275 1269 1301 bene
1291 1273 1517 1307 compositum.
1552 1279 1625 1300 cum
1647 1271 1809 1306 sequenti-

1017 1321 1077 1348 bus
1108 1320 1305 1355 discrepare3
1347 1324 1374 1347 et
1406 1318 1626 1353 corrigendum
1659 1322 1728 1345 erat
1753 1317 1809 1353 ita,

1017 1369 1049 1393 ut
1088 1369 1117 1393 et
1151 1366 1273 1394 Creusa
1307 1370 1425 1393 certum
1464 1363 1586 1397 aliquid
1627 1364 1664 1391 de
1701 1363 1810 1391 futura

1017 1412 1093 1439 sede
1122 1411 1292 1445 indicaret,
1331 1418 1434 1444 neque
1465 1414 1572 1437 tamen
1603 1409 1649 1437 ita
1678 1413 1808 1445 certum,

1017 1461 1051 1485 ut
1076 1456 1181 1485 omnis
1206 1457 1281 1485 viae
1304 1464 1391 1484 error
1415 1456 1588 1483 tolleretur.
1644 1451 1727 1486 Wd.
1753 1463 1811 1482 su-

1018 1503 1074 1531 mit
1096 1503 1241 1531 Aeneam
1274 1507 1339 1530 tam
1370 1502 1474 1530 subito
1505 1502 1614 1529 datum
1645 1502 1811 1529 oraculum

1017 1556 1080 1576 non
1115 1549 1224 1577 statim
1256 1548 1456 1583 percepisse,
1495 1546 1684 1581 praesertim
1712 1554 1811 1581 quum

1016 1595 1086 1629 ipse
1110 1599 1286 1623 commotus
1304 1598 1391 1622 esset-
1412 1593 1530 1622 animo.
1580 1593 1624 1621 At
1646 1596 1711 1622 tam
1731 1594 1811 1621 hene

1016 1640 1171 1677 percepit,
1206 1644 1239 1669 ut
1277 1643 1347 1675 post
1386 1643 1507 1674 septem
1539 1645 1645 1667 annos
1677 1645 1810 1667 narrare

1016 1690 1134 1721 possen

1062 1729 1138 1759 791.
1165 1733 1284 1761 tenues
1309 1727 1438 1759 recedit
1456 1727 1491 1758 in
1510 1737 1618 1758 auras
1633 1729 1672 1758 ef.
1686 1729 1716 1762 5.
1731 1726 1809 1758 740.

1062 1774 1142 1805 792.
1164 1778 1262 1805 Iidem
1287 1784 1404 1805 versus
1429 1780 1503 1805 sunt
1530 1773 1560 1812 6,
1582 1772 1658 1803 700.
1703 1775 1749 1804 Cf.
1773 1777 1808 1804 G.

1015 1820 1050 1859 4,
1077 1820 1152 1850 500.
1209 1824 1333 1851 Versus
1368 1819 1539 1849 792—94
1577 1821 1663 1850 eiicit
1699 1828 1810 1850 omnes

1020 1865 1099 1897 Lll.
1138 1866 1214 1897 792.
1243 1866 1285 1896 93
1322 1865 1425 1905 ΙΓ(Ι.,
1450 1868 1505 1902 qui
1527 1875 1559 1895 v.
1585 1864 1662 1894 792.
1680 1865 1721 1895 93
1749 1869 1811 1896 11110

1017 1915 1127 1943 illatos
1152 1919 1241 1949 putat
1271 1923 1312 1942 ex
1337 1914 1417 1942 libro
1438 1914 1512 1950 VL,
1543 1920 1675 1941 versum
1703 1916 1810 1941 autem

1015 1957 1081 1988 794
1110 1960 1186 1989 hinc
1213 1961 1246 1988 in
1270 1961 1386 1988 librum
1411 1960 1467 1987 VI.
1519 1955 1647 1987 Mulier
1678 1959 1811 1995 „insani

1016 2006 1154 2035 hominis
1173 2005 1268 2034 esse*
1295 2010 1382 2040 putat
1409 2013 1494 2039 „non
1518 2005 1608 2033 modo
1628 2006 1728 2033 semel
1754 2005 1812 2033 sed

1016 2056 1061 2080 ter
1079 2052 1188 2081 conari
1207 2060 1278 2080 eum
1296 2051 1455 2086 amplecti,
1472 2058 1491 2079 a
1511 2059 1572 2085 quo
1588 2050 1629 2079 sit
1646 2046 1812 2079 relictusf‘

1024 2095 1127 2132 Wd„
1167 2098 1221 2132 qui
1252 2099 1353 2126 semel
1383 2105 1449 2126 rem
1472 2097 1589 2126 factam
1617 2095 1728 2134 ferret,
1765 2101 1811 2125 ter

1018 2143 1137 2172 factam
1170 2151 1303 2172 narrare
1330 2143 1465 2172 nimium
1495 2150 1568 2171 esse
1602 2146 1719 2171 censet.
1766 2143 1812 2170 At

1017 2190 1174 2218 Homerus
1199 2190 1255 2224 qui
1275 2190 1358 2218 idem
1380 2189 1494 2217 iisdem
1517 2189 1600 2217 dixit
1624 2188 1733 2217 verbis
1753 2189 1810 2217 Od.

1018 2231 1069 2269 11,
1097 2233 1160 2263 206
1182 2244 1258 2264 1111111
1285 2235 1424 2263 insanus
1447 2237 1538 2263 homo
1559 2235 1628 2263 est?

1061 2279 1136 2309 793.
1159 2279 1297 2317 frustra
1319 2288 1519 2320 comprensa
1539 2288 1664 2309 manus
1683 2276 1813 2321 effugit

1016 2326 1054 2355 cf.
1084 2324 1114 2361 4,
1142 2324 1195 2354 22.

1062 2369 1137 2400 794.
1164 2374 1317 2400 Somnum
1335 2373 1458 2400 alatum
1480 2371 1652 2407 pingebant
1675 2372 1810 2410 antiqui,

1016 2417 1087 2446 inde
1118 2414 1275 2455 volucer,
1317 2418 1370 2452 qui
1402 2418 1547 2445 celeriter
1576 2418 1703 2453 avolat;
1748 2426 1810 2446 non

1014 2463 1089 2491 licet
1111 2471 1260 2492 somnum
1289 2471 1344 2498 pro
1369 2464 1503 2501 somnio,
1528 2455 1667 2505 ὀνείρῳ,
1691 2464 1810 2493 dictum

1016 2515 1171 2544 acmpere.

1016 2584 1080 2616 796
1097 2604 1140 2606 —
1156 2585 1232 2616 804.
1280 2583 1418 2616 Aeneas
1444 2593 1523 2616 cum
1550 2585 1625 2617 suis
1651 2585 1687 2617 in
1712 2594 1812 2617 mon-

1253 2634 1320 2662 tem
1348 2630 1445 2662 Idam
1472 2630 1571 2663 cedit.

1060 2686 1136 2717 797.
1167 2687 1308 2719 Invenio
1334 2688 1533 2727 admirans,
1554 2687 1608 2720 ich
1622 2687 1725 2730 finde
1749 2687 1810 2720 mit

1021 2732 1311 2776 Verwunderung
1338 2736 1376 2765 cf.
1404 2734 1431 2773 1,
1451 2734 1528 2766 305.

1060 2779 1137 2809 798.
1164 2779 1305 2818 exsilio,
1343 2786 1377 2810 ut
1410 2782 1468 2811 iret
1503 2783 1536 2811 in
1563 2781 1726 2811 exsilium.
1769 2796 1807 2800 —

1020 2823 1129 2855 Pubes
1153 2828 1191 2855 de
1214 2829 1331 2862 populo
1358 2828 1476 2857 dictum
1498 2826 1529 2865 7,
1555 2824 1629 2856 219.
1666 2823 1719 2855 Pl.
1739 2828 1811 2855 vult

1013 2869 1149 2901 turbam
1175 2874 1257 2907 quod
1281 2874 1390 2908 aptius
1413 2874 1455 2902 sit
1480 2875 1521 2902 ad
1545 2881 1576 2902 v.
1601 2869 1809 2901 miserabile.

1058 2915 1135 2946 800.
1163 2920 1281 2953 „quta
1320 2928 1439 2949 morem
1475 2920 1656 2948 Romanum
1697 2918 1810 2947 deduci

1013 2964 1159 2992 coloniae
1179 2964 1375 2994 dicebantur.
1403 2966 1512 2993 'Bene
1534 2971 1608 3001 ergo
1633 2964 1671 2991 de
1693 2964 1808 2993 Aenea

1012 3009 1093 3037 dixit
1121 3007 1300 3047 deducere,
1329 3012 1410 3047 quod
1437 3011 1486 3039 eis
1511 3011 1676 3040 civitatem
1700 3010 1809 3039 condi-

1012 3059 1103 3083 turus
1128 3053 1230 3084 erat.“
1254 3057 1286 3084 S.
