2023 3350
309 161 362 201 88

867 158 901 189 P.
929 157 1118 191 VIRGILII
1152 159 1364 192 MARONIS

307 272 494 314 Plurima
528 284 686 324 perque
719 270 808 311 vias
843 273 1094 312 sternuntur
1132 272 1288 313 inertia
1320 273 1478 326 passim

308 330 515 382 Corpora,
559 340 716 381 perque
751 327 898 368 domos
939 331 981 369 et
1014 328 1215 381 religiosa
1251 329 1425 371 deorum

541 385 628 426 Nec
660 384 739 425 soli
778 397 934 437 poenas
965 384 1071 426 dant
1110 387 1314 440 sanguine
1351 387 1522 439 Teucri,

307 386 483 427 Limina.

308 442 530 493 Quondam
560 442 688 483 etiam
720 442 843 482 victis
875 441 988 484 redit
1019 443 1062 483 in
1097 444 1350 496 praecordia
1386 445 1533 497 virtus,

307 499 587 552 Victoresque
621 498 779 540 cadunt
815 499 966 540 Danai.

306 558 465 598 Luctus
478 590 486 608 ,

306 671 554 724 Androgeos
596 670 721 712 offert
756 670 896 722 nobis,

1027 499 1219 550 Crudelis
1254 501 1410 555 ubique

528 555 687 609 ubique
726 570 880 609 pavor,
925 560 967 598 et
1000 557 1184 611 plurima
1226 560 1376 600 mortis
1412 560 1565 613 imago.

421 614 585 654 Primus
624 627 668 654 se
697 614 910 666 Danaum,
956 628 1111 668 magna
1147 617 1378 658 comitante
1413 620 1595 668 caterva,

1851 619 1933 657 370
1992 600 1994 602 ’

306 729 486 779 Inscius,
525 731 654 782 atque
688 727 802 770 ultro
837 728 976 770 verbis
1011 731 1239 783 compellat
1276 731 1443 772 amicis:

306 786 538 837 Festinate,
577 786 667 826 viri.

309 843 518 896 Segnities
527 843 546 884 ¹?

605 843 691 884 Alii
728 844 901 897 rapiunt
933 844 1105 886 incensa
1137 844 1362 899 feruntque

307 901 536 953 Pergama:
573 914 646 942 vos
683 901 806 943 celsis
840 915 951 942 nunc
986 903 1169 955 primum
1206 916 1232 944 a
1266 901 1444 944 navibus
1479 902 1573 943 itis!

307 959 429 1000 Dixit
468 961 510 999 et
548 958 776 1012 extemplo,
818 972 955 1012 neque
995 960 1105 1001 enim
1143 974 1347 1013 responsa
1386 959 1600 1001 dabantur

307 1015 414 1057 Fida
452 1015 575 1067 satis,
613 1016 755 1057 sensit.

310 1073 545 1127 Obstipuit,
586 1077 788 1126 retroque
821 1073 973 1127 pedem
1015 1089 1110 1115 cum
1147 1088 1250 1116 voce
1289 1074 1505 1129 repressit.

309 1131 588 1184 Improvisum
623 1131 761 1184 aspris
797 1131 929 1173 veluti
968 1132 1041 1183 qui
1077 1132 1268 1174 sentibus
1309 1146 1488 1185 anguem

309 1188 468 1230 Pressit
506 1188 623 1229 humi
653 1189 809 1241 nitens,
850 1188 1130 1243 trepidusque
1166 1193 1338 1244 repente
1372 1189 1533 1242 refugit

357 1337 432 1368 364.
462 1337 592 1370 laertia
617 1345 689 1369 sunt
715 1342 811 1378 „dum
837 1341 1038 1377 occiduntur,
1067 1345 1101 1370 ut

315 1384 369 1420 [G.
405 1384 439 1421 2,
468 1383 550 1421 172]
592 1387 751 1415 imbellem
788 1387 910 1415 averiis
944 1387 1102 1415 Romanis

310 1431 439 1460 arcibus
465 1433 592 1460 Indum:
620 1434 678 1461 hoc
702 1437 768 1468 est,
799 1433 972 1461 avertendo
995 1437 1101 1461 osteu-

311 1477 361 1505 dis
384 1476 564 1505 imbellem·‘
589 1479 619 1505 S.
652 1477 690 1506 cf.
715 1479 755 1506 ad
781 1475 810 1512 4,
836 1475 888 1505 22.
938 1479 988 1506 Ita
1020 1486 1101 1506 mor-

312 1527 382 1550 tuos
415 1523 488 1551 uicit
521 1520 651 1563 vulgus
676 1520 767 1552 iners
799 1524 909 1552 Claud.
937 1524 976 1551 R.
1006 1525 1041 1551 P.
1070 1521 1098 1559 1,

312 1566 364 1595 20.
394 1583 430 1587 -
458 1569 566 1597 Facile
591 1569 717 1603 perduci
742 1569 815 1603 quis
840 1573 957 1604 potest,
982 1574 1017 1597 ut
1039 1569 1099 1597 im-

310 1615 427 1647 belles,
465 1622 576 1651 seues,
611 1614 761 1643 mulieres
786 1622 842 1648 per
873 1612 1001 1644 inertia
1027 1622 1100 1642 cor-

309 1667 397 1698 pora
424 1659 557 1688 indicari
584 1660 761 1696 existimet,
795 1661 851 1688 sed
876 1660 971 1688 fortes
1003 1661 1099 1689 etiam

311 1706 437 1733 cadunt.
491 1705 537 1733 Cf.
582 1703 644 1733 366
677 1714 724 1740 sq.
779 1707 854 1734 Inue
890 1710 997 1734 autem
1029 1706 1099 1734 eius

310 1752 413 1779 noctis
445 1751 596 1779 atrocitas
629 1751 833 1786 intelligitur,
873 1752 955 1786 qiwd
987 1753 1100 1780 caedes

312 1796 386 1824 fiunt
413 1804 467 1830 per
492 1797 575 1827 vias.
595 1798 714 1831 domos,
739 1799 865 1831 templa.

357 1839 431 1869 367.
462 1838 643 1878 Quondam
686 1846 731 1870 est
777 1844 910 1877 quodam
953 1847 1100 1877 tempore,

312 1887 484 1917 interdum:
529 1888 576 1915 sic
613 1888 677 1916 Cic.
715 1888 788 1915 Div.
830 1887 865 1918 1.
900 1885 940 1915 43
989 1885 1100 1925 Quum

311 1941 412 1972 saepe
440 1929 608 1971 lapidum,
629 1930 816 1972 sanguinis
839 1940 1101 1971 nonnunquam.

312 1980 425 2006 terrae
449 1975 637 2011 interdum.
672 1975 843 2016 quondam
871 1976 972 2007 etiam
1002 1975 1103 2006 lactis

313 2020 418 2051 imber
439 2019 592 2061 defluxit.
628 2024 701 2051 Hor.
727 2023 761 2051 C.
788 2021 818 2060 2,
846 2020 896 2059 10,
923 2021 962 2051 18
987 2020 1102 2061 Quon-

312 2065 392 2096 dam
423 2065 559 2097 cithara
586 2070 752 2098 tacentem
780 2067 925 2098 suscitat
953 2066 1102 2105 Musam,

312 2121 419 2151 neque
441 2121 571 2151 semper
594 2122 710 2142 arcum
733 2111 842 2142 tendit
861 2112 994 2153 Apollo.
1021 2115 1104 2143 Hinc

314 2159 408 2187 etiam
435 2159 466 2186 in
490 2160 791 2195 comparationibus,
818 2163 849 2187 ut
875 2158 948 2188 416.
975 2157 1005 2195 7,
1026 2157 1100 2188 699.

318 2202 366 2232 12.
395 2203 470 2232 863.
514 2207 549 2233 G.
571 2203 599 2236 3.
626 2202 678 2233 99.
712 2207 770 2233 Ov.
797 2207 838 2233 Μ.
866 2203 896 2238 8,
924 2203 996 2233 192.

358 2247 433 2277 369.
459 2248 577 2278 mortis
613 2246 733 2290 imago
779 2251 816 2279 ef.
859 2248 896 2287 S,
932 2249 1006 2278 557.
1061 2265 1098 2270 —

312 2296 473 2329 Asperum
513 2295 670 2324 hominem
707 2297 949 2332 grammaticum
999 2296 1099 2330 scrip-

312 2341 395 2369 sisse
422 2341 517 2368 sumit
545 2338 626 2370 Hb„-
647 2338 758 2370 luctus
779 2338 904 2381 ubique
925 2349 1103 2381 pavorque

313 2388 355 2415 et.
403 2387 490 2420 Quod
514 2387 543 2414 si
565 2387 610 2415 ita
632 2388 772 2424 scripsit,
794 2388 951 2422 peccavit.

347 2463 413 2494 370
431 2480 474 2486 —
491 2463 567 2495 401.

359 2519 433 2550 371.
462 2519 670 2561 Androgeos
695 2526 745 2555 „et
770 2524 892 2550 Graeca
916 2526 963 2549 est
987 2525 1016 2549 et
1042 2522 1101 2549 At-

315 2569 378 2597 tica
401 2567 592 2597 declinatio*
609 2570 640 2596 S.
676 2568 775 2595 Homo
801 2576 863 2595 non
885 2567 971 2595 alias
997 2572 1099 2595 notus.

358 2611 433 2641 373.
467 2611 541 2642 Γὶνί
560 2613 775 2647 „increpantis
795 2611 876 2641 estf·
899 2614 929 2640 S.
952 2627 989 2631 --
1013 2608 1100 2639 Nam

315 2666 403 2696 quae
422 2663 478 2687 etc.
514 2660 623 2687 eodem
647 2659 736 2687 modo
767 2662 839 2686 sunt
863 2660 963 2686 verba
992 2657 1101 2685 iuncta

315 2705 349 2731 G.
379 2700 408 2737 4,
433 2702 506 2732 445.
550 2706 584 2732 Ε.
613 2702 643 2738 9,
670 2701 720 2732 39.
769 2704 852 2732 Vere
882 2707 914 2731 ut
945 2702 1101 2731 festinetis

317 2749 476 2777 excitandi
507 2750 602 2786 estis,
639 2757 720 2784 quae
749 2749 833 2777 enim
864 2752 912 2777 est
946 2748 1101 2783 segnities

315 2797 434 2821 vestra.

361 2835 688 2889 3?4.Rapi1mtque
725 2837 930 2877 feruntque,
985 2840 1105 2867 Graece

316 2875 414 2921 (ἰγειν
436 2879 496 2911 καὶ
518 2879 656 2922 φέρειν,
691 2885 811 2914 usitata
834 2888 881 2913 est
905 2884 1043 2912 formula
1066 2886 1103 2912 de

317 2928 442 2957 urbium
467 2932 496 2956 et
519 2930 656 2958 locorum
681 2931 862 2965 direptione.

363 2970 437 3001 377.
467 2971 581 3002 Sensit
613 2984 655 3004 sc.
690 2984 827 3004 errorem
859 2983 970 3009 suum,
1007 2982 1041 3003 se
1071 2975 1104 3002 in

316 3021 423 3046 hostes
461 3019 621 3048 incidisse.
675 3023 724 3049 Ita
762 3017 866 3049 sensit
900 3021 1034 3054 nudum,
1071 3024 1105 3048 ut

316 3064 391 3097 quid
411 3064 484 3098 quis
506 3065 630 3101 sentiat,
654 3068 863 3101 supplendum
886 3066 937 3103 sit,
962 3065 1102 3100 saepius.

616 2463 772 2494 Troianis
797 2461 886 2494 favet
911 2461 1060 2493 fortuna.

943 672 1057 713 socia
1089 674 1259 726 agmina
1290 674 1463 716 credens

728 786 837 827 Nam
871 800 981 840 quae
1017 791 1108 828 tam
1143 801 1239 829 sera
1271 792 1463 830 moratur

1855 904 1935 943 375

813 1016 978 1058 Medios
1015 1016 1213 1070 delapsus
1248 1018 1293 1058 in
1336 1017 1490 1068 hostes,

1854 1191 1936 1230 380

1147 1343 1196 1370 Ita
1219 1338 1249 1378 8,
1276 1340 1350 1370 393.
1400 1343 1458 1370 Ov.
1477 1343 1518 1369 Μ.
1547 1338 1597 1375 13,
1624 1337 1698 1368 916.
1746 1341 1779 1369 F.
1806 1337 1836 1377 3,
1861 1338 1938 1370 611.

1149 1384 1178 1421 4,
1206 1384 1257 1415 17.
1285 1384 1359 1415 143.
1409 1389 1515 1421 Neque
1547 1390 1651 1415 tamen
1684 1394 1763 1420 opus
1796 1390 1863 1415 erat
1897 1388 1938 1415 ad

1148 1440 1219 1461 eam
1246 1441 1328 1469 rem,
1355 1440 1438 1467 quae
1460 1440 1515 1466 per
1537 1440 1572 1461 se
1595 1434 1697 1467 patet,
1728 1435 1937 1466 comproban-

1150 1479 1222 1506 dam
1246 1478 1357 1507 afferre
1379 1480 1477 1506 locos.
1526 1478 1594 1506 Hoc
1622 1484 1700 1505 vero
1733 1478 1801 1506 loco
1835 1475 1939 1507 sensit

1150 1524 1269 1552 obiecto
1310 1532 1373 1552 non
1415 1523 1520 1552 addito
1554 1523 1791 1552 commendatur
1831 1523 1937 1559 etiam,

1145 1570 1227 1604 quod
1260 1565 1349 1599 dixit
1384 1573 1432 1597 est
1461 1569 1531 1597 sine
1560 1568 1701 1603 obiect0;
1741 1572 1770 1597 et
1795 1572 1829 1596 ut
1857 1569 1938 1598 illud

1147 1615 1214 1643 alio
1240 1615 1331 1643 modo
1360 1622 1550 1649 expressum
1573 1614 1742 1650 praecedit,
1768 1614 1814 1642 ita
1833 1615 1939 1644 obiec-

1148 1665 1214 1689 tum
1238 1661 1278 1689 ad
1305 1658 1410 1688 sensit
1432 1668 1474 1688 ex
1495 1660 1700 1694 sequentibus
1719 1660 1828 1688 verbis
1852 1660 1939 1689 erui-

1146 1710 1204 1734 tur.
1254 1706 1307 1734 Sic
1333 1703 1369 1741 3,
1395 1703 1460 1732 663
1497 1701 1601 1733 sensit
1638 1706 1670 1733 et
1706 1701 1753 1733 ad
1788 1703 1939 1734 sonitum

1148 1748 1240 1779 voris
1267 1748 1417 1790 vestigia
1442 1747 1558 1786 torsit,
1583 1749 1636 1778 ubi
1661 1750 1702 1778 ad
1728 1747 1836 1780 sensit
1862 1759 1940 1786 sup-

1147 1797 1297 1831 plendum
1323 1800 1371 1824 est
1397 1794 1557 1824 sonitum.
1606 1796 1692 1824 Bene
1717 1799 1823 1825 autem
1849 1793 1940 1826 dixit

1147 1847 1174 1870 et
1202 1839 1306 1869 sensit
1333 1842 1377 1869 ita
1412 1842 1493 1870 nude
1518 1841 1623 1875 posita
1647 1842 1829 1877 iunguntur.
1858 1843 1940 1880 ,Ce-

1148 1887 1205 1915 teri
1246 1887 1380 1922 iungunt
1418 1883 1524 1915 sensit
1562 1894 1606 1914 m.
1639 1883 1804 1924 delapsus
1839 1883 1860 1915 i.
1890 1884 1940 1925 11,,

1149 1936 1308 1961 structura
1338 1941 1395 1961 nec
1422 1932 1607 1968 Virgiliana
1639 1940 1697 1961 nec
1719 1932 1867 1961 Romana
1898 1933 1937 1962 cf.

1149 1981 1199 2006 Gr.
1226 1978 1247 2011 ξ
1271 1975 1345 2006 437.
1371 1979 1435 2006 An.
1463 1978 1481 2005 5
1503 1982 1530 2006 et
1556 1977 1646 2006 Billr.
1678 1978 1700 2011 ς
1725 1975 1801 2015 396,
1827 1976 1846 2006 4
1872 1979 1937 2007 An.

1148 2021 1354 2063 ,Dagegen
1381 2020 1489 2052 haben
1529 2020 1584 2051 die
1620 2019 1783 2052 Lateiner
1816 2021 1938 2058 nichts,

1148 2046 1221 2097 itas
1235 2046 1311 2096 Ude)
1343 2065 1492 2109 gniechi
1482 2065 1577 2097 chen
1603 2066 1799 2097 Λίἰναπὶῐοπ
1825 2062 1940 2118 δῆλός

1149 2108 1223 2143 ἐστι
1244 2106 1411 2163 πράξων,
1437 2106 1602 2165 φανερός
1616 2106 1710 2142 ἐστιν
1734 2106 1941 2152 ἀχθόμενος

1149 2156 1255 2195 (oder
1290 2151 1427 2200 ᾔσθετο
1462 2151 1646 2197 ἐμπεσών)
1685 2167 1730 2187 αη
1764 2155 1820 2187 elie
1846 2156 1940 2188 Seite

1148 2201 1289 2245 σεείεὶῑε
1314 2202 1448 2233 uenden
1478 2201 1642 2233 kiinnte.“

1195 2247 1269 2278 378.
1295 2251 1386 2279 retro
1417 2246 1581 2289 repressit
1613 2249 1651 2278 cf.
1687 2245 1761 2278 169.
1804 2265 1842 2270 —-
1887 2257 1939 2278 re-

1147 2292 1273 2334 pressit
1310 2292 1431 2334 pedem
1467 2299 1493 2323 et
1530 2302 1640 2324 vocem
1679 2295 1718 2324 cf.
1756 2292 1808 2324 72.
1871 2292 1936 2323 Ld.

1150 2349 1223 2368 cum
1252 2348 1329 2368 uoce
1352 2338 1440 2375 „mt't
1465 2337 1574 2368 einem
1602 2336 1746 2369 seht-ei*
1770 2345 1801 2369 et
1820 2341 1941 2370 confert

1152 2383 1226 2413 688.
1252 2383 1280 2422 3,
1308 2383 1381 2413 177.
1414 2383 1463 2422 10,
1489 2382 1563 2413 667.
1595 2387 1698 2421 Male3
1728 2393 1804 2415 nam
1828 2387 1862 2415 in
1887 2387 1938 2414 his

1151 2431 1297 2459 omnibus
1329 2438 1405 2458 cum
1428 2438 1508 2458 voce
1531 2434 1579 2459 est
1602 2432 1634 2460 et
1659 2438 1785 2460 vocem.
1824 2433 1863 2460 Et
1886 2440 1938 2460 rc-

1150 2473 1299 2515 primere
1328 2484 1440 2504 vocem
1472 2484 1534 2504 non
1564 2476 1672 2505 minus
1705 2480 1778 2511 apte
1814 2477 1939 2515 dicitur,

1152 2528 1247 2556 quam
1273 2529 1504 2560 comprimere.

1195 2563 1269 2594 379.
1298 2563 1419 2604 Aspris
1454 2574 1600 2603 syncopa
1632 2570 1679 2596 est
1715 2568 1756 2596 ad
1795 2575 1939 2596 normam

1148 2612 1238 2641 vocis
1258 2608 1405 2640 ‹lm—teris
1420 2617 1449 2640 et
1466 2609 1596 2642 dextris
1611 2613 1649 2642 cf.
1665 2614 1716 2641 Gr.
1731 2613 1752 2648 5
1769 2610 1811 2641 75
1825 2613 1889 2642 An.
1907 2611 1937 2642 2.

1195 2655 1269 2685 350.
1296 2653 1391 2685 humi
1415 2655 1547 2687 nitens.-
1580 2658 1627 2687 Cf.
1662 2658 1726 2688 Cic.
1749 2659 1814 2687 ND.
1836 2657 1866 2695 2,
1883 2656 1937 2687 48.

1153 2699 1326 2731 Crocodili
1342 2699 1607 2742 fluviatilesque
1628 2700 1817 2732 testudines
1844 2706 1940 2732 ortae

1148 2750 1246 2776 extra
1283 2755 1427 2786 aquam,
1464 2745 1570 2777 simul
1608 2756 1648 2776 ac
1685 2745 1752 2777 m'ti
1779 2750 1938 2787 possunt,

1150 2801 1276 2831 aquam
1316 2795 1581 2832 persequuntur.
1618 2808 1661 2812 —
1696 2789 1793 2821 humi
1834 2794 1873 2824 cf.
1910 2791 1938 2831 1,

1155 2836 1225 2866 193.
1265 2853 1302 2857 -
1341 2835 1488 2878 refugit.
1536 2838 1712 2867 Perfectum
1742 2843 1826 2868 recte
1850 2839 1938 2874 posi—

1150 2888 1231 2918 tum,
1269 2891 1343 2911 nam
1375 2884 1528 2921 quodvis,
1563 2884 1644 2918 quod
1671 2889 1875 2918 comparatur
1903 2888 1937 2913 ut

1149 2930 1248 2957 aliam
1287 2937 1352 2957 rem
1390 2928 1543 2966 illustret,
1585 2929 1650 2957 iam
1687 2933 1794 2959 notum
1831 2930 1938 2964 itaque

1150 2975 1213 3002 iam
1245 2974 1365 3003 sactum
1396 2975 1567 3009 aliquando
1609 2974 1668 3009 sit,
1712 2983 1842 3004 necesse
1877 2979 1936 3004 est.

1151 3021 1198 3047 Ita
1224 3019 1395 3054 perfectum
1419 3020 1534 3055 legitur
1556 3017 1631 3047 223.
1658 3018 1687 3056 3,
1706 3017 1781 3049 681.
1811 3018 1842 3057 9,
1860 3018 1936 3048 437.

1151 3063 1227 3093 564.
1259 3061 1310 3102 11,
1336 3062 1410 3093 457.
1450 3079 1493 3084 -
1530 3065 1647 3093 Eadem
1679 3065 1783 3103 imago
1817 3065 1937 3095 reddita
