2023 3350
707 90 944 125 AENEIDOS
970 94 1056 126 Lm.
1084 96 1140 128 vt.
1671 104 1752 144 273

104 200 173 242 Sic
202 200 374 243 demum
415 202 535 244 lucos
575 201 718 258 Stygis
761 208 803 246 et
839 219 973 260 regna
1008 206 1122 248 invia
1156 208 1261 250 vivis

100 258 337 312 Adspicies.
396 259 537 311 Dixit,
579 274 816 314 pressoque
854 263 1069 305 obmutuit
1099 279 1183 306 ore.

219 317 387 358 Aeneas
427 321 593 358 maesto
625 318 789 361 defixus
827 320 990 362 lumina
1028 322 1145 363 voltu

100 372 365 426 Ingreditur,
414 374 612 428 linquens
651 380 845 429 antrum3
888 392 1127 432 caecosque
1164 380 1332 424 volutat

99 430 290 472 Eventus
332 431 475 473 animo
512 446 668 474 secum.
731 434 808 476 Cui
847 435 959 478 fidus
994 437 1181 478 Achates

99 487 140 528 It
175 501 334 540 comes,
381 492 424 529 et
459 489 639 542 paribus
674 492 788 533 curis
828 494 1010 547 vestigia
1047 494 1152 547 figit..

98 544 238 587 Multa
271 545 385 586 inter
420 560 511 587 sese
550 548 670 590 vario
710 563 905 592 sermone
945 551 1158 603 serebant,

99 601 234 652 Quem
272 603 434 644 socium
471 605 709 647 exanimem
742 612 879 659 vates,
927 608 1042 662 quod
1077 622 1236 662 corpus
1274 609 1541 654 humandum

97 659 283 701 Diceret.
343 661 487 714 Atque
522 662 586 704 illi
624 663 833 706 Misenum
870 665 914 706 in
953 666 1079 707 litore
1122 666 1247 717 sicco,

98 716 158 758 Ut
195 731 366 769 venere,
405 718 552 761 vident
585 721 764 775 indigna
804 726 944 764 morte
974 727 1246 776 peremptum

97 774 309 816 Misenum
343 776 569 828 Aeoliden,
613 792 698 832 quo
733 793 819 821 non
857 781 1152 834 praestantior
1188 781 1299 823 alter

96 832 207 874 Aere
241 833 354 875 ciere
386 834 502 876 viros
535 835 804 890 Martemque
839 838 1071 879 accendere
1105 842 1247 879 cantii.

96 888 299 931 Hectoris
335 890 406 932 hic
443 893 589 946 magni
625 893 769 936 fuerat
807 909 968 946 comes,
1008 895 1200 937 Hectora
1232 896 1393 938 circuni

96 947 154 988 Et
190 947 299 989 lituo
341 963 509 1003 pugnas
545 950 724 1005 insignis
762 951 913 993 obibat
953 956 995 993 et
1030 952 1167 994 hasta.

95 1005 336 1059 Postquam
374 1006 497 1048 illum
537 1008 626 1049 vita
661 1010 799 1050 victor
830 1010 1033 1063 spoliavit
1067 1009 1268 1061 Achilles,

94 1062 316 1104 Dardanio
356 1064 526 1106 Aeneae
566 1079 658 1107 sese
690 1066 951 1108 fortissimus
987 1066 1115 1107 heros

95 1119 339 1162 Addiderat
373 1122 558 1174 socium,
600 1136 686 1164 non
724 1123 932 1165 inferiora
961 1127 1145 1164 secutus.

97 1178 183 1220 Sed
217 1182 328 1230 tum,
371 1177 484 1221 forte
520 1194 624 1221 cava
660 1179 761 1221 dum
798 1184 1005 1234 personat
1039 1193 1231 1234 aequora
1272 1180 1448 1233 concha,

94 1236 280 1278 Demens
318 1239 361 1277 et
397 1240 526 1278 cantu
556 1241 684 1279 vocat
716 1238 762 1278 in
797 1238 1034 1279 certamina
1066 1237 1197 1288 divos,

94 1293 300 1334 Aemulus
339 1298 568 1348 exceptum
600 1295 769 1346 Triton,
811 1295 847 1336 si
885 1295 1059 1337 credere
1098 1295 1278 1348 dignum
1312 1298 1389 1347 est,

94 1351 214 1392 Inter
254 1364 360 1392 saxa
403 1352 542 1393 virum
579 1366 784 1406 spumosa
817 1352 1090 1394 immerserat
1127 1351 1256 1393 unda.

93 1409 211 1462 Ergo
248 1422 395 1450 omnes
427 1423 584 1463 magno
624 1410 785 1452 circum
827 1410 1017 1452 clamore
1054 1408 1317 1460 fremebant,

93 1466 331 1521 Praecipue
368 1467 465 1520 pius
501 1468 679 1509 Aeneas.
740 1467 847 1509 Tum
881 1468 998 1510 iussa
1034 1467 1235 1522 Sibyllae,

93 1523 224 1565 Haud
260 1537 399 1575 mora,
443 1523 651 1566 festinant
690 1524 859 1577 flentes,
906 1539 1115 1579 aramque
1149 1523 1336 1578 sepulcri

94 1581 333 1635 Congerere
372 1581 603 1624 arboribus
639 1583 846 1636 caeloque
884 1583 1065 1625 educere
1103 1585 1284 1624 certant.

91 1639 185 1681 Itur
221 1639 266 1680 in
303 1639 527 1694 antiquam
560 1640 728 1692 silvam,
767 1640 942 1683 stabula
975 1641 1066 1682 alta
1099 1640 1309 1682 ferarum:

92 1696 388 1738 Procumbunt
423 1698 591 1752 piceae,
634 1701 760 1741 sonat
794 1699 883 1741 icta
915 1697 1138 1741 securibus
1174 1698 1272 1748 ilex,

1670 276 1749 314 155

1666 561 1747 600 160

1667 845 1746 884 165

1665 1130 1747 1168 170

1665 1414 1744 1452 175

1664 1700 1745 1739 180

93 1862 134 1890 ad
149 1861 274 1890 Inferos
299 1864 402 1896 potest
423 1862 626 1901 descendere,
650 1863 672 1892 i.
696 1872 722 1892 0.
747 1871 814 1893 rem
836 1871 893 1892 sa-

92 1914 182 1937 cram
206 1907 364 1943 attingere
388 1906 426 1937 cf.
454 1906 484 1943 2,
506 1905 583 1938 719.

382 1983 519 2016 Aeneas
565 1985 699 2017 invenit
745 1993 892 2016 aureum

418 2039 566 2062 ramum.

141 2087 215 2117 157.
241 2085 380 2118 volutat
403 2087 522 2118 animo
548 2090 587 2118 cf.
614 2086 690 2118 185.

138 2132 216 2163 158.
242 2131 298 2163 cui
319 2142 430 2163 comes
456 2133 480 2164 ie
506 2135 546 2164 cf.
568 2134 598 2172 2,
624 2132 701 2162 704.

142 2178 215 2208 159.
242 2177 397 2221 vestigia
419 2178 528 2221 figit:
565 2183 647 2209 Nota
683 2181 810 2209 tardum
845 2181 896 2209 in-

91 2234 241 2263 gressum
264 2234 320 2260 per
331 2223 450 2266 figere
473 2227 660 2263 indicatum,
686 2226 796 2261 qualis
819 2234 892 2255 esse

93 2273 174 2301 solet
197 2271 416 2308 cogitantium.

139 2314 216 2345 160.
243 2314 342 2345 vario
373 2324 544 2346 sermone:
592 2317 694 2346 varie
733 2317 894 2347 coniecta-

93 2365 180 2398 bant,
208 2370 302 2396 quem
331 2362 449 2392 diceret
472 2364 709 2398 interemptum.

140 2404 215 2436 161.
246 2404 296 2436 ΡΙ.
322 2409 404 2436 delet
428 2410 527 2438 vates
559 2424 596 2428 —-
630 2406 696 2438 illi.

143 2451 218 2481 163.
245 2449 400 2493 indigna
427 2452 664 2491 „miserabili.“
692 2456 723 2482 S.

140 2496 215 2526 164.
241 2496 482 2537 praestantior
506 2501 590 2534 quod
616 2500 838 2535 comparativo
863 2499 895 2527 fit

92 2544 308 2574 atliectivum.
350 2547 457 2572 tamen
495 2553 521 2574 c.
557 2545 718 2574 infinitivo
748 2546 894 2581 iungitur

91 2594 124 2620 ut
151 2594 328 2625 praestare,
354 2590 466 2618 valere
491 2590 530 2619 ef.
556 2592 598 2619 ati
624 2589 653 2627 4,
675 2588 752 2619 564.

139 2633 213 2664 167.
241 2632 332 2663 litui.
380 2635 479 2669 Apud
511 2637 677 2664 Romanos
714 2640 783 2665 erat
816 2639 894 2665 tuba

91 2682 243 2717 peditum,
269 2681 371 2709 lituus
397 2681 548 2715 equitum.
598 2683 663 2710 Illa
687 2682 819 2718 directa,
841 2682 893 2711 nic

91 2727 259 2757 incurvus.
297 2726 344 2755 Cf.
370 2723 400 2762 7,
427 2724 503 2754 519.

137 2769 215 2801 17⁰.
241 2780 310 2800 non
340 2768 523 2809 inferiora.
572 2774 623 2800 Ita
650 2773 800 2801 Aeneam
830 2773 895 2801 He-

92 2819 172 2849 ctori
196 2825 307 2853 parem
333 2819 428 2846 habet
453 2814 505 2854 11,
532 2814 609 2845 289.

140 2862 215 2892 171.
240 2863 390 2901 Misenus
437 2867 590 2898 provocat
640 2863 681 2891 ad
733 2867 894 2892 certamen

93 2910 266 2938 Tritonem.
339 2909 435 2937 Talia
484 2909 559 2937 ausi
604 2911 679 2936 sunt
727 2910 894 2946 Marsyas,

92 2955 265 2993 Arachne,
295 2954 373 2993 alii,
391 2963 455 2983 non
478 2955 549 2983 sine
575 2954 721 2989 ipsorum
740 2954 892 2988 pernicie.

93 3000 141 3030 Cf·
167 3001 259 3030 ovid.
286 3002 360 3029 Met.
388 2999 419 3039 6,
447 2997 475 3029 l.
502 2997 579 3029 382.
616 3015 654 3019 —
689 3000 820 3029 Concha
842 3008 895 3029 so-

94 1984 312 2016 156—211.

940 1864 1026 1891 lebat
1059 1869 1174 1891 canere
1211 1861 1340 1897 Triton,
1383 1867 1422 1888 ea
1454 1860 1553 1896 igitur
1588 1866 1742 1895 provocat

939 1909 1097 1937 Misenus.
1142 1922 1179 1927 —
1224 1904 1394 1936 Personat
1419 1914 1444 1935 c.
1469 1912 1536 1934 ace.
1568 1907 1632 1936 loci
1665 1905 1742 1936 417.

941 1955 1016 1983 Hor.
1038 1955 1095 1989 Ep.
1125 1951 1152 1990 1,
1181 1949 1210 1989 1,
1232 1949 1262 1981 7.

988 1997 1064 2028 172.
1091 1996 1252 2033 demens3
1275 1997 1330 2033 qui
1353 1997 1439 2026 enim
1464 2003 1548 2025 sana
1564 2001 1611 2026 est
1627 2002 1742 2034 mente,

940 2054 1005 2074 11011
1033 2053 1105 2074 011111
1129 2044 1194 2072 diis
1220 2052 1256 2072 se
1281 2043 1489 2078 comparabit.

989 2089 1064 2118 173.
1091 2091 1269 2127 exceptum
1297 2089 1336 2118 cf.
1361 2087 1391 2126 3,
1415 2086 1491 2116 332.
1525 2103 1563 2107 -
1609 2085 1650 2116 Si
1672 2097 1744 2116 cre-

941 2133 1022 2165 dere
1046 2132 1194 2175 ‹lignum
1221 2136 1289 2169 est,
1329 2142 1374 2163 sc.
1400 2135 1494 2162 deum
1519 2134 1661 2168 aliquem
1687 2137 1743 2162 no-

940 2182 1022 2211 mini
1043 2180 1213 2209 exstitisse
1230 2181 1393 2208 aemnlum
1409 2184 1439 2207 01
1459 2179 1624 2213 invidum
1645 2180 1742 2208 inimo

941 2234 1078 2263 poenam
1118 2226 1237 2254 iustam
1275 2233 1316 2253 ex
1351 2224 1505 2259 superbia
1545 2232 1609 2252 sua
1649 2225 1740 2259 cepit.

944 2270 997 2301 Pl.
1025 2273 1108 2300 delet
1131 2268 1162 2299 si
1187 2285 1225 2290 —
1255 2271 1315 2299 est.

988 2315 1064 2346 177.
1094 2316 1202 2347 Aram
1225 2313 1375 2355 sepulcri
1397 2321 1535 2350 „pyram
1557 2315 1643 2351 dicit,
1658 2322 1741 2350 qnae

940 2364 975 2392 in
1000 2364 1128 2392 moduni
1151 2369 1229 2391 arae
1260 2361 1405 2390 construi
1439 2360 1539 2396 lignis
1581 2362 1740 2389 solebatt·

940 2411 971 2437 S.
1011 2410 1069 2437 Sil.
1100 2405 1158 2445 15,
1185 2404 1249 2434 387
1290 2404 1371 2435 Alta
1401 2402 1552 2445 sepulcri
1579 2403 1742 2444 protinus

937 2451 1130 2484 esetruitnr
1164 2449 1329 2492 caeloque
1364 2448 1526 2480 educitur
1557 2458 1634 2479 ara.
1695 2453 1742 2480 De

939 2500 1083 2537 genitivo
1113 2499 1152 2528 cf.
1179 2498 1210 2530 5,
1236 2495 1288 2525 52.
1337 2494 1488 2537 sepulcri
1512 2497 1576 2524 MR
1595 2498 1638 2524 al.
1690 2504 1743 2526 se-

937 2542 1084 2586 pulchro
1105 2546 1152 2584 Ργ
1177 2552 1238 2573 rec.
1272 2540 1333 2571 Rb.

989 2588 1063 2619 178.
1091 2596 1278 2629 congerere
1323 2591 1356 2616 111
1399 2589 1433 2615 Ε.
1466 2583 1501 2622 1,
1532 2583 1572 2614 69
1616 2584 1743 2627 tuguri

939 2638 1143 2677 congestum
1172 2632 1299 2673 cespite
1329 2629 1474 2661 culmen.
1495 2647 1539 2651 —
1563 2629 1743 2661 0110101111-

939 2683 1041 2711 tivus.
1070 2681 1117 2710 Cf.
1134 2680 1163 2716 5,
1180 2677 1255 2708 451.
1277 2694 1315 2698 —-
1346 2677 1489 2707 Certant
1504 2686 1530 2707 0.
1545 2677 1601 2706 inf.
1618 2675 1649 2715 ⁴,
1664 2676 1741 2708 443.

989 2725 1065 2755 179.
1093 2726 1140 2756 Cf.
1169 2723 1219 2761 10,
1248 2722 1323 2752 7223.

989 2769 1066 2800 180.
1093 2768 1229 2809 „picea
1266 2768 1381 2798 feralis
1417 2770 1512 2797 arbor
1549 2772 1579 2797 et
1615 2768 1743 2798 funebri

943 2818 1063 2847 indicio
1096 2818 1137 2845 ad
1172 2816 1256 2845 fores
1287 2814 1394 2850 posita
1427 2821 1466 2843 ac
1493 2814 1581 2850 rogis
1605 2815 1741 2843 virens“

941 2864 1028 2892 Plin.
1056 2865 1092 2891 N.
1116 2863 1154 2891 Η.
1181 2859 1233 2898 16,
1259 2858 1310 2888 ts.
1334 2860 1381 2889 Cf.
1405 2857 1436 2897 3,
1461 2857 1515 2888 64.
1539 2875 1583 2879 —
1611 2861 1743 2889 Similes

941 2911 1030 2938 locos
1052 2908 1127 2937 vide
1151 2915 1203 2942 ap.
1228 2905 1384 2934 Ennium:
1410 2906 1586 2942 „Incedunt
1609 2908 1744 2934 arbusta

943 2963 998 2990 per
1031 2955 1114 2991 alta,
1159 2952 1331 2981 securibus
1366 2951 1520 2988 caedunt,
1558 2952 1744 2980 Percellunt

942 3007 1082 3037 magnas
1108 3006 1262 3036 quercus,
1289 2996 1449 3026 exciditur
1467 2997 1550 3034 ilex,
1576 2996 1743 3027 Fraxinus

1405 3041 1469 3085 18
