2023 3350
165 175 321 226 Quales
363 173 583 217 Threiciae
619 186 749 225 quum
789 172 966 215 fiumina
999 174 1331 218 Thermodontis

167 234 346 275 Pulsant
378 236 420 274 et
459 230 587 285 pictis
622 230 841 272 bellantur
876 233 1111 274 Amazones
1150 234 1293 285 armis,

165 292 249 334 Seu
290 291 450 332 circum
490 287 778 342 Hippolyten,
812 303 886 330 seu
923 305 1053 344 quum
1092 305 1136 332 se
1176 291 1336 333 Martia
1375 306 1504 334 curru

163 348 431 390 Penthesilea
470 345 623 397 refert,
663 360 906 400 magnoque
951 348 1146 390 ululante
1186 350 1373 391 tumultu

163 406 363 448 Feminea
398 403 616 446 exsultant
650 404 811 446 lunatis
844 406 1017 459 agmina
1057 406 1198 460 peltis.

165 464 297 515 Quem
335 462 421 504 telo
459 462 667 515 primum,
710 477 836 516 quem
875 468 1140 518 postremum
1179 478 1336 518 aspera
1373 463 1492 516 virgo

162 520 346 563 Deiicis‘?
386 523 463 561 aut
506 523 615 573 quot
654 520 772 562 humi
798 522 1027 563 morientia
1063 535 1250 575 corpora.
1290 521 1464 562 fundis‘.>

162 579 355 620 Euneum
397 577 535 632 Clytio
572 578 758 631 primum
793 583 937 633 patre;
977 580 1095 621 cuius
1131 583 1331 633 apertum

160 635 339 677 Adversi
373 636 503 689 longa
536 637 860 678 transverberat
899 637 1041 679 abiete
1078 642 1238 691 pectus.

161 694 390 747 Sanguinis
431 694 505 735 ille
541 708 716 736 vomens
755 696 868 736 rivos
907 695 1025 737 cadit
1064 700 1196 748 atque
1235 696 1455 736 cruentam

158 751 328 793 Mandit
367 751 544 793 humum
580 753 854 807 moriensque
892 768 967 795 suo
1006 767 1051 794 se
1089 754 1134 794 in
1170 753 1343 794 volnere
1378 754 1534 792 versat.

157 809 266 851 Tum
296 810 450 862 Lirim,
493 810 792 864 Pagasumque
828 826 973 865 super,

158 867 327 910 Suffuso
359 868 578 910 revolutus
612 883 720 922 equo
757 869 857 910 dum
892 869 1079 922 colligit,
1121 870 1232 911 alter

157 926 270 967 Dum
305 926 422 968 subit
460 941 509 968 ao
550 926 747 968 dextram
783 926 947 968 labenti
989 927 1128 968 tendit
1170 928 1386 976 inermem,

157 984 422 1038 Praecipites
462 985 713 1039 pariterque
748 988 890 1026 ruunt.

157 1042 455 1096 Hippotaden,
497 1043 776 1096 sequiturque
812 1042 1063 1084 incumbens
1102 1043 1266 1084 eminus
1298 1042 1428 1083 hasta

157 1100 393 1155 Tereaque,
432 1100 830 1155 Harpalycumque,
873 1104 915 1142 et
947 1101 1299 1154 Demophoonta,
1332 1098 1637 1152 Chrominque;

157 1158 355 1211 Quotque
396 1159 550 1200 emissa
582 1173 712 1200 manu
752 1158 960 1200 contorsit
999 1159 1164 1213 spicula
1194 1159 1328 1212 virgo,

155 1215 239 1258 Tot
279 1216 455 1271 Phrygii
495 1216 688 1258 cecidere
726 1217 817 1258 viri.

155 1274 320 1329 Ignotis
362 1279 404 1317 et
444 1288 555 1329 equo
589 1277 771 1316 venator
806 1275 966 1329 Iapyge
1002 1273 1150 1326 fertur,

770 58 1002 93 AENEIDOS
1030 62 1118 94 L1B.
1145 63 1206 94 xl.
1725 64 1804 101 569

1725 235 1807 274 660

1721 524 1802 562 665

1008 825 1189 865 quorum
1227 811 1336 852 alter
1370 809 1561 851 habenas
1726 812 1809 849 670

950 984 1028 1026 His
1069 984 1192 1027 addit
1226 986 1477 1026 Amastrum

1724 1098 1805 1137 (575

877 1216 1033 1258 Procul
1073 1216 1258 1271 Ornytus
1297 1214 1429 1257 armis

1009 1436 1169 1468 Euneum
1206 1439 1283 1474 legit
1312 1440 1344 1467 S.
1379 1446 1443 1466 non
1474 1434 1676 1469 Eunaeum,
1722 1435 1807 1469 quod

157 1443 268 1473 aptum
299 1444 349 1467 est
392 1439 590 1468 adiectiwm
634 1439 708 1468 addi
746 1439 841 1467 alteri
879 1440 958 1467 sub-

156 1485 314 1520 stantivo,
339 1485 432 1514 alteri
456 1494 522 1514 non
551 1487 636 1514 addi.
686 1486 825 1513 Servius
848 1490 957 1513 autem

155 1528 267 1559 bonae
292 1531 379 1566 legit.
405 1547 449 1550 —
473 1531 559 1560 Ordo
587 1537 638 1560 est
664 1533 850 1567 verborum,
877 1539 957 1565 qua-

154 1577 197 1606 lis
223 1576 255 1614 8,
278 1575 355 1606 500.

202 1633 279 1664 659.
312 1631 512 1664 'l'hreiciae:
553 1636 763 1670 Amazones,
799 1642 882 1667 gens
908 1634 957 1663 fa-

156 1683 285 1716 bulosa,
317 1681 415 1709 etiam
450 1681 596 1709 diversis
637 1689 676 1709 ac
711 1681 845 1709 remotis
874 1681 956 1708 locis

156 1727 386 1760 attribuuntur,
413 1727 462 1755 sic
489 1728 670 1762 Thraciae,
700 1727 876 1762 scythiae.
917 1727 957 1755 ad

157 1774 295 1802 Tanaim
322 1773 465 1801 habitant
492 1778 522 1802 et
548 1774 586 1801 ad
614 1774 889 1801 Thermodontem
916 1772 957 1800 cf.

157 1820 240 1847 lust.
267 1819 299 1853 2,
324 1817 355 1848 4.
393 1820 498 1847 strab.
530 1818 581 1853 lt,
609 1818 641 1856 5,
665 1818 686 1846 ἴ)
715 1827 744 1854 p.
772 1816 848 1846 507.
894 1820 956 1853 Ap.

158 1866 271 1894 claud.
301 1866 365 1894 nt).
391 1863 422 1900 2,
448 1864 491 1893 63
515 1862 736 1904 populantur
763 1863 891 1893 Arcton
920 1872 959 1893 at:

156 1909 329 1951 rigentem
365 1907 683 1939 'l'hermorlontiacn
716 1907 855 1938 Tanain
881 1908 960 1948 fre-

157 1965 244 1997 gere
276 1954 398 1985 securi.
432 1972 463 1976 -
501 1953 686 1985 Threiciae
707 1958 737 1985 el
763 1955 960 1985 Amazones

157 2002 198 2032 cf.
223 2002 255 2039 8,
284 2001 358 2031 168.
381 2018 425 2022 -
442 2000 610 2041 flumina,
629 2004 786 2036 Fluthen;
811 2003 863 2031 sic
889 2004 962 2037 plu-

156 2049 239 2078 ralis
266 2049 295 2085 7,
323 2048 398 2077 138.
427 2048 478 2085 12,
504 2048 582 2077 331.
607 2048 648 2077 cf.
674 2048 705 2083 6,
732 2048 808 2076 327.

204 2106 282 2135 660.
310 2102 456 2145 pulsant
482 2105 625 2140 nuvium,
644 2114 691 2134 sc.
720 2105 826 2138 glacie
849 2105 960 2139 rigen-

159 2157 232 2182 tem.
267 2167 312 2172 ——
342 2149 537 2187 bellantur,
563 2154 685 2181 bellant
711 2151 754 2180 cf.
781 2151 813 2187 3,
841 2149 908 2179 2⁸4
929 2156 960 2179 et

159 2201 213 2228 Gr.
240 2196 272 2237 ξ.
303 2197 375 2227 186.
404 2213 442 2217 -
465 2195 563 2238 picta
589 2206 690 2227 arma
715 2198 756 2226 cf.
776 2196 809 2235 8,
836 2196 904 2226 588
928 2202 958 2225 et

159 2245 192 2281 7,
220 2244 296 2273 796.

205 2301 282 2331 661.
309 2302 486 2337 Hippolyte
519 2308 538 2330 a
569 2303 702 2330 Theseo
737 2305 836 2336 capta
867 2304 895 2328 et
929 2300 960 2328 in

158 2348 399 2377 matrimonium
427 2352 601 2382 assumpta
625 2352 686 2376 est.
714 2347 761 2376 ef.
780 2349 861 2375 lust.
888 2348 909 2374 l.
936 2348 962 2374 l.

158 2409 202 2414 —
225 2397 290 2422 Seu
311 2402 408 2428 quum
430 2394 642 2422 Penthesilea
659 2393 778 2422 victrix
797 2393 959 2427 triumpho

159 2440 258 2477 redit,
300 2441 478 2468 comitante
513 2441 674 2468 exercitu.
723 2441 772 2468 De
795 2447 837 2468 ea
862 2438 902 2467 cf.
932 2437 960 2473 1,

158 2484 238 2515 490.
259 2501 303 2505 -
325 2483 468 2522 Martia,
490 2486 602 2515 Martis
624 2486 698 2521 filia,
716 2489 805 2514 certe
825 2489 855 2513 et
875 2485 961 2514 aliae

159 2533 269 2570 „duae
301 2531 435 2566 reginae
463 2530 712 2567 (Amazonum)
743 2547 781 2552 —-
808 2539 848 2560 ne
883 2539 959 2560 suc-

161 2577 317 2607 cessibus
351 2580 487 2606 deesset
512 2579 712 2614 auctoritas,
761 2578 891 2612 genitas
924 2584 960 2605 se

159 2627 264 2653 Marte
292 2622 562 2658 praedicabant.“
587 2625 666 2653 lust.
694 2622 723 2652 1.
753 2623 782 2652 l.

204 2680 283 2710 622.
310 2677 472 2709 ululante
496 2678 667 2711 tumultu:
690 2683 862 2711 Tumultus
889 2681 961 2715 ipse

157 2729 276 2763 ululat,
297 2735 394 2761 quum
418 2728 542 2755 ululent
567 2730 597 2756 h.
616 2729 637 2756 1.
659 2733 812 2757 ovantes.
841 2729 962 2757 Contra

158 2774 217 2803 Sil.
241 2773 273 2811 6,
301 2771 369 2802 562
395 2769 558 2802 ululante
591 2770 719 2812 dolore,
747 2778 798 2802 est
825 2776 956 2803 abstra-

159 2824 245 2850 ctum
274 2827 333 2855 pro
359 2823 525 2848 concreto.

202 2875 282 2906 663.
313 2873 436 2906 Petrae
464 2875 504 2905 cf.
530 2872 560 2912 1,
586 2872 662 2904 490.

203 2932 281 2963 664.
302 2941 431 2975 aspera
456 2941 504 2962 sc.
529 2934 614 2961 bello
633 2932 674 2961 cf.
699 2931 732 2969 8,
756 2931 832 2962 318.

204 2990 282 3022 666.
307 2988 472 3021 Euneum
505 2986 618 3029 Clytio
640 2991 743 3030 patre
762 2989 803 3018 cf.
830 2988 862 3028 3,
880 2987 956 3019 614.

1005 1491 1054 1514 est
1079 1486 1110 1514 in
1138 1487 1228 1525 Mny.

1535 1538 1570 1568 ln
1610 1535 1807 1567 schwarzeu

1050 1543 1127 1572 663.
1155 1539 1344 1582 sauguinis
1377 1539 1490 1570 rit-os:

1516 1583 1570 1615 iltr
1601 1582 1716 1614 [trit-hc
1749 1581 1809 1612 des

1011 1587 1143 1618 Cris-seu
1173 1589 1302 1618 sttirzet
1329 1585 1474 1623 lterror,

1007 1633 1123 1664 muts.
1175 1632 1298 1663 schill.
1328 1631 1453 1663 Braut.

1053 1703 1130 1732 671.
1153 1701 1288 1742 suffuso
1317 1701 1475 1731 ³12Rb2c.
1502 1703 1584 1729 Dori.
1607 1705 1634 1728 et
1653 1703 1806 1728 Serv.—-

1006 1748 1152 1789 suffosso
1183 1751 1277 1778 etiam
1298 1752 1391 1777 Serv.
1418 1753 1445 1775 el
1465 1745 1530 1775 Ml.
1549 1755 1614 1774 rec.
1639 1742 1702 1774 Ld.
1721 1742 1805 1784 ll'g.

1006 1812 1050 1816 —
1091 1796 1315 1824 suffodiuntur
1356 1795 1429 1827 equi
1474 1800 1493 1821 a
1538 1793 1702 1827 peditibus
1740 1791 1805 1819 ictu

1006 1851 1138 1871 sursum
1169 1841 1267 1870 facto.
1317 1840 1364 1869 cf.
1392 1842 1490 1869 Caes.
1510 1840 1575 1868 BG.
1598 1837 1630 1872 4,
1662 1837 1710 1866 1⁶2.
1737 1836 1808 1865 Liv.

1006 1887 1059 1924 42,
1086 1888 1156 1921 59.;
1206 1889 1264 1916 sed
1297 1889 1436 1914 vulnere
1472 1887 1655 1920 collapsum
1687 1891 1806 1916 eutium

1007 1935 1134 1967 erigere
1160 1936 1246 1962 velle
1275 1933 1385 1962 insani
1417 1937 1478 1960 est.
1522 1947 1567 1950 ·—
1619 1931 1804 1959 suffossum

1008 1989 1126 2015 equum
1153 1980 1209 2008 alii
1230 1979 1413 2013 intelligunt
1430 1978 1615 2006 calcarihus
1636 1977 1806 2010 irritatum,

1007 2028 1092 2061 quod
1120 2028 1174 2054 vel
1201 2026 1309 2054 minus
1335 2031 1456 2059 aptum.
1498 2021 1631 2061 suffuso
1655 2027 1705 2051 est
1732 2029 1806 2056 pro-

1006 2075 1103 2107 lanso
1127 2072 1191 2107 (ita
1213 2068 1339 2109 fundi.
1370 2067 1503 2109 effundi
1530 2077 1585 2104 pro
1622 2066 1694 2096 labi
1727 2068 1807 2096 dici-

1008 2119 1092 2154 tur).
1142 2120 1256 2152 Equus
1283 2125 1365 2146 casu
1393 2117 1502 2149 atiquo
1535 2116 1606 2149 ipse
1633 2115 1751 2143 decidit
1775 2118 1807 2141 et

1007 2174 1111 2199 eques
1138 2164 1337 2197 devolvitur,
1376 2163 1513 2197 pedihus
1539 2162 1659 2189 circuni
1686 2168 1804 2194 equum

1006 2212 1154 2247 retentis,
1180 2211 1233 2245 qui
1259 2216 1289 2238 ut
1318 2218 1355 2238 se
1380 2209 1506 2242 erigere
1533 2208 1651 2242 possit,
1682 2206 1808 2240 colligit

1007 2260 1173 2292 habenas,
1215 2257 1334 2290 quibus
1373 2257 1524 2283 sublatus
1558 2254 1653 2282 eliam
1685 2260 1802 2287 equum

1008 2304 1146 2339 excite13
1177 2302 1339 2332 succurrit
1365 2303 1518 2336 Pagasas
1545 2299 1694 2334 deposito
1721 2300 1805 2333 telo3

1008 2358 1113 2384 eoque
1138 2351 1167 2378 in
1195 2351 1308 2377 labore
1340 2350 1435 2376 ambo
1460 2346 1703 2375 interficiuntur.
1754 2342 1804 2373 ΡΙ.

1007 2396 1091 2425 coni.
1121 2393 1228 2435 effuso
1255 2400 1285 2423 el
1311 2393 1457 2428 intelligit
1496 2400 1567 2420 eum
1606 2392 1660 2426 qui
1680 2399 1804 2429 „cursu

1009 2443 1114 2471 effuso
1147 2441 1323 2470 ferebatur.
1373 2439 1486 2468 Subito
1505 2441 1651 2467 habenas
1671 2437 1805 2473 colligit,

1008 2496 1115 2522 equus
1155 2489 1275 2516 stabat.
1347 2486 1449 2514 Subiti
1482 2485 1660 2513 mutatione
1697 2489 1805 2512 motus

1010 2534 1124 2570 (quem
1157 2534 1230 2568 ipse
1263 2532 1384 2561 fecerat
1419 2530 1561 2566 equest)
1590 2530 1675 2558 Liris
1701 2538 1806 2559 excu-

1013 2579 1123 2617 titur,“
1150 2581 1257 2609 malus
1283 2586 1365 2607 sane
1389 2586 1492 2612 eques
1505 2577 1519 2609 !v

1053 2646 1130 2678 672.
1157 2645 1236 2676 dnm
1272 2644 1379 2676 subit:
1415 2655 1484 2683 „sc.
1520 2647 1562 2674 ad
1591 2647 1806 2675 sustentatio-

1005 2703 1079 2725 nem
1106 2691 1264 2723 ruentis.“
1291 2696 1322 2722 S.

1055 2750 1131 2779 675.
1164 2747 1327 2780 Chromin
1362 2751 1464 2789 MR70
1501 2757 1569 2778 rec.
1607 2747 1668 2786 Πὸ,
1699 2751 1804 2779 Chro-

1003 2797 1077 2826 mim
1104 2799 1132 2825 b.

1050 2854 1128 2883 678.
1156 2851 1263 2883 armis
1288 2850 1438 2893 ignotis:
1469 2855 1601 2891 „novis,
1626 2856 1803 2885 inconsue-

1005 2898 1081 2929 tis.“
1107 2903 1141 2928 S.
1168 2916 1211 2919 —
1236 2908 1321 2939 equo
1344 2897 1480 2940 Iapyge
1502 2900 1681 2937 ,‚Appulo“
1701 2904 1734 2931 S.
1761 2902 1802 2930 cf.

1005 2944 1213 3021 §.RQZRT—
1238 2945 1321 2981 Equi
1346 2946 1468 2982 Apputi
1493 2948 1622 2977 nobiles
1647 2949 1687 2977 cf.
1710 2949 1801 2978 Varr.

1065 3013 1072 3020 .
1119 3013 1126 3029 ,
1172 3013 1180 3020 .
