2023 3350
115 221 199 264 Sed
238 222 491 274 moriamur,
534 222 608 264 ait.
671 222 759 275 Sic,
804 224 866 266 sic
903 225 1024 267 iuvat
1059 225 1122 268 ire
1158 225 1237 268 sub
1277 226 1466 269 umbras.

113 280 300 321 Hauriat
334 279 448 322 hunc
483 279 619 321 oculis
655 280 798 334 ignem
833 282 1018 325 crudelis
1051 283 1106 325 ab
1144 284 1233 326 alto

111 336 343 379 Dardanus
382 340 424 379 et
456 340 633 379 nostrae
665 351 808 380 secum
846 340 958 382 ferat
992 341 1138 383 omina
1171 343 1335 384 mortis.

116 451 363 505 Collapsam
400 451 646 505 adspiciunt
682 454 863 496 comites
898 469 1125 509 ensemque
1155 471 1308 498 eruore

110 507 388 562 Spumantem
427 522 686 563 sparsasque
724 525 886 553 manus.

107 566 252 617 Atria3
298 580 551 608 concussam
586 566 826 610 bacchatur
861 569 978 611 fama
1013 585 1092 625 per
1121 571 1283 613 urbem.

107 623 325 665 Lamentis
366 624 614 678 gemituque
654 628 696 667 et
732 626 915 669 femineo
953 628 1122 670 ululatu

110 681 241 723 Tecta
274 680 478 733 fremunt;
524 686 701 724 resonat
739 685 907 737 magnis
947 685 1230 739 plangoribus
1271 685 1439 727 aether:

109 739 204 780 Non
243 738 371 780 aliter
408 753 537 792 quam
573 740 609 781 si
649 740 851 783 immissis
886 747 986 784 ruat
1018 743 1216 785 hostibus
1254 744 1391 784 omnis

107 795 327 850 Carthago
366 800 442 838 aut
477 797 657 851 antiqua
698 798 853 853 Tyros,
891 799 1175 854 flammaeque
1211 800 1401 842 furentes

109 853 306 895 Culmina
338 868 501 908 perque
535 854 756 897 hominum
790 857 1018 899 volvantur
1049 872 1211 912 perque
1251 858 1441 900 deorum.

103 911 253 952 Audiit
287 912 495 953 exanimis
535 912 794 967 trepidoque
834 915 1042 957 exterrita
1080 929 1208 956 cursu

103 968 329 1022 Unguibus
367 983 444 1011 ora
478 982 604 1011 soror
643 970 821 1013 foedans
859 975 901 1013 et
938 975 1117 1025 pectora
1153 971 1309 1025 pugnis

103 1026 185 1067 Per
225 1026 390 1068 medios
427 1027 515 1068 ruit
551 1041 602 1069 ac
639 1029 893 1070 morientem
923 1029 1095 1070 nomine
1126 1029 1303 1070 clamat:

720 109 955 145 AENEIDOS
986 113 1069 146 LIB.
1097 115 1156 147 1v.
1677 116 1758 154 213

1673 230 1757 268 660

225 394 427 447 Dixerat3
476 398 606 448 atque
647 395 768 437 illam
806 397 948 439 media
983 398 1096 440 inter
1130 399 1240 441 talia
1277 400 1394 442 ferro

946 513 987 554 It
1028 514 1193 555 clamor
1228 514 1282 556 ad
1315 514 1406 556 alta
1670 514 1752 553 665

1667 800 1750 837 670

1667 1084 1747 1122 675

104 1083 198 1125 Hoc
235 1083 362 1135 illud,
406 1097 628 1137 germana,
675 1085 788 1126 fuit?
831 1099 900 1127 me
940 1086 1094 1128 fraude
1129 1085 1339 1139 petebas‘.>

104 1140 199 1182 Hoc
228 1154 360 1194 rogus
398 1142 479 1183 iste
511 1142 633 1193 mihi,
675 1142 756 1183 hoc
789 1142 909 1195 ignes
941 1156 1131 1195 araeque
1170 1142 1414 1196 parabant?

104 1198 217 1249 Quid
253 1199 440 1252 primum
476 1198 647 1240 deserta
681 1200 867 1252 querar?
917 1200 1170 1241 comitemne
1205 1213 1399 1241 sororem

103 1255 312 1309 Sprevisti
341 1256 558 1298 moriens?

620 1256 785 1298 Eadem
821 1271 889 1299 me
925 1257 981 1298 ad
1014 1257 1106 1299 fata
1136 1270 1348 1308 vocasses,

102 1313 223 1356 Idem
253 1313 404 1356 ambas
439 1312 554 1356 ferro
594 1313 722 1356 dolor
751 1318 882 1369 atque
917 1315 1067 1357 eadem
1097 1315 1206 1357 hora
1245 1315 1428 1357 tulisset.

102 1479 163 1506 hoc
190 1476 269 1505 Dido
291 1476 364 1506 fecit
389 1477 422 1506 in
449 1478 557 1507 dolore
583 1478 686 1507 animi
719 1486 759 1508 ac
787 1479 902 1513 despe—

104 1520 261 1551 rationes*
295 1519 349 1551 Pl.
406 1524 452 1552 ef.
490 1524 571 1567 Va]b
595 1526 644 1553 Fl.
681 1522 718 1562 8,
751 1522 769 1552 9
805 1521 901 1553 Haec

98 1565 268 1608 impresso
292 1565 429 1608 gemuit
453 1567 657 1599 miseranda
684 1567 802 1599 cubili.

147 1611 223 1642 661.
252 1609 410 1644 Hauriat
434 1612 561 1653 oculis,
587 1619 622 1644 ut
649 1613 699 1653 12,
727 1613 792 1643 946
820 1623 903 1644 esu-

99 1656 178 1688 vz'as
201 1655 311 1688 oculis
332 1655 463 1690 hausit.
515 1658 573 1699 10,
598 1659 663 1689 899
700 1658 904 1701 &aspiciens

99 1701 220 1734 hausit
245 1701 392 1734 caelum.
441 1708 476 1734 G.
504 1704 534 1743 2,
560 1704 626 1735 340
658 1704 767 1736 lucem
799 1714 903 1746 pet-11-

100 1747 161 1780 des
196 1747 354 1779 hausere.
412 1747 566 1780 Haurire
598 1750 744 1782 auribus
787 1760 901 1780 vocem

100 1804 132 1825 v.
170 1793 246 1824 359.
305 1796 418 1824 Simile
457 1793 511 1833 10,
540 1796 606 1825 648
648 1795 766 1826 animo
807 1805 901 1837 spem

99 1838 218 1870 hausit
259 1838 410 1870 inanem.
486 1841 542 1879 12,
574 1842 615 1870 26
656 1840 740 1872 haec
785 1841 902 1871 animo

99 1883 205 1915 hauri
241 1901 279 1906 -—
307 1888 450 1916 Gaudeat
476 1888 532 1916 ille
558 1889 698 1918 crudelis
722 1891 814 1917 homo
840 1896 903 1917 sua

101 1932 309 1968 crudentate,
344 1940 409 1967 qua
431 1941 481 1962 me
504 1935 542 1962 ad
568 1939 701 1963 mortem
730 1934 900 1971 compulit3

100 1978 201 2007 simul
235 1981 353 2007 habeat
379 1986 472 2007 omen
503 1979 681 2009 infaustum
715 1980 902 2014 navigatio-

102 2024 165 2053 nis.
207 2039 245 2043 -
286 2024 356 2053 Hae
386 2032 459 2053 oum
485 2026 670 2054 narratione
693 2026 827 2062 Virgilii
859 2025 898 2054 cf.

102 2071 161 2099 Ov.
182 2071 256 2098 Her.
282 2067 311 2097 7.
338 2073 367 2098 et
392 2070 450 2098 Sil.
477 2067 510 2108 S,
536 2067 578 2098 40
606 2078 653 2105 sq.

99 2145 315 2178 663-687.
376 2146 509 2178 Luctus
554 2144 899 2188 Carthaginiensium

394 2195 427 2223 et
459 2192 595 2224 Annae.

144 2249 221 2279 663.
247 2247 363 2280 media
385 2247 475 2280 inter
500 2248 602 2280 talia.
640 2252 726 2279 Idem
748 2248 799 2287 12,
817 2247 898 2277 318:

99 2304 196 2331 quum
230 2297 310 2325 talia
342 2296 470 2325 diceret.
520 2297 660 2332 Saepius
693 2297 780 2325 enim
804 2302 898 2330 prae-

99 2343 295 2379 positiones,
330 2350 401 2371 cum
434 2343 505 2371 suis
539 2343 726 2371 nominibus
759 2342 897 2378 iunctae,

99 2389 141 2416 ad
179 2392 305 2422 tempus
343 2388 473 2422 aliquod
512 2389 758 2424 significandum
803 2391 898 2421 aptae

102 2436 194 2469 sunt,
232 2433 400 2467 vicemque
427 2433 585 2462 sustinent
612 2434 709 2462 totius
740 2432 898 2461 enuntiati

98 2478 293 2506 secundarii.
335 2493 372 2497 —
417 2479 471 2507 Sic
507 2477 597 2507 inter
629 2481 708 2507 Sall.
741 2480 809 2514 Ing.
843 2475 896 2506 40.

98 2524 172 2551 Liv.
201 2519 255 2559 24,
282 2520 332 2551 19.
372 2523 447 2552 Val.
473 2525 519 2552 Fi.
547 2522 578 2562 2,
603 2522 668 2552 428
709 2521 773 2552 has
807 2521 898 2552 inter

98 2565 265 2597 lacrimas
297 2568 318 2595 i.
355 2575 382 2596 e.
420 2570 495 2597 dum
530 2570 687 2598 lacrimat.
744 2566 791 2597 ad
819 2565 897 2597 513.

101 2629 140 2633 -—
176 2616 226 2642 Ita
254 2616 397 2642 amatum
426 2616 466 2642 ab
492 2615 608 2643 Ovidio
640 2615 721 2643 illud
754 2611 797 2642 ab
823 2611 896 2642 his.-

98 2659 209 2688 statim
239 2663 410 2694 postquam
441 2662 521 2688 haec
550 2660 636 2688 dicta
666 2664 756 2695 sunt,
795 2661 838 2687 M.
866 2657 896 2695 3,

98 2702 175 2734 273.
205 2702 235 2741 4,
263 2702 338 2733 329.
373 2702 405 2741 8,
431 2702 507 2733 611.
546 2720 584 2724 -
618 2707 718 2733 ante.-
747 2702 805 2741 11,
831 2702 896 2732 424

99 2753 180 2779 ante
218 2749 335 2778 tubam
399 2752 478 2778 Stat.
515 2748 550 2786 6,
580 2747 654 2778 147.
705 2750 763 2778 Sil.
793 2748 827 2787 9,
853 2747 896 2777 52

100 2798 181 2825 ante
213 2794 332 2832 tabas,
376 2796 395 2823 i.
423 2804 449 2824 e.
485 2800 656 2830 antequam
682 2798 759 2824 tuba
783 2795 896 2830 proelii

99 2842 151 2870 dat
186 2842 326 2878 signum.
375 2842 450 2870 Val.
482 2842 529 2869 Fl.
564 2839 599 2878 7,
627 2837 667 2868 11
705 2843 787 2869 ante
821 2843 898 2870 tuos

99 2884 216 2916 vultus
254 2888 275 2915 i.
303 2896 329 2916 e.
363 2892 537 2922 antequam
571 2890 599 2915 te
638 2886 716 2915 vidi.
752 2901 795 2905 —
833 2894 896 2926 per

98 2933 236 2961 Val.1‹*l.
264 2929 294 2970 1,
315 2931 380 2961 767
411 2930 503 2962 talia
528 2940 589 2972 per
615 2928 800 2968 lacrimas,
825 2932 845 2960 i.
868 2941 895 2960 e.

100 2979 174 3007 dum
198 2979 358 3008 lacrimat.
387 2994 424 2998 —
446 2979 525 3018 post
550 2977 589 3007 cf.
620 2979 679 3006 Ov.
703 2979 745 3005 Μ.
771 2975 802 3014 8,
828 2975 895 3005 538

97 3025 176 3064 post
202 3022 369 3062 cinerem,
395 3024 415 3052 i.
440 3033 466 3053 e.
493 3027 663 3059 postquam
686 3023 770 3052 einis
790 3022 896 3052 factus

948 1484 1005 1509 est.
1054 1480 1129 1509 Val.
1155 1482 1202 1509 Fl.
1237 1477 1273 1518 1,
1301 1477 1365 1508 139
1403 1475 1594 1519 pulsatque
1625 1472 1747 1514 chelyn

947 1527 1025 1566 post
1047 1524 1175 1565 pocula
1203 1523 1350 1564 Chiron,
1389 1528 1559 1561 postquam
1588 1523 1747 1551 biberunt.

949 1570 984 1601 in
1005 1581 1031 1601 c.
1056 1574 1120 1601 abl.
1148 1569 1178 1610 6,
1201 1570 1267 1600 547
1300 1569 1334 1600 ἱη
1362 1568 1483 1607 verbo,
1516 1571 1590 1598 dum
1611 1571 1746 1598 vernum

948 1618 1098 1652 loquitur.

995 1661 1071 1691 666.
1101 1659 1323 1700 Bacchatur,
1361 1662 1399 1692 cf.
1428 1657 1512 1698 301,
1555 1668 1612 1695 per
1634 1662 1746 1688 urbem

949 1717 1166 1744 concussam,
1190 1715 1274 1743 quae
1296 1717 1330 1737 re
1353 1708 1464 1737 audita
1488 1711 1607 1736 terrore
1628 1713 1746 1735 concu-

949 1754 1043 1790 titur;
1071 1759 1101 1783 et
1125 1758 1172 1783 est
1197 1755 1358 1789 prolepsis
1382 1757 1418 1782 ut
1442 1751 1495 1781 22.

995 1797 1071 1828 667.
1104 1797 1207 1828 'l'eota
1227 1799 1388 1836 fremunt
1413 1799 1452 1828 cf.
1480 1795 1532 1835 11,
1556 1793 1633 1824 453.

996 1842 1072 1874 671.
1098 1845 1375 1879 Praepositionem
1407 1848 1519 1880 poetae
1546 1842 1643 1871 etiam
1671 1844 1745 1869 ante

948 1891 1129 1927 genitivum
1154 1896 1273 1926 ponunt
1294 1897 1314 1919 a
1330 1899 1411 1919 voce
1432 1891 1473 1918 ad
1494 1896 1590 1925 quam
1612 1887 1746 1922 pertinet

948 1941 1076 1974 aptum,
1101 1941 1134 1965 ut
1158 1939 1187 1965 h.
1214 1938 1255 1971 l.;
1280 1937 1352 1966 sive
1375 1937 1416 1965 ad
1438 1936 1539 1964 alium
1563 1940 1677 1963 casum
1704 1934 1743 1961 ad

948 1991 1062 2012 vocem
1097 1983 1137 2011 ad
1176 1989 1274 2017 quam
1308 1983 1460 2019 pertinet,
1502 1979 1744 2009 describendam

948 2029 1090 2057 additum
1110 2032 1145 2056 ut
1168 2029 1202 2057 0.
1228 2029 1261 2056 F.
1289 2026 1319 2064 3,
1342 2025 1382 2055 13
1417 2025 1565 2056 Ventum
1589 2026 1664 2053 erat
1691 2020 1744 2051 ad

945 2071 1071 2102 molli
1099 2070 1264 2101 declivem
1290 2070 1432 2102 tramite
1453 2069 1567 2111 ripam
1603 2069 1662 2104 (cf.
1690 2071 1743 2098 Gr.

946 2119 968 2153 §
995 2117 1081 2153 518]
1113 2126 1344 2152 nonnunquam
1377 2118 1475 2147 etiam
1508 2120 1582 2146 ante
1607 2117 1743 2144 verbum

946 2164 1078 2198 aliquod
1114 2165 1207 2192 nulla
1237 2164 1362 2192 ratione
1395 2165 1436 2192 ad
1468 2161 1742 2198 praepositionem

945 2209 1109 2243 pertinens
1137 2212 1170 2237 ut
1196 2206 1272 2236 223.
1310 2206 1339 2245 2,
1367 2206 1442 2236 278.
1481 2207 1511 2244 5,
1537 2204 1615 2234 312.
1650 2207 1685 2233 Ε.
1712 2203 1742 2241 6,

950 2252 986 2282 19
1034 2251 1200 2282 lnt'iciunt
1241 2250 1328 2292 ipsis
1367 2261 1407 2281 ex
1447 2248 1590 2281 vincula
1630 2246 1744 2278 sertis.

946 2300 1035 2334 Quod
1063 2300 1092 2328 si
1118 2299 1159 2335 sn,
1186 2299 1299 2327 relatio
1326 2297 1578 2333 praepositionis
1602 2304 1644 2324 ex
1667 2303 1740 2323 ver-

946 2354 1004 2374 sus
1030 2348 1163 2379 apparet
1199 2344 1323 2373 ratione
1352 2344 1510 2378 certisque
1543 2342 1577 2369 in
1610 2341 1742 2369 sedibus

945 2399 1011 2420 vox
1027 2395 1056 2419 et
1072 2391 1145 2425 ipsa
1160 2390 1356 2425 praepositio
1371 2389 1500 2424 ponitur
1515 2388 1553 2417 cf.
1569 2388 1620 2415 Gr.
1632 2387 1653 2420 ᾗ
1664 2383 1740 2414 520.

991 2434 1066 2464 675.
1099 2433 1154 2464 Me
1178 2432 1317 2472 fraude
1343 2432 1504 2473 petebas,
1526 2441 1576 2461 me
1600 2439 1741 2461 sororem

944 2486 1031 2510 tuam
1055 2482 1101 2510 tui
1125 2481 1386 2510 amantissimam
1404 2479 1559 2508 fefellisti.
1602 2473 1742 2506 Fraude

941 2530 1058 2566 petere
1084 2528 1125 2555 ad
1150 2527 1320 2555 formulam
1344 2523 1422 2554 telis
1447 2526 1563 2563 petere
1588 2519 1741 2561 aliquem

942 2573 1076 2609 dictum,
1102 2573 1147 2601 ita
1169 2573 1285 2612 petere
1317 2568 1469 2609 aliquem
1495 2565 1584 2598 bello
1610 2566 1640 2604 3,
1663 2564 1740 2596 603.

942 2626 1026 2647 vene
1043 2615 1108 2647 zoio
1139 2618 1180 2646 A.
1208 2618 1248 2646 ad
1273 2618 1346 2645 Her.
1375 2614 1412 2651 4,
1439 2612 1491 2643 16.
1532 2609 1643 2650 salsis
1674 2609 1742 2641 cri-

942 2661 1095 2692 minibus
1122 2664 1198 2691 Tac.
1220 2663 1261 2690 A.
1290 2659 1321 2699 4,
1346 2658 1398 2689 31.
1441 2657 1577 2698 frande
1601 2660 1633 2688 et
1654 2655 1741 2687 insi-

944 2706 1013 2737 diis
1036 2709 1109 2737 Liv.
1131 2706 1184 2745 40,
1209 2707 1262 2735 55.

990 2751 1066 2782 678.
1098 2749 1316 2792 Sprevistine
1347 2759 1398 2780 me
1423 2750 1480 2779 tibi
1509 2750 1655 2780 comitem
1684 2756 1740 2778 as-

943 2807 1080 2835 sumere,
1104 2806 1186 2833 quae
1213 2806 1267 2832 per
1289 2797 1391 2825 vitam
1413 2796 1483 2824 fui?
1505 2811 1541 2816 -
1573 2794 1740 2824 locasses

944 2845 1087 2879 optantis
1127 2848 1192 2872 est:
1236 2843 1361 2870 utinam
1400 2842 1574 2871 vocasses!
1624 2841 1677 2869 Sic.
1708 2838 1738 2877 8,

944 2889 1020 2918 643.
1058 2886 1109 2925 11,
1139 2886 1211 2916 162.
1262 2884 1348 2916 Hck.
1374 2895 1533 2916 vocasses
1563 2888 1634 2915 vult
1668 2894 1740 2921 pro-

943 2936 1027 2964 tasin
1052 2942 1135 2969 esso,
1162 2929 1299 2961 tulisset
1323 2933 1488 2968 apodosin.
1515 2933 1604 2960 Nihil
1624 2940 1737 2961 moror.

989 2978 1064 3008 679.
1094 2976 1187 3007 Idem
1215 2975 1314 3006 dolor
1342 2986 1387 3008 sc.
1416 2978 1574 3007 vulneris.
1603 2993 1640 2997 -
1672 2974 1738 3005 Τυ-

944 3022 1041 3055 lissa
1068 3032 1122 3059 pro
1142 3024 1331 3053 abstulisset
1355 3023 1394 3053 ef.
1422 3022 1452 3060 2,
1478 3022 1555 3051 554.
