2023 3350
120 230 328 283 Sustinet,
367 235 410 274 et
438 231 530 273 fata
567 230 753 284 imponit
794 231 963 276 diversa
997 233 1201 288 duorum3

120 288 253 338 Quem
293 289 465 330 damnet
499 287 639 340 labor,
680 292 723 330 et
757 303 840 343 quo
878 295 1028 345 vergat
1063 293 1251 347 pondere
1291 297 1434 340 letum.

118 345 290 388 Emicat
323 346 410 397 hic,
443 345 615 399 impune
648 350 825 400 putans,
863 353 905 390 et
940 363 1123 404 corpore
1156 354 1247 394 toto

117 403 216 445 Alte
257 403 473 445 sublatum
510 404 731 458 consurgit
767 405 933 448 Turnus
968 407 1012 449 in
1049 421 1205 459 ensem,

118 461 175 502 Et
213 460 323 502 ferit.
382 459 639 502 Exclamant
675 462 805 504 Troes
841 464 1084 518 trepidique
1119 465 1276 517 Latini,

116 520 406 570 Arrectaeque
448 517 673 560 amborum
711 521 837 562 acies.

116 575 368 628 Frangitur,
409 575 453 616 in
490 575 719 631 medioque
758 578 981 620 ardentem
1020 579 1180 622 deserit
1217 580 1317 632 ictu,

114 633 169 674 Ni
205 632 308 686 fuga
348 631 540 675 subsidio
580 634 744 677 subeat.

115 689 173 732 Ut
211 689 410 744 capulum
446 691 640 745 ignotum
684 693 966 748 dextramque
1004 694 1206 748 adspexit
1241 695 1462 737 inermem.

112 747 246 789 Fama
283 750 366 799 est,
407 749 686 803 praecipitem
725 765 856 804 quum
895 751 1036 805 prima
1078 753 1122 794 in
1161 752 1328 806 proelia
1369 753 1539 795 iunctos

114 804 438 847 Conscendebat
481 821 635 860 equos,
678 809 823 863 patrio
860 823 1063 851 mucrone
1102 810 1268 861 relicto,

110 863 224 904 Dum
263 863 469 917 trepidat,
504 864 665 906 ferrum
703 866 882 920 aurigae
920 867 1115 921 rapuisse
1154 867 1341 919 Metisci,

111 918 246 979 ldque
280 920 372 973 diu,
413 921 514 963 dum
554 926 679 977 terga
715 923 879 966 dabant
922 924 1118 978 palantia
1156 925 1320 975 Teucri,

111 977 309 1020 Suffecit:
341 983 573 1033 postquam
611 994 733 1023 arma
769 981 837 1024 dei
875 981 929 1024 ad
968 982 1175 1025 Volcania
1215 987 1390 1025 ventum
1426 985 1503 1035 est,

729 117 962 153 AENEtnos
990 122 1078 154 ΜΒ.
1106 123 1184 155 xit.
1682 131 1764 170 625

1681 473 1762 512 730

896 523 954 564 At
989 521 1177 576 perfidus
1219 523 1332 565 ensis

804 636 932 690 Fugit
973 637 1093 678 ocior
1130 638 1260 689 Euro,

1675 758 1756 796 735

1673 1044 1755 1082 740

109 1035 309 1078 Mortalis
351 1051 499 1079 mucro
539 1038 698 1091 glacies
739 1053 816 1081 ceu
852 1038 986 1082 futilis
1023 1040 1112 1082 ictu

108 1093 328 1146 Dissiluit,
368 1094 485 1137 fulva
526 1096 770 1151 resplendet
805 1097 1001 1152 fragmen
1039 1111 1183 1140 arena.

157 1246 235 1274 727.
262 1247 308 1275 De
342 1255 372 1276 v.
407 1244 578 1277 damnare
610 1248 650 1278 cf.
682 1248 714 1285 4,
739 1249 815 1278 699.
864 1264 908 1269 —-

108 1293 280 1321 Vocabulo
311 1289 424 1322 Labor
450 1296 564 1323 subest
595 1296 682 1323 notio
713 1295 824 1324 oneris
850 1296 908 1324 de-

107 1338 280 1373 primentis
306 1338 345 1367 cf.
372 1337 401 1376 2,
432 1338 481 1368 lt.
504 1356 547 1359 —-
579 1337 625 1370 Ec
644 1343 774 1380 MPRye
799 1342 908 1376 expli-

107 1384 251 1412 cativum
279 1390 309 1412 ut
335 1385 414 1413 805.
440 1385 481 1414 cf.
515 1385 541 1422 l,
566 1385 598 1414 2.
627 1395 692 1425 que
717 1386 758 1415 cf.
779 1386 810 1423 8,
828 1386 906 1415 289.

106 1434 138 1458 et
165 1430 209 1458 ita
234 1437 402 1466 receptum
427 1436 478 1460 est
502 1432 661 1460 Romanis
685 1440 741 1468 per
768 1434 799 1460 ct
820 1433 905 1460 idem

107 1476 157 1504 bis
197 1476 315 1511 dicere,
359 1478 410 1505 ubi
443 1479 687 1506 alterumutrum
737 1485 803 1506 rtem
840 1486 905 1506 non

106 1521 189 1550 satis
215 1523 372 1558 declarat,
413 1527 445 1551 ut
470 1523 498 1551 is
524 1530 596 1551 mos
628 1525 667 1551 ab
693 1523 746 1559 iis,
785 1523 839 1557 qui
865 1524 903 1551 de

104 1568 221 1596 Latine
246 1567 410 1596 scribendi
441 1569 567 1596 ratione
594 1569 808 1604 praecipiunt,
840 1577 904 1597 non

105 1615 211 1643 soleat
248 1614 358 1642 omitti.
402 1628 441 1633 —-
469 1616 531 1643 aut
563 1618 609 1649 s.,
638 1616 723 1649 quod
750 1623 793 1643 ex
818 1617 905 1644 mala

104 1667 168 1689 sua
194 1660 419 1694 explicatione
447 1659 539 1688 verbi
569 1657 740 1689 damnare
766 1666 904 1690 coactus

104 1713 183 1735 esse
216 1707 344 1734 videtur
374 1705 534 1740 recipere.
560 1721 604 1724 ——-
632 1703 706 1744 Quo
741 1707 780 1734 ad
805 1715 900 1741 quem

102 1751 224 1781 trutina
249 1753 376 1792 vergat
396 1753 497 1780 letum
520 1753 662 1786 pondere
688 1752 800 1780 sortis.

149 1795 228 1826 728.
254 1793 308 1826 hic
328 1812 369 1816 —
395 1794 534 1825 Turnus
559 1796 598 1825 cf.
617 1797 649 1833 5,
675 1797 751 1825 609.
770 1813 812 1816 —
840 1794 905 1826 im-

103 1850 197 1884 pune
218 1844 350 1883 putans
376 1850 414 1871 se
439 1850 524 1871 nunc
553 1851 655 1878 posse
683 1845 811 1878 plagam
826 1845 905 1872 dare

104 1889 139 1918 in
162 1890 322 1918 Aeneam.

150 1934 228 1963 829.
253 1931 436 1975 consurgit
459 1931 493 1962 in
521 1942 632 1962 ensem
662 1939 693 1961 ut
719 1934 752 1970 l),
777 1932 855 1962 7⁴9.

149 1978 224 2009 730.
247 1982 357 2008 Sonus
382 1987 503 2008 versus
529 1980 671 2008 subitum
692 1980 790 2008 ictum
809 1988 900 2008 sum-

101 2033 253 2061 mamque
300 2026 409 2060 signat
446 2026 743 2061 exspectationem,
794 2025 833 2055 cf.
869 2025 901 2063 5,

101 2071 179 2101 643.
202 2086 245 2092 —-
277 2069 396 2101 Latini
420 2069 552 2111 trepidi
577 2077 662 2107 sunt,
689 2073 772 2106 quod
798 2073 901 2100 auda-

101 2119 186 2148 ciam
212 2118 313 2147 Turni
328 2118 451 2155 timent,
477 2118 531 2153 qui
551 2118 674 2152 primus
692 2118 776 2153 ferit,
803 2125 899 2153 quum

102 2165 145 2195 sit
170 2164 316 2194 inferior.

148 2206 406 2250 73l.'perlidus
433 2206 541 2238 ensis:
567 2209 666 2237 Ensis
691 2210 778 2243 quod
807 2208 900 2237 frun-

101 2257 197 2295 gitur,
220 2256 313 2285 fidem
335 2254 430 2291 fallit,
455 2262 550 2290 quam
577 2257 674 2283 nabet
698 2257 830 2284 Turnus
857 2254 899 2283 cf.

103 2300 157 2340 10,
184 2301 261 2331 693.

148 2347 224 2377 732.
252 2343 400 2376 descrit.-
446 2348 482 2375 In
529 2348 591 2375 ltoc
629 2353 759 2381 quoque
800 2347 901 2373 verbo

101 2395 255 2431 perfidiae
285 2398 335 2422 est
370 2393 579 2428 significatio.
628 2395 741 2427 ltaque
768 2392 899 2420 omnino

101 2445 193 2471 esset
219 2440 306 2468 omni
331 2439 456 2468 auxilio
483 2439 673 2475 destitutus,
699 2438 761 2467 nisi
788 2438 900 2466 subsi-

100 2487 154 2516 dio
178 2485 303 2515 subiret
335 2485 412 2520 fuga
444 2485 464 2513 i.
491 2493 519 2513 e.
550 2485 615 2514 nisi
640 2485 750 2520 fugam
777 2492 899 2519 capes-

101 2536 202 2562 seret.
250 2532 390 2561 Attende
417 2535 613 2560 structuram
640 2531 840 2565 singularem
868 2534 900 2558 et

102 2579 251 2608 Latinam
276 2577 317 2606 ef.
340 2576 372 2613 6,
399 2575 476 2604 358.
507 2574 567 2605 Rev.
596 2585 656 2605 nec
684 2576 898 2611 grammatica

102 2629 242 2660 cogente
265 2631 328 2652 nec
352 2622 516 2650 sententia
541 2623 652 2651 statuit
679 2624 842 2658 lacunam,
867 2627 898 2650 et

106 2667 175 2699 Μυ.
201 2677 231 2704 p.
247 2667 291 2697 46
309 2668 515 2705 „Ridiculum
541 2676 679 2703 prorsus
702 2673 768 2697 est:
794 2670 898 2703 „Fra-

101 2721 174 2745 ctus
199 2720 249 2743 est
266 2714 370 2750 ensis,
394 2713 427 2742 ni
443 2713 618 2751 fugisset,“
645 2715 729 2748 quod
748 2714 897 2742 infracto

100 2761 202 2791 Turni
227 2768 308 2789 ense
332 2761 425 2788 nulla
461 2759 593 2788 minima
621 2764 669 2788 est
703 2760 896 2795 significatio

99 2808 186 2837 ictus
213 2809 253 2836 ab
273 2804 467 2835 adversario
482 2805 677 2834 venturiaut
693 2806 823 2834 omnino
851 2805 898 2833 rei

101 2857 278 2888 coeptaeet
294 2851 424 2886 longius
442 2858 681 2886 progressurae
699 2856 729 2879 et
747 2851 898 2880 effectum

101 2900 283 2935 habiturae,
300 2898 365 2927 nisi
386 2897 466 2932 suga
483 2897 686 2931 praeveniat.
711 2897 896 2925 Periculum

101 2954 145 2975 ex
181 2945 284 2974 fracto
319 2951 399 2973 ense
431 2947 541 2971 natum
577 2949 663 2971 nova
698 2949 752 2970 res
785 2946 837 2971 est
866 2947 898 2970 et

100 2999 160 3027 per
200 2999 238 3020 se
275 2989 499 3025 significanda.
548 2989 692 3024 Addam,
731 2988 771 3015 de
817 2988 896 3022 fuga

99 3045 238 3073 prorsus
278 3043 436 3072 perverse
475 3034 550 3070 pont
582 3030 737 3063 subsidio
767 3030 898 3069 venire,

956 1251 1041 1284 quod
1076 1249 1194 1278 dicitur
1239 1251 1277 1278 de
1324 1250 1471 1278 adiutore
1511 1253 1541 1278 et
1581 1250 1756 1278 defensore

955 1295 1154 1324 adveniente
1200 1301 1230 1323 et
1277 1296 1571 1330 appropinquante.
1644 1298 1757 1330 ltaque

954 1342 1167 1377 Rilibeckius,
1190 1343 1251 1369 hoe
1274 1341 1453 1378 intellecto,
1476 1343 1618 1370 lacunae
1644 1347 1753 1370 notam

957 1386 1078 1421 posuit.
1129 1388 1193 1414 Sed
1226 1388 1324 1414 salva
1350 1394 1404 1415 res
1432 1391 1494 1423 est,
1530 1388 1626 1415 modo
1653 1389 1756 1415 verba

954 1437 1042 1460 recte
1064 1432 1351 1466 interpungantur:
1388 1429 1586 1472 Frangitur
1606 1429 1639 1460 in
1659 1440 1702 1460 tn.
1722 1441 1754 1460 a.

955 1475 986 1505 d.
1003 1475 1084 1505 ictu.
1105 1475 1186 1514 Axf.
1208 1474 1374 1513 subsidio,
1391 1474 1523 1505 subeat.
1542 1474 1578 1505 F.
1596 1483 1627 1505 o.
1651 1475 1757 1506 Euro.

952 1524 1066 1561 Ictum,
1098 1530 1195 1557 quem
1211 1522 1331 1551 inferre
1348 1531 1412 1551 non
1436 1522 1551 1558 potuit,
1576 1523 1650 1558 ipse
1675 1525 1756 1551 suli—

953 1574 1017 1604 eat,
1069 1568 1100 1597 ni
1133 1568 1233 1603 fugae
1266 1569 1413 1598 subsidio
1449 1567 1592 1597 utatur.“
1641 1567 1757 1602 ltaque

944 1613 1067 1654 fugae
1092 1612 1283 1643 subsidium
1310 1619 1340 1642 et
1365 1614 1439 1650 ipse
1466 1615 1559 1650 dicit,
1603 1619 1635 1643 et
1657 1614 1756 1643 ictum

953 1661 1038 1688 subit
1076 1661 1124 1695 T.,
1160 1668 1253 1694 quem
1286 1660 1406 1689 inferre
1439 1661 1560 1696 debuit,
1603 1665 1634 1688 at
1667 1662 1755 1690 ictus

953 1711 1003 1734 est
1031 1714 1096 1733 non
1122 1706 1228 1741 ipsius
1256 1707 1314 1734 sed
1334 1707 1485 1741 Aeneae3
1514 1714 1615 1741 quare
1634 1712 1755 1744 manet,

952 1752 1037 1786 quod
1070 1748 1140 1780 Mu.
1170 1752 1241 1786 ipse
1266 1751 1479 1786 vituperavit.

999 1796 1076 1825 734.
1100 1800 1191 1825 Nunc
1222 1797 1352 1825 tandem
1377 1797 1466 1825 videt
1489 1805 1527 1825 se
1551 1805 1667 1825 ensem
1695 1804 1754 1832 ge-

953 1850 1025 1870 rere
1059 1843 1214 1871 alienum.
1265 1844 1474 1877 Deposuerat
1510 1843 1594 1870 enim
1638 1850 1752 1871 ensem

952 1896 1059 1920 suum,
1089 1889 1220 1923 quando
1238 1890 1279 1916 ad
1306 1896 1383 1917 aras
1408 1888 1569 1923 processit
1589 1889 1752 1922 pactionis

950 1942 1087 1970 caussa,
1131 1938 1163 1962 ut
1197 1934 1271 1969 ipse
1297 1936 1432 1963 Aeneas
1465 1933 1598 1962 inermis
1635 1939 1684 1962 est
1709 1934 1750 1962 cf.

949 1979 1027 2008 311.
1077 1980 1189 2008 subito
1226 1986 1295 2009 orto
1326 1982 1462 2009 tumultu
1493 1980 1635 2014 gladium
1669 1981 1753 2008 arri-

951 2031 1063 2061 puerat
1092 2026 1234 2054 Metisci.

997 2069 1074 2100 735.
1105 2069 1216 2100 Fama
1240 2072 1302 2105 est,
1325 2075 1487 2099 narratur.
1506 2071 1653 2099 traditur.
1682 2073 1752 2100 Non

952 2118 1071 2153 profert
1101 2119 1183 2146 haec
1218 2123 1382 2151 tamquam
1409 2116 1518 2144 dubia.
1569 2116 1610 2145 cf.
1639 2117 1671 2153 7,
1695 2116 1751 2146 48.

955 2179 991 2183 -
1018 2160 1134 2203 prima
1157 2161 1296 2203 proelia
1319 2162 1362 2190 cf.
1384 2161 1416 2200 7,
1441 2162 1496 2190 61.

996 2207 1074 2238 737.
1101 2207 1255 2249 trepidat
1281 2208 1322 2236 cf.
1350 2207 1402 2243 10,
1428 2206 1505 2236 283.

996 2254 1072 2283 739.
1099 2262 1199 2283 arma
1239 2252 1295 2283 dei
1337 2251 1524 2290 l‘utcania,

950 2301 1102 2330 Vulcani.
1129 2300 1171 2328 cf.
1194 2300 1226 2336 8,
1252 2298 1331 2328 526.

994 2347 1071 2375 740.
1098 2343 1258 2374 mortalis
1294 2352 1431 2373 mucro:

948 2401 1045 2421 manu
1080 2391 1213 2421 sactus“
1239 2394 1333 2421 Fore.
1382 2389 1431 2420 cf.
1459 2390 1535 2419 797.
1566 2395 1596 2418 et
1621 2391 1680 2418 Ov.
1707 2393 1750 2420 M.

948 2440 979 2473 7,
1004 2437 1070 2467 525
1096 2434 1245 2467 mortale
1267 2434 1398 2465 malum
1426 2441 1487 2473 est,
1513 2437 1597 2471 quod
1619 2444 1636 2464 a
1662 2444 1750 2464 mor-

947 2484 1002 2513 tali
1025 2489 1074 2512 est
1101 2484 1240 2519 illatum,
1269 2491 1333 2511 non
1356 2489 1376 2510 a
1401 2483 1474 2510 deo.

993 2529 1071 2558 741.
1094 2527 1316 2569 resplendent
1353 2530 1385 2556 M
1436 2527 1589 2563 perfosso
1622 2536 1656 2563 π,
1695 2535 1752 2556 re-

946 2573 1130 2616 splendent
1152 2577 1231 2614 Pyt),
1257 2571 1454 2613 resplendet
1480 2574 1646 2608 adscripto
1672 2581 1695 2601 π
1721 2581 1751 2609 c,

944 2619 1142 2661 resplendet
1172 2623 1209 2650 R.
1241 2636 1285 2640 —
1319 2618 1490 2660 fragmen
1531 2621 1558 2647 R
1601 2634 1636 2637 —
1668 2617 1751 2656 fra-

945 2665 1069 2708 gmina
1096 2670 1125 2695 M
1154 2664 1165 2695 i
1189 2668 1221 2695 in
1245 2674 1263 2694 e
1314 2670 1435 2694 mutato
1460 2670 1489 2693 et
1517 2664 1669 2699 perfosso
1715 2672 1748 2701 a,

939 2711 1131 2753 fragmina
1162 2714 1262 2751 Pybc.
1309 2713 1403 2739 Duae
1433 2711 1530 2745 igitur
1561 2715 1638 2738 sunt
1663 2711 1749 2738 scri-

945 2764 1071 2795 pturae,
1096 2760 1202 2787 attera
1219 2759 1251 2786 in
1269 2759 1296 2785 R
1314 2761 1345 2785 et
1370 2758 1402 2784 M
1435 2761 1497 2791 est,
1523 2764 1628 2790 eaque
1652 2763 1749 2790 prae-

944 2804 1092 2839 stantior,
1136 2811 1209 2832 nam
1252 2802 1372 2831 dissilit
1415 2803 1527 2838 ensis,
1570 2801 1748 2836 stangnum

943 2858 1049 2884 neque
1086 2855 1193 2878 tamen
1238 2849 1355 2876 dicitur
1397 2847 1505 2882 frangi
1547 2847 1577 2876 in
1635 2853 1747 2882 partes

943 2897 1068 2932 plures,
1116 2896 1174 2923 sed
1208 2896 1239 2923 in
1278 2895 1373 2929 duas,
1416 2897 1447 2920 et
1485 2900 1550 2921 una
1588 2893 1674 2921 iacet
1714 2893 1747 2922 in

944 2946 1040 2978 terra,
1065 2942 1171 2969 altera
1186 2944 1218 2968 et
1236 2941 1379 2975 capulus
1399 2942 1450 2967 est
1467 2938 1501 2967 in
1519 2946 1630 2967 manu.
1656 2940 1745 2968 Idem

943 2989 1057 3022 probat
1079 2983 1175 3025 llsg„
1202 2982 1394 3025 fragmina
1420 2991 1486 3012 rec.
1517 2981 1577 3015 Ld.
1596 2981 1671 3023 Hb„
1693 2985 1748 3020 qut

941 3033 973 3061 in
998 3033 1048 3061 ed.
1074 3032 1150 3060 mai.
1173 3031 1257 3059 dedit
1275 3030 1485 3070 fragmenti.

1410 3074 1477 3118 40

1565 2261 1657 2282 arma
1699 2255 1752 2283 dei

1477 2344 1589 2380 „ensis
1622 2344 1752 2373 mortali
