2023 3350
766 55 1003 90 AENEIDos
1036 58 1126 91 Lm.
1157 59 1235 90 vn.
1753 58 1833 98 361

175 169 335 213 Cervus
376 173 471 213 erat
508 169 651 213 forma
689 172 934 226 praestanti
969 176 1012 216 et
1052 173 1253 216 cornibus
1291 173 1452 228 ingens,

173 228 414 282 Tyrrhidae
453 229 577 284 pueri
614 243 742 283 quem
782 231 936 273 matris
977 231 1032 273 ab
1072 231 1207 274 ubere
1244 236 1420 287 rapt-um

172 286 427 339 Nutribant,
468 286 747 341 Tyrrhusque
785 293 929 343 pater,
968 290 1036 331 cui
1075 290 1197 344 regia
1231 295 1389 344 parent
1752 289 1835 329 485

173 344 402 397 Armenta,
445 347 488 387 et
525 345 614 387 late
653 346 853 389 custodia
890 347 1058 390 credita
1090 348 1243 402 campi.

173 402 415 444 Adsuetum
448 403 642 457 imperiis
685 419 810 447 soror
846 406 961 448 omni
997 405 1132 448 Silvia
1171 419 1276 448 cura

174 460 382 502 Mollibus
418 461 614 503 intexens
655 463 841 505 ornabat
883 477 1046 506 cornua
1082 464 1221 510 sertis,

173 517 466 573 Pectebatque
505 518 669 573 ferum,
710 536 906 576 puroque
945 522 990 563 in
1025 521 1146 564 fonte
1185 521 1374 564 lavabat.

173 576 274 628 Ille,
316 590 491 618 manum

529 578 718 633 patiens,
758 593 1016 634 mensaeque
1056 580 1262 622 adsuetus
1299 579 1442 631 herili,
1752 582 1837 621 490

173 633 365 676 Errabat
400 635 541 688 silvis3
581 651 818 692 rursusque
855 638 911 680 ad
945 638 1097 680 limina
1132 642 1237 680 nota

173 692 273 746 Ipse
310 692 484 735 domum
525 708 623 737 sera
663 695 858 750 quamvis
896 709 940 738 se
977 700 1106 738 nocte
1145 695 1325 737 ferebat.

173 750 300 793 Hunc
338 752 491 805 procul
525 757 742 796 errantem
778 753 960 796 rabidae
994 755 1192 796 venantis
1230 753 1313 795 Iuli

175 808 453 852 Commovere
491 824 639 863 canes,
680 811 810 854 fluvio
849 826 982 866 quum
1017 811 1131 854 forte
1173 810 1361 853 secundo

173 866 409 920 Deflueret,
450 868 634 923 ripaque
670 874 815 912 aestus
854 870 1069 912 viridante
1107 869 1283 912 levaret.
1754 871 1836 909 495

173 925 272 979 Ipse
313 927 445 969 etiam
482 927 665 969 eximiae
702 928 843 970 laudis
885 942 1115 970 succensus
1156 940 1306 969 amore

174 984 386 1027 Ascanius
426 998 557 1027 curvo
597 985 757 1027 direxit
797 986 965 1040 spicula
1007 999 1163 1037 cornu3

174 1041 484 1085 Necssdextrae
518 1043 685 1086 erranti
726 1043 831 1086 deus
867 1043 994 1093 afuit,

1034 1047 1221 1096 actaque
1258 1041 1395 1083 multo

174 1099 342 1155 Perque
381 1104 555 1144 uterum
588 1101 733 1144 sonitu
769 1115 933 1156 perque
973 1101 1051 1144 ilia
1086 1101 1203 1143 venit
1239 1099 1419 1142 arundo.

220 1230 300 1263 483.
325 1233 455 1263 Cervus
491 1237 581 1271 erat,
631 1241 727 1269 quem
765 1233 886 1269 Tyrrhi
924 1233 981 1262 filii

175 1281 299 1314 pullum
324 1279 520 1309 invenerant
546 1288 726 1316 eorumque
750 1288 848 1309 soror
874 1280 979 1309 Silvia

175 1333 306 1355 summa
339 1333 421 1355 cura
454 1327 670 1355 educaverat.
719 1328 753 1355 Is
779 1327 889 1355 *libere
921 1333 981 1362 per

174 1372 283 1401 silvas
312 1374 497 1407 vagabatur
526 1378 556 1401 et
582 1380 602 1402 a
631 1372 779 1408 colonis,
811 1376 842 1400 ut
872 1379 981 1407 sacer.

172 1417 317 1447 intactus
356 1419 616 1454 relinquebatur.
652 1434 696 1438 —
728 1415 890 1447 cornibus
927 1416 982 1447 in-

173 1471 284 1504 gens.-
319 1465 466 1500 scriptor
490 1465 613 1495 diceret
640 1461 844 1505 ingentibus
868 1460 983 1494 corni-

174 1506 248 1540 bus.
298 1511 362 1540 Sed
385 1516 436 1540 est
462 1513 493 1540 h.
516 1513 537 1540 l.
560 1511 728 1541 ablativus
753 1518 817 1540 sua
836 1510 880 1542 vi.
906 1518 981 1540 nam

174 1563 308 1586 cornua
344 1562 419 1586 sunt
457 1566 601 1592 caussa,
648 1560 688 1586 ob
725 1564 822 1592 quam
855 1553 983 1597 ingens

176 1607 285 1638 potest
326 1603 391 1632 dici
433 1612 567 1633 cervus.
618 1604 698 1633 Eius
747 1611 829 1632 usus
880 1605 982 1632 multa

176 1651 331 1684 exempla
357 1651 576 1685 reperiuntur,
605 1650 645 1679 cf.
662 1649 694 1685 9,
724 1648 787 1677 163
811 1646 984 1688 purpurei

176 1692 291 1724 cristis
308 1695 450 1725 iuvenes
476 1694 542 1725 359
557 1703 668 1724 aurea
686 1692 792 1724 bullis
813 1691 984 1734 cingula,-

175 1744 207 1769 et
234 1742 346 1770 Acron
375 1745 426 1770 est
451 1741 511 1778 10,
534 1741 602 1770 722
627 1748 827 1780 purpureus
859 1737 984 1779 pennis

177 1787 209 1815 ct
228 1788 333 1821 ostro.
360 1787 427 1816 alia
453 1792 483 1816 et
507 1795 560 1822 ap.
587 1787 674 1816 alios
704 1789 832 1821 poetas,
860 1791 892 1814 ut
921 1787 982 1814 ov.

178 1833 212 1860 1⁴¹.
245 1830 278 1868 2,
309 1831 378 1860 253
400 1830 497 1871 ficus
525 1830 715 1861 durissima
747 1828 870 1871 pomis.
920 1833 983 1861 Sed

176 1879 243 1906 tale
267 1879 343 1912 quid
365 1878 462 1907 etiam
487 1879 574 1914 apud
601 1879 795 1908 Ciceronem
824 1876 863 1906 cf.
890 1878 984 1907 Verr.

177 1923 215 1958 5,
246 1923 306 1952 34:
339 1923 384 1951 88
410 1922 514 1953 navis
537 1926 613 1953 erat
639 1919 838 1952 incredibili
865 1921 986 1952 celeri-

179 1970 252 1999 tate
288 1966 412 1999 velis.
462 1972 500 1999 Et
530 1971 600 1999 val.
633 1972 680 1998 ΕΙ.
712 1967 749 2005 4,
779 1968 846 1997 402
877 1977 984 1999 ausus

178 2019 228 2044 est
259 2016 368 2044 dicere
385 2013 669 2055 arduaflumina
695 2011 818 2054 ripis.
868 2015 908 2044 cf.
929 2018 982 2045 Gr.

178 2060 200 2095 ς
215 2060 292 2090 324.
319 2062 485 2091 Cornuum
504 2067 613 2091 autem
632 2061 820 2097 magnitudo
835 2061 868 2090 in
882 2069 982 2091 cervo

177 2111 208 2136 et
234 2108 507 2142 pulchritudinem
535 2109 643 2144 signat
671 2113 700 2136 et
726 2112 877 2137 aetatem.

221 2162 301 2193 485.
333 2161 489 2204 Tyrrhus
519 2175 584 2195 non
624 2163 800 2205 'Fyrrheus
826 2168 909 2195 Mss.
955 2169 985 2194 et

178 2210 317 2239 Servius
355 2215 386 2239 et
428 2213 507 2240 Aur.
550 2213 640 2248 Vim,
693 2215 747 2241 vel
784 2212 858 2246 quis
896 2212 982 2240 alius

178 2256 312 2291 scripsit
339 2257 378 2285 de
406 2265 474 2293 org.
504 2260 540 2287 G.
568 2261 605 2288 R.
633 2266 662 2287 c.
693 2258 749 2292 15;
786 2259 873 2293 apud
900 2266 983 2292 quos

179 2304 330 2336 Tyrrhus
355 2303 385 2331 is
404 2308 455 2332 est
480 2309 613 2341 pastor,
646 2306 733 2339 apud
759 2313 854 2339 quem
881 2304 984 2333 Lavi-

178 2348 252 2383 nia,
292 2356 392 2383 quum
427 2350 609 2379 Ascanium
651 2350 811 2386 fugisset,
859 2350 985 2385 peperit

179 2394 329 2423 silvium.
377 2397 492 2430 Neque
535 2393 732 2435 'I'yrrhIdae
760 2405 830 2426 vox
865 2399 985 2431 obstat,

179 2447 277 2474 quum
303 2438 342 2476 2,
377 2439 422 2468 82
453 2438 603 2472 Belidae
625 2442 799 2472 formatum
827 2443 866 2472 sit
896 2450 924 2471 a.
951 2450 984 2471 v.

181 2482 305 2516 Belus.
353 2485 413 2514 nic
431 2487 530 2522 igitur
556 2490 707 2523 Tyrrhus
730 2494 799 2518 erat
819 2489 901 2524 regii
927 2497 985 2524 pe—

179 2531 268 2560 coris
298 2537 428 2569 pastor,
457 2537 490 2562 ut
516 2533 572 2563 illo
601 2538 766 2570 tempore,
794 2543 860 2563 non
885 2534 985 2564 infimi

179 2578 302 2606 ordinis
320 2580 429 2606 homo.
453 2594 498 2599 -—
518 2581 663 2618 parent,
691 2588 856 2616 praesens
876 2581 986 2616 expli-

178 2628 273 2652 catur
299 2625 339 2653 ad
365 2622 402 2658 4.
430 2623 511 2654 228.

224 2684 303 2714 486.
331 2683 403 2715 late
456 2685 606 2725 nl2ylhc.
664 2683 731 2716 lati
788 2686 984 2727 MlFRvy2.

177 2732 298 2767 Aptius
325 2736 413 2768 erat,
441 2733 549 2767 qualis
575 2736 667 2762 esset
691 2734 860 2771 custodia,
887 2741 985 2768 quam

179 2778 287 2813 qualis
307 2785 444 2813 campus
467 2778 612 2813 signare,
636 2783 667 2806 et
690 2779 788 2808 facile
811 2781 852 2808 ad
869 2776 987 2819 campi

179 2824 285 2859 aptari
310 2828 436 2860 poterat
462 2822 544 2854 late.
594 2824 642 2854 Cf.
667 2823 746 2854 737.

224 2883 302 2914 487.
330 2883 517 2916 adsuetum
563 2883 732 2925 imperiis.
780 2887 894 2917 Simile
937 2891 989 2916 est

179 2930 277 2960 Plinii
312 2931 350 2969 8,
388 2931 402 2961 1
442 2932 638 2969 Elephantis
673 2936 724 2962 est
761 2929 986 2973 imperforum

182 2973 390 3008 obedientia.

1073 1230 1149 1261 488.
1178 1229 1336 1262 intexens
1375 1238 1508 1260 cornua
1550 1228 1670 1261 sertis.-
1716 1233 1840 1261 Eadem

1027 1283 1194 1308 structura
1227 1283 1276 1308 est
1300 1280 1337 1307 E.
1361 1275 1399 1313 2,
1425 1275 1481 1306 49.
1530 1277 1577 1307 Cf.
1601 1277 1641 1311 6,
1666 1276 1745 1307 229.

1076 1324 1154 1354 489.
1179 1323 1296 1363 ferum
1338 1323 1380 1352 cf.
1417 1322 1455 1358 2,
1500 1322 1555 1352 51.
1606 1326 1691 1353 Nota
1730 1328 1839 1354 autem

1028 1373 1091 1400 hoc
1125 1374 1199 1401 loco
1235 1379 1358 1400 versus
1386 1371 1505 1398 molles
1540 1374 1571 1398 et
1606 1371 1732 1406 eclogis
1761 1379 1840 1406 pro-

1030 1418 1144 1453 piores
1171 1418 1269 1452 inque
1287 1417 1440 1446 omnibus
1455 1416 1569 1445 inesse
1596 1417 1762 1446 diaeresin
1779 1419 1840 1446 bu-

1030 1464 1182 1494 colicam.

1076 1508 1155 1539 490.
1188 1507 1332 1539 Manum
1350 1512 1554 1538 contractum
1568 1517 1649 1538 esse
1661 1509 1737 1538 dicit
1754 1506 1842 1550 Wg.

1031 1561 1061 1585 et
1093 1553 1155 1586 Ld.
1183 1565 1227 1585 ex
1251 1564 1420 1585 mannum
1449 1554 1489 1584 cf.
1516 1554 1552 1589 6,
1579 1554 1656 1584 653.
1709 1557 1749 1584 At
1775 1565 1841 1584 non

1032 1610 1117 1639 opus
1130 1607 1179 1632 est
1199 1610 1239 1632 ea
1258 1602 1494 1638 explicatione.
1534 1604 1592 1630 Est
1612 1602 1841 1631 accusativus.

1076 1648 1155 1678 495.
1182 1650 1326 1679 Cervum
1352 1656 1455 1678 canes
1482 1648 1682 1679 excitarunt.
1705 1649 1778 1676 dum
1803 1656 1840 1677 se

1031 1697 1070 1723 ab
1099 1699 1194 1724 aestu
1222 1696 1394 1723 recreabat
1424 1698 1477 1731 „et
1505 1694 1604 1723 fluvio
1634 1694 1781 1723 defluens
1810 1698 1840 1722 et

1030 1741 1063 1769 in
1091 1743 1249 1770 umbrosa
1268 1741 1340 1775 ripa
1359 1738 1599 1769 decumbens.“
1633 1738 1719 1780 ll‘g.
1769 1743 1840 1768 Non

1032 1787 1152 1821 potuit,
1180 1787 1210 1815 id
1236 1786 1366 1821 quidem
1392 1794 1523 1821 verum,
1552 1787 1667 1814 eodem
1693 1791 1840 1820 tempore

1032 1840 1154 1861 cervus
1179 1837 1208 1861 et
1234 1832 1266 1861 in
1293 1832 1423 1861 flumine
1447 1837 1562 1860 natare
1586 1836 1614 1860 el
1642 1832 1674 1860 in
1701 1832 1771 1867 ripa
1788 1840 1841 1860 re·-

1031 1881 1201 1910 cumbere.
1238 1887 1345 1913 neque
1369 1879 1399 1906 id
1427 1883 1524 1913 poeta
1553 1878 1733 1913 ignoravit.
1769 1879 1841 1916 sed,

1032 1930 1062 1953 ul
1096 1925 1216 1960 optime
1245 1925 1474 1953 animadvertit
1514 1921 1617 1965 11²5,
1649 1925 1750 1953 voluit
1785 1933 1841 1953 se-

1030 1968 1204 2000 curitatem
1239 1971 1375 2006 pingere
1401 1970 1492 2000 cervi
1518 1973 1558 1999 ab
1591 1971 1743 2000 omnibus
1771 1970 1841 2005 tuti,

1031 2024 1172 2052 eamque
1200 2018 1414 2047 securitatem
1441 2024 1499 2052 per
1526 2022 1640 2051 partes
1655 2021 1840 2046 exsecutus

1031 2067 1093 2091 est.
1143 2064 1251 2098 Quare
1278 2064 1345 2092 noli
1378 2067 1433 2091 aut
1464 2060 1631 2100 delineret
1666 2064 1840 2098 explicare

1031 2117 1089 2143 per
1112 2106 1315 2146 defluxisset
1338 2112 1392 2137 aut
1417 2110 1526 2137 locum
1551 2113 1678 2138 tentare
1705 2110 1842 2138 coniec-

1030 2160 1114 2183 tura.
1141 2170 1185 2173 —
1217 2155 1344 2183 Aestus
1370 2162 1468 2188 quum
1494 2154 1524 2182 ei
1558 2155 1613 2189 qui
1645 2155 1704 2183 fert
1736 2156 1841 2183 mole-

1030 2204 1103 2229 stus
1130 2200 1188 2235 sit,
1215 2204 1323 2235 potest
1351 2200 1414 2229 dici
1436 2201 1571 2229 aestum
1594 2197 1713 2229 levare
1739 2205 1768 2228 et
1792 2201 1842 2229 sic

1031 2246 1109 2275 dixit
1137 2248 1218 2275 Stat.
1246 2247 1326 2275 Silv.
1353 2245 1390 2278 3,
1423 2243 1457 2281 1,
1484 2244 1538 2273 63.

1076 2290 1155 2320 496.
1183 2289 1264 2331 Ipse
1290 2291 1468 2327 opponitur
1490 2291 1650 2325 canibus;
1674 2298 1749 2320 nam
1774 2299 1839 2320 non

1031 2346 1150 2367 canum
1170 2340 1228 2367 sed
1252 2338 1360 2373 ipsius
1379 2338 1518 2367 Ascanii
1541 2339 1639 2372 culpa
1665 2341 1727 2373 est,
1754 2339 1841 2372 quod

1030 2392 1153 2413 cervus
1206 2385 1375 2413 occiditur.
1426 2385 1507 2413 Cum
1546 2383 1617 2419 hm,
1666 2391 1751 2418 quae
1799 2384 1839 2412 de

1031 2439 1132 2459 cervo
1154 2430 1330 2466 cyparissi
1355 2432 1450 2459 habel
1468 2431 1527 2459 Ov.
1556 2432 1598 2458 Μ.
1631 2427 1680 2463 10,
1709 2429 1773 2457 109
1788 2438 1839 2464 sq,

1030 2485 1096 2506 non
1122 2476 1196 2505 sine
1214 2476 1320 2505 fructu
1348 2476 1573 2512 comparabis,
1599 2479 1629 2504 et
1650 2483 1839 2511 cognosces

1031 2527 1204 2559 poetarum
1232 2523 1400 2554 diversam
1425 2522 1580 2550 indolem.

1077 2567 1155 2598 497.
1183 2565 1313 2599 direxit
1341 2566 1519 2607 F2My2bc.
1550 2563 1684 2597 derexit
1710 2566 1839 2607 FlRys.

1030 2622 1097 2644 rec.
1129 2611 1195 2644 Rb.

1077 2658 1155 2689 498.
1181 2667 1243 2689 nec
1279 2656 1366 2688 deus
1407 2656 1545 2688 erranti
1579 2656 1697 2695 afuit.-
1744 2661 1840 2696 deus,

1032 2706 1185 2741 quisquis
1222 2706 1252 2734 is
1292 2708 1360 2738 est,
1400 2713 1522 2734 numen
1561 2706 1712 2743 aliquod,
1754 2707 1841 2741 quod

1031 2754 1130 2788 quale
1157 2752 1198 2781 sit
1231 2759 1295 2780 non
1323 2751 1495 2780 indicatur.
1541 2753 1602 2781 Est
1627 2753 1768 2782 Allecto.
1795 2769 1841 2772 —

1032 2795 1162 2827 Abesse
1188 2794 1300 2826 alicui
1325 2797 1365 2826 cf.
1396 2795 1453 2833 12,
1487 2796 1542 2826 52.
1592 2799 1640 2827 De
1667 2800 1840 2828 abundan-

1033 2844 1075 2872 tia
1101 2840 1235 2873 erranti
1258 2839 1353 2880 afuit
1376 2842 1416 2872 cf.
1445 2841 1485 2879 4,
1519 2842 1574 2872 22.
1630 2841 1681 2873 Pl.
1705 2853 1762 2880 pro
1788 2853 1843 2874 er-

1033 2887 1131 2919 ranti
1156 2889 1241 2918 coni.
1260 2887 1406 2926 forsan,
1456 2890 1521 2918 Sed
1553 2889 1585 2918 id
1612 2890 1744 2919 dubium
1774 2900 1842 2921 non

1034 2940 1101 2971 est,
1128 2940 1234 2964 utrum
1259 2942 1341 2963 casu
1367 2941 1407 2963 an
1435 2942 1455 2964 a
1478 2936 1540 2964 deo
1566 2944 1621 2965 res
1647 2935 1736 2965 facta.
1760 2938 1816 2966 sit.

1080 2980 1158 3011 499.
1186 2978 1271 3010 itia:
1297 2982 1413 3018 „Bene
1437 2988 1477 3010 ea
1502 2983 1577 3011 loca
1599 2984 1777 3013 vulnerata
1792 2983 1843 3013 di-
