2023 3350
261 120 341 158 212

819 116 855 147 P.
889 116 1082 150 VIRGILII
1115 116 1324 151 MARONIS

258 229 355 277 1110,
396 230 626 280 postquam
665 225 822 268 Iliacas
856 230 994 269 vestes
1032 231 1268 282 notumque
1303 229 1444 272 cubile

259 284 507 336 Conspexit,
554 282 747 336 paullum
780 283 970 325 lacrimis
1007 288 1050 325 et
1083 290 1224 327 mente
1261 291 1444 339 morata,

258 341 542 392 Incubuitque
578 343 675 381 toro
712 339 906 393 dixitque
943 341 1175 383 novissima
1206 343 1354 384 verba:

1813 343 1896 383 650

258 398 416 438 llulces
452 396 645 447 exuviae,
690 396 792 437 dum
822 396 914 438 fata
945 397 1136 450 deusque
1169 399 1351 450 sinebat,

257 454 450 506 Accipite
484 452 596 494 hanc
633 453 821 494 animam
855 467 1009 507 meque
1039 454 1106 496 his
1144 456 1349 497 exsolvite
1381 456 1505 497 curis.

258 511 357 552 Vixi
397 513 439 551 et
477 523 604 563 quem
645 510 825 552 dederat
860 525 1032 552 cursum
1069 511 1244 553 fortuna
1281 513 1448 565 peregi3

259 568 315 609 Et
345 580 455 608 nunc
492 580 650 620 magna
685 568 769 609 mei
802 567 883 609 sub
921 572 1062 610 terras
1095 568 1177 610 ibit
1212 570 1368 621 imago.

259 624 417 665 Urbem
448 624 718 677 praeclaram
752 626 907 676 statui,
953 639 1049 666 mea
1081 626 1251 667 moenia
1290 625 1389 677 vidi,

1811 625 1895 663 655

258 681 361 722 Ulta
393 680 530 721 virum
564 694 726 734 poenas
760 682 932 723 inimico
971 697 997 724 a
1029 682 1166 724 fratre
1199 683 1360 736 recepi3

260 738 397 788 Felix,
442 737 527 778 heu
561 738 738 779 nimium
776 738 895 790 felix,
944 740 980 781 si
1017 740 1147 782 litora
1183 743 1354 782 tantum

258 796 486 848 Nunquam
518 795 765 837 Dardaniae
806 797 1053 850 tetigissent
1087 800 1237 839 nostra
1277 795 1473 838 carinae!

260 853 380 893 Dixit
410 855 453 894 et
491 866 538 894 os
575 853 785 906 impressa
814 857 931 906 toro,
976 854 1212 896 Moriemur
1249 854 1425 904 inultae,

260 1015 445 1049 reliquisset
466 1015 610 1044 Aeneas.
660 1016 723 1044 Sed
753 1017 782 1045 si
806 1020 917 1052 poetas
936 1017 1056 1046 Roma-

262 1068 319 1088 nos
342 1060 548 1097 respicimus,
581 1069 646 1090 non
670 1070 844 1096 possumus
868 1063 944 1096 quin
970 1064 1057 1092 acci-

260 1105 389 1139 piamus
412 1114 521 1134 ensem
546 1109 586 1135 al)
613 1108 728 1136 Aenea
753 1109 905 1136 donatum
929 1108 1056 1137 Didoni.

260 1151 307 1179 Cf.
333 1152 392 1179 ΟΥ.
422 1152 493 1179 Her.
520 1149 550 1187 7,
572 1149 633 1179 184
659 1150 797 1192 gremio
831 1150 974 1182 'l'roicus
1000 1162 1058 1182 en-

260 1193 307 1223 sis
335 1193 446 1226 adest.
478 1204 508 1224 v.
531 1194 592 1224 186
612 1205 715 1235 qnam
743 1195 825 1226 bene
850 1196 1059 1228 conueniunt

254 1239 335 1278 fato
355 1243 429 1269 tua
451 1249 628 1270 muitera
653 1244 782 1271 nostro.
821 1239 880 1270 195
898 1242 1059 1282 praebuit

262 1284 399 1314 Aeneas
428 1288 461 1315 et
493 1294 654 1315 caussam
689 1285 810 1316 mortis
840 1291 871 1316 et
903 1296 1057 1317 ensem.

260 1335 289 1359 et
313 1331 369 1359 sil.
395 1329 427 1367 S,
453 1327 492 1358 41
520 1340 567 1366 sq.
610 1336 641 1360 et
670 1330 712 1359 52
753 1330 903 1372 Corripit
931 1342 1056 1370 ensem,

261 1376 382 1411 (Dido)
416 1375 519 1405 Certa
550 1374 664 1411 necis5
701 1375 868 1418 profugit
903 1375 1058 1408 donum

260 1419 405 1450 exitiale
444 1419 591 1452 mariti
631 1426 662 1450 et
702 1420 764 1449 149
804 1420 901 1452 Haec
941 1421 1058 1453 dicens

261 1466 382 1502 (Dido)
433 1474 545 1495 ensem
596 1464 712 1496 media
765 1465 800 1496 in
845 1466 1056 1508 praecordia

260 1509 402 1550 adegit,
440 1519 554 1540 ensem
589 1508 768 1541 Dardanii
798 1510 993 1553 quaesitum
1021 1512 1057 1543 in

257 1553 393 1596 pignus
425 1554 565 1585 amoris.
613 1559 678 1586 Nee
707 1560 864 1587 absonum
896 1564 958 1597 est,
999 1560 1056 1588 Di-

260 1603 373 1630 donem
395 1602 539 1638 reginam
566 1603 708 1638 gladium
732 1607 898 1641 gestasse,
939 1605 968 1633 si
992 1613 1055 1634 non

260 1647 293 1675 in
321 1655 432 1683 11811111,
459 1651 543 1676 certe
565 1649 605 1676 ad
630 1650 856 1678 ostentandam
879 1657 973 1678 suam
999 1658 1056 1685 po-

260 1696 422 1729 testatem,
454 1700 554 1727 quare
579 1694 678 1728 potuit
702 1696 742 1722 ab
770 1695 886 1723 Aenea
911 1695 975 1724 sibi
1000 1704 1056 1730 pe-

260 1742 324 1765 tere
345 1734 589 1776 (quaesitum)
618 1739 763 1773 gladium
788 1740 898 1776 illum,
929 1748 990 1775 quo
1014 1742 1056 1769 ad

260 1783 389 1811 Troiam
418 1788 608 1819 certaverat,
634 1788 663 1812 et
682 1785 758 1813 dare
783 1786 887 1813 alium
911 1782 986 1814 261.
1014 1801 1051 1805 -

264 1825 303 1856 In
330 1837 355 1856 c.
383 1835 448 1856 acc.
476 1828 569 1856 finem
594 1828 753 1864 significat
779 1830 818 1858 cf.
843 1828 872 1866 4,
900 1827 954 1860 42.

305 1870 381 1901 648.
411 1870 540 1902 Iliacas
567 1876 677 1902 vestes
706 1875 745 1904 cf.
775 1872 804 1912 1,
830 1872 906 1904 648.

305 1917 381 1946 650.
409 1926 473 1957 qne
495 1932 539 1938 —
561 1926 625 1957 que
649 1919 689 1948 cf.
719 1917 770 1956 11,
792 1918 871 1949 840.

305 1961 382 1991 651.
409 1964 600 1998 Conspectis
630 1967 726 1993 rebus
751 1968 790 1994 ab
815 1966 931 1994 Aenea
954 1967 1054 1995 dona-

259 2008 302 2036 tis
329 2013 359 2036 et
386 2009 542 2037 memoria
568 2011 761 2043 praeteritae
783 2011 927 2040 laetitiae
959 2020 1054 2041 revo-

260 2058 333 2082 cata
357 2053 422 2081 iam
448 2053 480 2081 in
505 2054 660 2082 lacrimas
691 2056 902 2093 dissolvitur3
938 2061 967 2085 et
992 2057 1053 2086 mi-

260 2099 339 2127 tiore
371 2099 478 2127 animo
508 2106 590 2133 quae
621 2099 746 2129 factura
771 2105 819 2130 est
846 2102 998 2137 expendit
1025 2107 1055 2132 et

260 2146 395 2178 probare
436 2148 580 2173 conatur.
625 2160 662 2164 —
711 2143 873 2175 Etruniae
906 2148 944 2177 cf.
979 2145 1055 2186 496,

261 2185 394 2226 dulces,
420 2190 495 2218 dum
526 2190 546 2218 i.
576 2198 603 2218 0.
636 2192 790 2225 quamdiu
817 2190 936 2229 satum
965 2191 1055 2221 sine-

259 2231 333 2267 bat,
385 2232 533 2273 accipite
569 2231 725 2264 animam
768 2245 900 2272 meam‚·
938 2238 972 2266 in
1012 2238 1054 2267 iis

259 2279 343 2307 enim
368 2279 526 2309 incubans
555 2284 623 2309 erat
645 2281 811 2311 moritura.
846 2297 884 2302 —-
919 2280 1054 2313 sinebat

258 2326 300 2352 M.
326 2326 371 2353 al.
406 2340 444 2345 —
482 2323 642 2355 sinebant
663 2327 726 2355 FP.
749 2329 792 2356 al.
817 2336 878 2357 rec.
908 2325 971 2358 Rb.
1012 2329 1051 2358 cf.

260 2367 290 2407 1,
318 2367 368 2398 16.

306 2412 381 2443 653.
407 2415 551 2444 Instante
582 2419 681 2445 morte
708 2416 782 2451 ipsa
807 2425 842 2446 se
866 2419 1053 2447 consolatur

258 2468 364 2488 rerum
389 2463 553 2495 gestarum
577 2461 696 2496 gloria;
728 2462 840 2491 deinde
873 2471 971 2497 quum
1000 2471 1052 2492 res

259 2505 304 2533 ita
332 2505 521 2542 ceciderint,
554 2504 722 2541 (fortuna)
754 2511 788 2535 ut
809 2508 891 2536 mori
916 2508 959 2536 sit
987 2508 1052 2542 ipsi

258 2551 386 2586 melius,
409 2558 471 2579 non
493 2550 614 2579 dubitat
635 2556 782 2586 oppetere
800 2557 942 2581 mortem.
981 2554 1051 2581 Non

258 2595 442 2632 defuerunt,
481 2595 537 2630 qui
559 2598 644 2625 hunc
666 2604 798 2626 versum
821 2597 939 2633 frigere
965 2598 1050 2627 dice-

224 2641 231 2645 “
258 2644 343 2676 10111;
378 2648 481 2675 neque
505 2644 612 2669 tamen
635 2644 795 2671 habebant
818 2642 1049 2671 assentientem

259 2685 436 2722 Heynium,
474 2686 529 2720 qui
560 2689 645 2716 hunc
669 2695 802 2716 versum
824 2691 854 2716 et
877 2692 1048 2722 sequentes

258 2729 293 2756 in
317 2731 524 2760 Munclihusii
551 2731 660 2768 illius,
697 2732 752 2767 qui
789 2733 959 2769 Georgiam
977 2734 1047 2762 Au-

258 2778 386 2810 gustam
431 2776 586 2813 condidit,
634 2778 749 2806 laudes
792 2778 939 2814 contulit;
989 2787 1048 2808 nec

258 2820 461 2855 Schillerum,
487 2821 556 2855 qui:
581 2818 635 2850 ich
660 2819 748 2852 habe
776 2821 894 2863 gelebt
918 2827 990 2851 noto
1013 2824 1047 2852 in

257 2865 328 2893 1000
361 2873 424 2893 11011
451 2866 522 2894 sine
548 2866 585 2895 vi
615 2867 712 2904 dixit3
748 2876 852 2903 neque
883 2868 1046 2902 antiquos.

257 2911 339 2938 Nam
369 2913 403 2938 ut
426 2911 569 2939 omittam
597 2913 673 2941 Hor.
699 2913 734 2942 C.
763 2912 794 2948 3,
815 2911 868 2951 29,
895 2911 948 2942 43.
989 2916 1046 2943 Se-

256 2961 338 2984 neca
360 2955 440 2984 dixit
459 2955 568 2984 801101.
582 2956 613 2993 5,
633 2955 672 2985 17
697 2958 798 2996 „Quis
821 2958 893 2987 sine
915 2961 1048 2994 querela

256 3000 409 3030 moritur?
452 3000 526 3036 quis
551 3005 692 3031 extremo
715 3003 767 3032 die
790 3004 896 3033 dicere
917 3001 1046 3035 audet.-

1103 1016 1184 1046 Vixi
1225 1020 1254 1045 et
1295 1023 1388 1051 quem
1427 1016 1557 1044 dederat
1596 1021 1727 1044 cursum
1771 1012 1900 1041 fortuna

1104 1063 1236 1098 peregi?
1272 1062 1346 1096 quis
1370 1069 1433 1089 non
1462 1067 1629 1097 recusans,
1663 1059 1735 1094 quis
1757 1066 1822 1087 non
1843 1066 1899 1094 ge-

1104 1115 1196 1137 mens
1217 1106 1319 1136 exit.“
1367 1107 1468 1135 Vides
1492 1107 1589 1135 etiam
1612 1107 1769 1134 Senecam
1792 1105 1899 1133 locum

1105 1154 1152 1182 ita
1176 1153 1375 1189 intelilgere,
1408 1156 1440 1180 ut
1464 1160 1523 1180 nos
1543 1158 1645 1186 supra
1669 1149 1897 1179 indicavimus.

1105 1199 1207 1227 Alius
1234 1206 1392 1227 versuum
1416 1197 1600 1232 propositus
1625 1200 1675 1225 est
1695 1197 1790 1224 ordo:
1821 1192 1898 1222 653.

1107 1244 1160 1271 55.
1186 1241 1240 1271 56.
1267 1241 1326 1279 54,
1357 1251 1451 1277 quem
1482 1251 1544 1272 rec.
1572 1239 1637 1273 leb.
1685 1241 1731 1269 At
1759 1240 1789 1269 si
1817 1239 1899 1269 reci-

1106 1290 1208 1325 pitur,
1239 1289 1295 1323 qui
1321 1292 1498 1322 sequuntur
1527 1294 1645 1317 versus
1667 1288 1766 1315 multo
1790 1286 1899 1314 minus

1106 1337 1286 1363 cohaerent.
1336 1335 1444 1368 Neque
1466 1342 1508 1362 ex
1529 1341 1577 1369 eo,
1601 1333 1685 1367 quod
1703 1332 1760 1359 Sil.
1781 1329 1812 1367 8,
1833 1327 1898 1359 144

1105 1388 1152 1414 sq.
1175 1381 1283 1408 habet:
1306 1379 1461 1415 „Aeneae
1486 1379 1606 1408 coniux
1622 1377 1761 1406 Veneris
1785 1384 1898 1414 nurus,

1104 1426 1173 1453 uua
1217 1424 1368 1453 maritum
1411 1424 1480 1453 vidi
1524 1426 1728 1453 constructas
1769 1425 1899 1451 nostrae

1106 1470 1313 1505 Carthaginis
1340 1476 1449 1505 arces;
1491 1477 1577 1498 nunc
1617 1470 1658 1497 ad
1696 1475 1756 1497 vos
1788 1467 1899 1504 magni

1104 1516 1271 1544 descendet
1305 1515 1447 1550 corporis
1480 1512 1617 1544 umbra*⁶
1655 1513 1739 1543 satis
1770 1514 1899 1542 docetur

1105 1562 1137 1589 in
1164 1563 1222 1590 hoc
1258 1562 1344 1597 loeo,
1385 1569 1426 1589 ex
1458 1568 1519 1595 quo
1552 1567 1614 1589 sua
1642 1559 1754 1588 hausit
1784 1559 1897 1594 Silius,

1103 1608 1213 1635 eodem
1250 1606 1361 1634 ordine
1404 1606 1583 1634 sententias
1621 1612 1694 1634 0880
1735 1606 1896 1640 prolatas;

1102 1659 1178 1680 nam
1209 1655 1239 1680 et
1270 1652 1352 1679 illud
1383 1647 1460 1679 ulta
1491 1649 1600 1679 virum
1630 1650 1734 1678 Silius
1763 1654 1897 1684 antepo-

1102 1697 1177 1726 suit.
1225 1697 1265 1724 Et
1295 1696 1402 1731 qualis
1438 1695 1536 1724 fuerit
1560 1695 1662 1724 Silius
1691 1698 1802 1732 poeta,
1841 1695 1898 1730 qui

1101 1750 1142 1770 ne
1175 1744 1214 1770 ab
1245 1742 1356 1770 ordine
1382 1742 1510 1776 quidem
1534 1741 1768 1770 sententiarum
1793 1747 1897 1770 ausus

1102 1787 1144 1815 sit
1168 1787 1355 1815 discedere?

1148 1830 1223 1860 65⁴.
1250 1840 1342 1860 nunc
1367 1828 1441 1860 ibit.
1494 1827 1596 1860 Nunc
1617 1839 1689 1860 cum
1707 1830 1812 1859 futuro
1841 1838 1897 1865 po-

1102 1881 1162 1906 test
1189 1877 1298 1913 iungi,
1326 1877 1356 1905 si
1380 1877 1464 1911 quod
1486 1876 1593 1905 futuro
1623 1877 1801 1912 indicatur,
1828 1881 1897 1904 sta-

1103 1923 1158 1951 tim
1194 1923 1354 1959 sequitur,
1394 1926 1428 1950 ut
1465 1922 1532 1951 iam
1562 1922 1725 1956 praesenti
1757 1925 1897 1956 tempore

1101 1976 1174 1996 esse
1224 1968 1372 1997 videatur
1421 1964 1479 2004 10,
1507 1965 1584 1995 582.
1631 1969 1667 1996 Ε.
1702 1964 1738 2004 6,
1772 1965 1803 1995 6.

1106 2011 1246 2052 Magna
1276 2011 1414 2051 imago,
1459 2017 1515 2042 aut
1543 2014 1627 2048 quod
1657 2014 1771 2041 umbra
1794 2012 1897 2041 maior

1102 2062 1149 2087 est
1177 2058 1304 2087 homine
1330 2058 1423 2093 vivo,
1460 2057 1499 2087 cf.
1527 2056 1556 2095 2,
1583 2056 1659 2086 772.
1695 2062 1768 2095 aut,
1799 2058 1896 2092 idque

1102 2103 1265 2141 praefero,
1287 2110 1407 2139 magna
1429 2104 1545 2133 dicitur
1567 2111 1623 2140 ea,
1648 2110 1731 2139 quae
1755 2103 1895 2139 egregiis

1102 2149 1196 2179 factis
1228 2156 1381 2185 magnam
1409 2156 1445 2177 se
1474 2149 1644 2184 praestitit.
1699 2148 1782 2183 Quid
1809 2149 1895 2177 enim

1102 2195 1133 2222 in
1173 2195 1317 2228 corporis
1355 2195 1575 2230 magnitudine
1616 2193 1794 2230 gloriosum
1834 2198 1893 2232 est,

1102 2240 1292 2274 praesertim
1316 2239 1347 2268 si
1375 2247 1485 2268 omnes
1510 2240 1621 2268 eadem
1652 2243 1817 2268 ornantur.
1852 2254 1890 2259 —

1101 2287 1192 2314 Serv.
1224 2287 1255 2313 11.
1289 2286 1311 2313 1.
1344 2285 1457 2313 multis
1489 2285 1601 2313 verbis
1631 2285 1718 2314 docet
1749 2285 1894 2314 animam

1100 2334 1295 2359 mortuorum
1318 2331 1359 2358 ad
1383 2331 1510 2358 caelum
1534 2337 1710 2367 permeare,
1731 2331 1817 2365 apud
1841 2331 1893 2359 111-

1099 2375 1184 2404 feros
1209 2376 1300 2404 modo
1322 2382 1394 2403 esse
1421 2375 1595 2411 imaginem
1617 2379 1648 2405 et
1667 2376 1891 2406 simulacrum.

1101 2435 1140 2439 —
1167 2418 1234 2448 mei
1259 2419 1298 2449 cf.
1327 2417 1403 2448 237.

1144 2462 1220 2493 656.
1255 2462 1337 2493 Uita
1358 2462 1483 2500 virum,
1501 2467 1694 2503 Sychaeum,
1710 2466 1892 2503 „puniendo

1102 2509 1173 2539 eius
1204 2510 1447 2539 interfectorem.
1496 2512 1578 2540 Nam
1609 2511 1680 2540 ideo
1713 2512 1835 2540 addidit
1854 2519 1891 2551 p.

1098 2552 1120 2583 i.
1149 2563 1182 2583 a.
1204 2554 1235 2591 f.
1263 2563 1312 2590 r.‚·
1345 2564 1405 2585 1100
1434 2563 1550 2585 revera
1573 2558 1644 2585 ulla
1666 2557 1764 2586 avari
1789 2557 1892 2586 maior

1096 2603 1146 2629 est
1171 2607 1291 2638 poena,
1318 2608 1416 2635 quam
1439 2602 1586 2630 amittere
1610 2603 1791 2639 pecuniam,
1816 2610 1890 2637 pro-

1096 2649 1164 2680 pter
1187 2653 1284 2680 quam
1309 2647 1516 2676 commiserat
1538 2646 1679 2677 scelus.“
1705 2650 1738 2677 S.
1786 2647 1833 2677 Cf.
1861 2645 1889 2685 1,

1141 2733 1217 2765 658.
1250 2736 1296 2765 Cf.
1337 2737 1405 2766 Cat.
1445 2733 1504 2774 64,
1549 2734 1607 2765 171
1665 2735 1805 2766 Utinam
1846 2744 1890 2767 ne

1093 2782 1245 2820 tempore
1278 2779 1391 2821 primo
1425 2778 1558 2811 Gnosia
1596 2779 1783 2822 Cecropiae
1811 2779 1891 2812 teti-

1094 2822 1231 2865 gissent
1259 2823 1365 2855 litora
1393 2835 1537 2866 puppes.
1568 2842 1614 2846 —
1648 2824 1810 2868 Tangere
1840 2831 1892 2857 est

1094 2871 1263 2905 pervenire
1287 2873 1343 2909 ad,
1367 2872 1417 2901 sic
1437 2870 1468 2909 9,
1498 2869 1560 2900 135
1582 2873 1607 2901 t.
1635 2879 1735 2901 arva.
1784 2873 1819 2901 Ο.
1843 2874 1887 2901 Μ.

1093 2914 1124 2953 4,
1150 2914 1216 2945 778
1241 2914 1370 2946 domos.
1418 2918 1453 2945 F.
1482 2915 1510 2955 1,
1535 2914 1600 2945 519
1626 2914 1744 2946 litora.

1137 2959 1212 2991 6:³9.
1245 2970 1282 2990 os
1312 2959 1482 3002 impressa
1514 2964 1599 2992 toro.
1653 2962 1764 2999 „Quod
1788 2962 1888 2992 inter-

1091 3007 1165 3035 dum
1186 3007 1221 3036 in
1244 3015 1370 3037 summo
1397 3007 1540 3043 corporis
1566 3007 1674 3037 dolore
1701 3007 1769 3038 fieri
1793 3009 1886 3047 solet,
