2023 3350
212 134 293 172 :512

779 133 814 164 P.
841 131 1039 165 VIRGILII
1063 133 1277 168 MARONJS

213 244 303 284 Has
339 257 500 293 omnes,
542 243 616 284 ubi
654 243 769 285 inille
806 247 949 285 rotam
988 246 1157 288 volvere
1193 263 1270 302 per
1307 264 1455 302 annos,

214 300 447 341 Lethaeum
488 300 544 340 ad
584 301 760 342 fluvium
795 301 898 343 deus
934 306 1084 344 evocat
1119 307 1288 358 agmine
1322 321 1501 361 magno:

213 357 385 399 Scilicet
422 357 694 399 immemores
727 372 883 412 supera
918 362 967 400 ut
1007 374 1195 404 convexa
1229 365 1418 407 revisant

1776 368 1858 407 750

232 416 375 455 {ursus
412 418 454 455 et
488 415 700 468 incipiant
736 416 780 456 in
821 430 1006 470 corpora
1044 418 1153 460 velle
1193 424 1362 463 reverti.

326 471 508 512 Dixerat
544 472 770 524 Anchises,
812 478 1049 527 natumque
1084 490 1256 530 unaque
1294 480 1501 533 Sibyllam

214 529 454 570 Conventus
486 529 624 570 trahit
659 531 702 571 in
740 531 904 572 medios
937 532 1198 587 turbamque
1233 541 1471 588 sonantem,

212 586 268 627 Et
303 587 515 628 tumulum
548 588 685 642 capit,
726 588 840 630 unde
879 603 1026 631 omnes
1063 591 1192 645 longo
1233 594 1382 636 ordine
1416 597 1565 649 posset

211 755 259 779 est
279 751 396 779 animi.
424 760 487 781 non
510 753 672 792 corporis,
697 755 750 788 qui
776 760 825 784 est
852 759 1012 784 terrester.

215 812 251 816 —
284 794 409 826 Aether
441 803 489 826 est
520 806 576 827 aer
601 800 799 834 purissimus
831 806 858 830 et
885 802 1012 836 simpli-

211 843 377 872 cissimus.
428 844 475 873 cf.
502 846 561 873 Sil.
605 844 661 882 15,
692 843 733 873 77
769 847 810 875 At
846 846 923 886 quis
956 856 1014 874 (lt-

212 885 316 916 tlterit'
334 892 496 918 servatur
510 887 651 919 seminiz-
668 894 774 929 orme,
799 890 896 920 Caeli
909 895 1013 931 porta

209 935 319 972 potet.
352 950 388 953 —
420 933 526 964 aurai
552 935 590 965 cf.
620 935 656 971 3,
684 935 760 965 35⁴.
798 953 835 957 —
867 935 1014 976 simplex

212 987 274 1007 non
311 988 353 1009 ex
389 982 468 1009 aliis
500 984 597 1010 rebus
634 984 857 1018 compositum.
913 984 1013 1012 Omne

211 1029 318 1053 antem
347 1028 429 1061 quod
453 1027 593 1061 simplex
619 1032 720 1063 esset,
749 1030 832 1057 idem
859 1032 1015 1063 putabant

212 1076 337 1099 veteres
363 1080 437 1101 esse
461 1077 638 1101 aeternum.
676 1090 712 1093 —-
748 1076 817 1103 Iam
850 1083 928 1103 vero
962 1083 1014 1103 se-

212 1117 352 1145 cundum
378 1126 496 1147 versus
527 1116 604 1147 743.
637 1117 678 1147 44
710 1121 808 1149 etiam
842 1120 876 1148 in
897 1121 1013 1156 Elysio

213 1163 422 1198 purgationes
458 1167 549 1201 sunt,
592 1166 675 1199 quod
712 1169 746 1194 ut
788 1173 926 1202 novum,
969 1167 1015 1194 ita

213 1208 329 1237 mirum
370 1214 418 1237 est
463 1209 591 1245 visum,
640 1211 749 1245 itaque
790 1208 852 1239 Hb.
896 1219 1013 1240 versus

213 1255 413 1289 transposuit
448 1259 479 1283 et
508 1263 541 1285 v.
576 1253 652 1285 743.
687 1254 729 1284 44
773 1260 843 1292 post
880 1265 912 1285 v.
947 1255 1013 1284 747

213 1299 360 1337 intrusit,
387 1302 442 1330 setl
467 1305 533 1330 tum
558 1301 617 1329 illa
642 1304 744 1331 verba
765 1299 910 1341 quicque
935 1310 1015 1330 snos·

210 1343 370 1384 patimur
397 1344 518 1375 Manes
540 1354 621 1376 sane
646 1348 761 1384 frigent
788 1351 816 1376 et
842 1349 938 1382 plane
958 1356 1016 1376 su-

214 1398 381 1426 pervacua
414 1396 505 1428 sunt,
539 1401 636 1428 quum
670 1402 721 1422 res
753 1394 819 1422 iam
851 1395 892 1423 sit
919 1394 1012 1423 (licta.

220 1434 305 1476 Wg.
334 1436 440 1466 donec
467 1439 623 1473 explicuit
650 1448 706 1474 per
730 1447 832 1478 quum
861 1438 1015 1477 tandem,

212 1490 296 1517 quae
324 1484 414 1512 verbi
441 1484 634 1520 significatio
662 1486 734 1515 licta
757 1486 848 1514 modo
876 1486 1013 1520 videtur,

213 1532 246 1556 ut
278 1530 370 1558 locus
405 1534 514 1564 posset
546 1531 715 1565 explicari.
769 1528 836 1559 110.
870 1540 900 1560 v.
934 1529 1011 1559 743.

213 1570 255 1601 44
281 1578 362 1603 totos
388 1578 428 1604 ab
461 1576 526 1605 alio
553 1577 663 1606 illatos
688 1585 762 1605 esse
789 1578 914 1606 censuit
940 1585 1013 1606 eos-

212 1627 273 1654 que
299 1628 373 1649 esse
402 1625 457 1649 aut
481 1624 740 1657 transponendos
768 1627 822 1651 aut
849 1624 1011 1651 delendos.

212 1666 320 1701 Magis
344 1668 448 1701 placet
477 1664 531 1696 Pii
555 1670 726 1705 sententia,
757 1669 811 1703 qui
834 1677 866 1696 v.
891 1665 1014 1697 exinde

215 1726 252 1730 ——
278 1713 433 1739 tenemus
454 1715 494 1741 ab
515 1714 581 1742 atio
603 1716 644 1742 ad
665 1715 861 1749 explendum
878 1722 1014 1743 versum

212 1761 303 1791 putat
325 1759 472 1792 appiam:
508 1759 583 1794 ipsa
603 1761 691 1788 enim
715 1767 799 1794 (litae
825 1760 877 1788 1115
901 1761 1014 1788 verbis

212 1802 296 1830 inest
318 1805 480 1832 Sententia
505 1809 661 1841 repugnat
689 1806 844 1840 reliquis,
878 1806 1014 1834 ubicun-

212 1856 274 1882 que
295 1857 368 1877 eam
386 1850 570 1879 intruseris.
619 1852 777 1880 Videntur
798 1859 817 1880 a
835 1852 1014 1880 christiano

211 1894 322 1929 aliquo
339 1895 426 1924 facta
441 1904 525 1933 esse,
546 1897 601 1931 qui
618 1899 730 1925 Matth.
753 1896 805 1933 20,
828 1894 867 1923 16
887 1892 1014 1925 πολλοὶ

211 1932 281 1978 γάρ
308 1936 375 1968 εἰσι
396 1936 537 1979 κλητοὶ,
565 1934 680 1981 ὀλίγοι
705 1937 743 1972 δὲ
769 1936 927 1971 ἐκλεκτοί
947 1950 1015 1970 me-

212 1985 351 2014 minerit.
403 1988 513 2022 Neque
537 1987 717 2016 defenditur
747 1988 858 2016 verbis
883 1988 1013 2023 Tliielii,

211 2031 284 2065 qui:
333 2033 377 2059 Es
408 2032 450 2060 ist
475 2034 511 2067 ja
536 2042 594 2069 gar
619 2034 724 2062 nichts
756 2035 917 2070 dagegen,
954 2035 1013 2061 (1011

212 2076 402 2105 Aufentlialt
431 2078 474 2106 im
496 2079 646 2114 Elysium
672 2081 724 2107 als
748 2080 843 2108 einen
869 2080 1013 2108 zweiten

213 2124 297 2150 Gratl
325 2124 380 2152 der
403 2125 695 2161 Seelenreinigung
719 2127 926 2161 anzuselien,
960 2133 1014 2153 um

211 2169 262 2196 die
288 2170 396 2205 Seele,
435 2173 518 2199 nach
542 2171 802 2207 Wegscnaffung
832 2173 887 2199 des
920 2173 1014 2207 ,0101)-

211 2218 282 2243 sten
317 2215 451 2244 Uebels.
503 2216 570 2244 wie
603 2218 702 2246 durch
736 2217 809 2245 eine
850 2219 1013 2253 Nachkur,

210 2259 243 2288 in
282 2261 341 2289 (len
374 2262 648 2299 ursprt'inglichen
680 2263 829 2291 Zustantl
863 2271 903 2291 zu
938 2271 1013 2291 ver-

210 2310 331 2334 setzen.
381 2308 424 2335 At
453 2307 526 2337 sive
552 2309 687 2338 eieceris
713 2311 824 2343 verba,
856 2309 929 2337 sive
959 2309 1013 2337 de-

209 2351 362 2387 fenderis,
388 2358 533 2382 remanet
559 2362 598 2383 ea
618 2355 793 2383 difficultas
821 2354 1011 2389 sententiae,

210 2399 293 2432 quod
317 2399 413 2433 pauci
436 2399 470 2427 in
490 2401 642 2435 Elysium
664 2401 886 2435 admittuntur,
912 2407 1013 2434 quare

210 2451 309 2477 quum
345 2446 489 2473 damnati
523 2446 555 2473 in
592 2448 672 2476 Orco
709 2446 915 2481 delitescant,
962 2446 1012 2473 illi

210 2493 336 2526 autem,
363 2490 418 2525 qui
443 2490 476 2519 in
501 2492 616 2526 Elysio
640 2496 733 2529 sunt,
763 2500 805 2520 ex
827 2500 863 2520 eo
890 2492 924 2519 in
951 2495 1012 2519 ter-

212 2541 282 2563 ram
320 2538 468 2574 redeant,
520 2537 699 2573 iterumque
735 2537 884 2566 omnibus
923 2537 1013 2565 vitae

211 2581 368 2614 periculis
406 2583 593 2620 tradantur,
634 2583 794 2619 paulatim
833 2590 946 2611 omnes
980 2583 1013 2610 in

211 2627 346 2655 Tartaro
380 2627 538 2656 intereant
569 2637 703 2658 necesse
725 2632 783 2657 est.
832 2630 913 2656 Eam
937 2636 1013 2656 sen-

212 2673 346 2700 tentiam
372 2674 591 2703 contenderim
610 2683 674 2703 non
690 2683 764 2703 esse
781 2673 1011 2709 Virgilianam.

258 2714 335 2746 743.
362 2716 500 2747 voluere
529 2723 642 2749 rotam
677 2721 716 2749 cf.
749 2717 815 2747 745
850 2718 1014 2757 temporis

212 2760 336 2791 orbem.
385 2765 469 2793 Rota
494 2766 579 2794 enim
604 2767 740 2801 eiusque
760 2769 867 2794 motus
892 2769 1012 2799 tempo-

211 2807 257 2835 ris
275 2809 420 2837 celeriter
443 2810 600 2846 fugientis
618 2812 830 2840 simulacrum
849 2815 907 2839 est.
947 2810 1015 2845 Ipsi

212 2857 320 2882 autem
354 2852 490 2883 volt-erc
524 2861 667 2892 tempora
693 2858 860 2893 dicuntur,
896 2857 950 2890 qui
977 2863 1015 2884 ea

211 2906 267 2933 per
296 2903 440 2934 tempora
475 2908 681 2939 exercentur,
723 2902 765 2932 cf.
803 2900 841 2937 l,
878 2899 908 2929 9-
965 2903 1013 2929 1¹st

212 2944 279 2973 Cic.
293 2945 373 2980 Rep.
390 2943 420 2981 6,
440 2943 491 2975 12.
531 2945 642 2986 Quum
662 2951 762 2977 aetas
775 2949 837 2977 lua
854 2949 1016 2986 septenos

211 2986 315 3018 octies
339 2987 423 3019 solis
443 2991 630 3028 anfractus
649 2991 852 3032 reditusque
874 3000 1016 3021 convcr-

215 3031 295 3063 terit
329 3034 368 3064 cf.
395 3038 430 3065 G.
468 3035 504 3075 2,
541 3037 618 3068 295.
653 3055 690 3060 —-
728 3035 823 3069 mille
848 3038 894 3067 ita
919 3039 1014 3068 Plato

1060 757 1141 792 Rep.
1176 766 1205 792 11-
1239 755 1303 787 615
1338 759 1380 788 A.
1437 760 1514 787 Post
1557 762 1603 787 ter
1636 758 1725 787 mille
1756 766 1861 787 annos

1061 803 1229 839 Aegyptii,
1262 812 1317 838 per
1340 812 1420 839 quos
1447 804 1481 832 in
1506 804 1619 832 bestiis
1646 809 1862 833 commoratus

1061 854 1158 883 esset,
1185 850 1217 877 in
1244 853 1421 879 humanum
1447 858 1562 884 corpus
1587 850 1731 878 animam
1755 851 1861 879 redire

1061 899 1257 928 putaverunt
1283 897 1396 925 Herod.
1424 894 1453 932 2,
1481 893 1554 923 123.
1600 896 1708 924 Aliter
1732 896 1802 932 alii,
1829 899 1862 924 ut

1061 940 1094 967 in
1123 948 1156 968 re
1176 942 1387 976 opinionibus
1405 941 1558 970 obnoxia.
1602 938 1654 969 ΡΙ.
1673 949 1729 976 pro
1749 944 1862 970 rotam

1061 986 1144 1015 coni.
1172 995 1308 1016 aeuum.

1108 1041 1184 1072 7⁴9.
1216 1041 1321 1081 Deus,
1345 1044 1400 1079 qui
1419 1044 1571 1072 mundum
1590 1042 1681 1079 regit,
1709 1047 1742 1072 ut
1765 1043 1864 1071 unius

1061 1089 1112 1117 (101
1139 1090 1372 1125 gubernatione
1399 1090 1552 1118 mundum
1579 1089 1646 1125 regi
1673 1089 1770 1117 etiam
1796 1089 1864 1117 Ro-

1064 1135 1152 1164 mani
1172 1137 1380 1171 sumpserint,
1407 1136 1455 1164 sic
1472 1134 1606 1169 saepius
1623 1134 1744 1163 Cicero.
1776 1136 1864 1163 Mer-

1061 1174 1463 1220 0111111111ψυχοπομπόν
1488 1181 1556 1209 11011
1582 1180 1773 1216 intelligere.

1106 1235 1183 1265 750.
1214 1237 1352 1276 Supera
1383 1245 1536 1265 convexa
1577 1236 1616 1266 cf.
1645 1234 1683 1273 4,
1714 1234 1775 1265 4:31
1815 1240 1865 1266 est

1062 1285 1200 1319 caelum,
1226 1284 1307 1318 quod
1332 1284 1416 1317 apud
1438 1283 1560 1311 inferos
1586 1290 1649 1311 non
1671 1283 1792 1311 vident.
1821 1297 1860 1302 —-

1065 1325 1286 1357 Immemores*
1320 1329 1408 1357 vitae
1441 1329 1560 1363 prioris
1589 1332 1620 1357 et
1645 1336 1755 1357 eorum
1779 1335 1865 1363 quae

1061 1375 1146 1409 apud
1172 1374 1294 1403 inferos
1319 1375 1406 1403 facta
1429 1378 1518 1402 sunt.

1108 1428 1184 1458 751.
1214 1429 1368 1459 reri-[1111
1400 1439 1539 1465 rursus,
1582 1431 1621 1460 cf.
1648 1432 1700 1459 Gr.
1731 1430 1752 1466 S
1779 1428 1864 1467 499;

1061 1477 1261 1505 abundantia
1291 1478 1424 1511 saepius
1448 1477 1546 1505 obvia
1572 1485 1602 1506 v.
1631 1474 1707 1505 449.
1757 1477 1811 1507 Sic
1831 1475 1863 1514 2,

1064 1520 1138 1551 165.
1173 1522 1202 1560 9,
1222 1521 1285 1551 797
1310 1525 1400 1551 retro
1425 1521 1563 1560 referri.
1608 1520 1647 1559 9,
1673 1521 1738 1550 539
1771 1525 1864 1551 retro

1059 1566 1223 1597 residere.
1277 1566 1310 1604 l,
1337 1566 1373 1595 61
1405 1566 1546 1606 insuper
1571 1566 1757 1607 imponere.
1811 1568 1863 1605 10,

1061 1612 1125 1641 225
1151 1622 1241 1652 pone
1267 1611 1374 1653 sequi.
1430 1612 1457 1650 1,
1488 1612 1547 1641 185
1576 1622 1596 1641 a
1625 1616 1726 1654 tergo
1753 1612 1862 1653 sequi.

1060 1661 1136 1688 Hor.
1155 1660 1188 1688 C.
1207 1658 1236 1693 4,
1251 1658 1281 1693 S,
1302 1658 1339 1687 16
1365 1657 1515 1688 reiectae
1532 1661 1717 1688 retrorsum
1736 1657 1862 1688 minae.

1064 1721 1101 1724 —
1140 1706 1193 1733 Sic
1218 1713 1341 1733 rursus·
1365 1706 1473 1734 verbis
1500 1713 1573 1734 cum
1604 1713 1639 1732 re
1672 1706 1862 1740 compositis

1062 1752 1206 1780 iunctum
1232 1752 1382 1786 saepius:
1416 1759 1536 1779 rimus
1562 1748 1677 1778 redite·
1702 1752 1772 1779 Ter.
1795 1752 1860 1780 Ad.

1066 1793 1092 1830 l,
1123 1795 1149 1833 l,
1178 1795 1231 1825 46.
1279 1795 1309 1833 4,
1338 1795 1368 1833 2,
1397 1794 1450 1825 40.
1500 1798 1584 1825 Flor.
1613 1793 1642 1831 1,
1669 1795 1699 1831 3,
1729 1795 1758 1825 9.
1812 1795 1862 1834 11,

1067 1841 1116 1871 14.
1166 1850 1287 1870 rursus
1313 1844 1465 1881 repetere
1488 1844 1574 1871 Suet.
1597 1843 1690 1871 Caes.
1714 1840 1744 1870 2.
1784 1851 1864 1870 rur-

1064 1897 1121 1915 sus
1154 1886 1307 1916 revidere,
1345 1885 1394 1916 17.
1445 1895 1566 1915 rursus
1596 1886 1749 1926 recipere
1782 1890 1862 1917 lust.

1063 1934 1098 1968 5,
1124 1931 1153 1962 4.
1196 1932 1254 1968 42,
1285 1931 1313 1962 2.
1343 1941 1465 1961 rursus·
1496 1941 1660 1962 revocare
1684 1935 1797 1962 Claud.
1830 1935 1862 1963 in

1062 1980 1136 2008 Rus.
1169 1978 1193 2015 1,
1221 1977 1296 2008 357.
1348 1987 1468 2007 rursus
1493 1987 1674 2007 resacrare
1692 1981 1770 2014 Nep.
1787 1981 1862 2010 Alc.

1064 2024 1093 2053 6.
1143 2026 1197 2054 Sic
1222 2033 1356 2053 rurs-nm
1384 2022 1495 2053 denno
1522 2025 1628 2054 iunxit
1654 2025 1761 2053 Plaut.
1785 2026 1861 2055 cas.

1061 2073 1141 2105 prol.
1172 2069 1223 2100 33.
1251 2087 1289 2091 —
1319 2072 1366 2100 De
1385 2072 1454 2100 loco
1480 2072 1573 2100 vocis
1600 2078 1719 2098 rursm·
1744 2071 1784 2099 cf.
1810 2070 1861 2107 12,

1063 2115 1139 2145 217.
1171 2133 1208 2136 -
1242 2114 1419 2154 Incipiunt
1450 2114 1554 2152 velte,
1586 2117 1726 2145 nondum
1751 2125 1862 2146 rever-

1063 2167 1180 2197 tuntur,
1203 2164 1260 2192 sed
1282 2163 1325 2191 iis
1349 2164 1604 2197 exspectandum
1625 2166 1684 2199 est,
1707 2163 1781 2191 dum
1802 2172 1862 2192 vo-

1061 2213 1185 2237 cantur.

1062 2319 1189 2351 752Ν
1208 2320 1283 2352 893.
1351 2318 1513 2350 Illustres
1551 2319 1700 2351 Romani
1742 2328 1861 2352 recen-

1395 2368 1527 2396 sentur.

1106 2433 1182 2464 753.
1213 2432 1321 2464 trahit
1347 2435 1387 2464 cf.
1416 2434 1445 2469 2,
1471 2434 1525 2462 59,
1543 2432 1701 2464 —turbo
1722 2444 1863 2474 sonans,

1060 2482 1200 2516 quaevis
1224 2482 1310 2509 enim
1334 2482 1504 2510 multitudo
1525 2481 1634 2516 aliquo
1658 2481 1759 2511 fertur
1778 2487 1862 2511 stre-

1061 2528 1129 2562 pitu
1166 2527 1204 2556 cf.
1239 2525 1316 2556 709.
1366 2528 1439 2555 Noli
1474 2527 1592 2556 referre
1625 2529 1665 2556 ad
1699 2528 1747 2563 id,
1779 2529 1864 2563 quod

1062 2576 1196 2601 umbrae
1230 2574 1398 2607 loquentes
1432 2577 1582 2602 resonent
1616 2574 1706 2602 triste
1730 2578 1759 2602 et
1783 2581 1862 2603 acu-

1061 2623 1139 2655 tum,
1166 2620 1241 2647 Hor.
1258 2621 1359 2648 Serm.
1384 2617 1411 2654 1,
1429 2617 1461 2653 8,
1487 2616 1538 2647 41.
1564 2613 1750 2657 τρίζουσαι
1767 2620 1860 2648 Hom.

1061 2666 1116 2693 011.
1156 2662 1217 2694 24,
1259 2664 1290 2693 5.
1355 2667 1465 2699 Neque
1503 2664 1591 2693 enim
1634 2664 1742 2693 tristes
1782 2664 1862 2692 illae

1060 2713 1195 2739 umbrae
1219 2714 1303 2739 sunt.

1109 2764 1185 2794 754.
1212 2768 1325 2804 posset
1349 2767 1422 2794 MR.
1443 2767 1486 2794 al.
1506 2770 1590 2794 recte
1614 2768 1684 2800 post
1704 2771 1861 2799 praesens

1063 2812 1269 2842 historicum:
1293 2810 1402 2850 possit
1429 2813 1461 2839 F.
1488 2813 1531 2840 al.
1558 2819 1619 2839 11011
1645 2811 1752 2838 minus
1777 2816 1862 2840 recte

1063 2858 1126 2886 dici
1154 2862 1293 2893 potera13
1319 2858 1375 2885 sed
1397 2859 1547 2886 standum
1569 2863 1590 2884 a
1613 2856 1707 2883 libris
1729 2857 1862 2891 potiori-

1063 2906 1132 2932 bus.
1177 2918 1215 2922 —
1256 2900 1363 2943 longo
1397 2901 1520 2931 ordine
1557 2901 1596 2930 cf.
1631 2900 1707 2929 ⁴⁸2.
1769 2904 1862 2932 ..Non

1062 2957 1124 2984 quo
1149 2949 1218 2977 nati
1244 2952 1337 2983 sunt,
1370 2949 1425 2976 sed
1451 2955 1512 2982 quo
1536 2947 1621 2981 apud
1643 2947 1768 2976 Inseros
1792 2952 1862 2977 sta-

1062 2997 1148 3023 bant.
1200 2996 1268 3022 Non
1293 2994 1379 3022 enim
1404 3001 1441 3022 eo
1464 3000 1526 3028 quo
1552 2997 1728 3029 regnarunt
1757 2993 1861 3024 dictu-

1061 3048 1118 3069 rus
1144 3044 1191 3069 est
1218 3038 1362 3069 ordine.“
1387 3040 1418 3067 S.
