2023 3350
174 200 287 243 Hinc
317 197 423 241 mihi
458 196 672 252 Massylae
710 197 849 252 gentis
886 200 1127 239 monstrata
1164 196 1378 250 sacerdos,

173 256 461 312 Hesperidum
501 255 651 308 templi
691 258 856 306 custos,
896 255 1133 309 epulasque
1166 255 1345 297 draconi

174 316 293 367 Quae
333 314 466 356 dabat
503 316 545 354 et
572 317 726 354 'sacros
767 312 969 355 servabat
1009 313 1053 354 in
1088 312 1244 355 arbore
1276 328 1420 356 ramos

174 373 392 427 Spargens
426 369 603 412 humida
641 370 771 412 mella
804 370 1176 425 soporiferumque
1209 385 1413 425 papaver.

176 431 297 472 Haec
334 443 379 471 se
419 427 682 470 carminibus
719 429 936 482 promittit
969 429 1134 470 solvere
1171 433 1346 482 mentes,

174 488 288 539 Quas
321 486 445 538 velit,
487 489 557 528 ast
593 486 691 528 aliis
725 486 856 528 duras
895 486 1128 528 immittere
1163 501 1309 539 curas,

174 545 336 588 Sistere
371 558 530 598 aquam
562 542 702 585 fluviis
744 548 786 585 et
822 548 989 585 vertere

171 604 504 656 Nocturnosque
541 605 686 643 movet
718 601 887 653 Manes3
935 602 1102 656 mugire
1136 602 1300 644 videbis

174 661 262 704 Sub
305 659 486 715 pedibus
520 663 701 711 terram,
747 664 789 701 et
829 659 1088 701 descendere
1122 660 1340 701 montibus
1373 673 1512 701 ornos.

173 719 342 771 Testor,
387 731 510 769 cara,
559 716 660 758 deos
699 720 742 759 et
780 720 841 768 te,
889 731 1116 770 germana,
1163 721 1370 771 tuumque

172 776 310 818 Dulce
348 779 494 829 caput,
539 775 732 828 magicas
773 775 951 815 invitam
989 775 1204 827 accingier
1242 779 1371 816 artes.

174 834 237 876 Tu
275 836 441 875 secreta
478 847 630 886 pyram
671 835 785 874 tecto
821 832 1029 874 interiore
1065 832 1144 874 sub
1179 846 1307 874 auras

766 83 1003 117 AENEmos
1040 84 1128 116 Lm.
1155 85 1213 116 tv.
1739 84 1818 123 201

1739 314 1821 353 485

1027 544 1170 586 sidera
1209 548 1339 596 retro,

1738 601 1822 640 490

1742 892 1824 931 495

175 891 324 946 Erige,
370 894 412 933 et
442 904 565 932 arma
601 889 700 942 viri,
744 889 939 932 thalamo
981 903 1091 944 quae
1126 889 1214 933 fixa
1250 889 1428 943 reliquit

174 1046 289 1080 Itaque
315 1048 366 1073 est
392 1045 520 1073 caelum
547 1043 654 1072 stellis
681 1043 892 1080 instructum,
926 1051 979 1071 or-

176 1095 299 1119 natum.

220 1135 298 1164 483.
328 1132 529 1164 Monstrum
562 1134 593 1162 ei
627 1138 695 1170 est,
735 1142 800 1162 non
834 1135 875 1162 ab
905 1133 980 1169 ipsa

176 1181 345 1218 quaesita,
375 1181 435 1209 sed
461 1182 499 1208 ab
526 1181 589 1208 alio
616 1180 646 1207 ei
673 1181 795 1207 oblata.

221 1224 300 1255 484.
327 1226 545 1261 Hesperidum
576 1225 660 1253 horti
690 1225 743 1254 ubi
771 1229 885 1254 essent
914 1232 980 1253 non

176 1272 260 1303 satis
281 1274 455 1301 constabat
476 1272 563 1306 apud
583 1271 749 1309 antiquos,
775 1274 808 1299 ut
833 1278 891 1306 par
911 1274 981 1305 est;

174 1319 209 1347 in
246 1325 285 1346 eo
328 1321 437 1347 tamen
471 1317 722 1346 consentiebant
761 1324 840 1345 esse
878 1324 980 1351 prope

175 1365 352 1393 Atlantem.
416 1363 658 1400 „Hesperides,
700 1362 846 1391 Atlantis
885 1362 980 1399 filiae,

175 1412 354 1445 nymphae,
386 1410 569 1438 secundum
595 1408 739 1437 fabulam
765 1410 891 1436 hortum
920 1410 980 1436 ha-

175 1457 327 1491 buerunt,
352 1455 385 1483 in
413 1463 475 1489 quo
503 1459 594 1483 erant
622 1456 710 1483 mala
732 1461 835 1483 aurea
861 1453 980 1483 Veneri

176 1505 394 1539 consecrata,
435 1507 519 1535 quae
556 1502 735 1536 Hercules,
778 1501 904 1529 missus
940 1501 979 1528 ab

175 1549 384 1583 Eurystheo,
419 1547 532 1576 occiso
563 1546 717 1582 pervigili
749 1547 894 1575 dracone
922 1553 981 1575 su-

176 1590 303 1623 stulit.“
346 1595 379 1622 S.

222 1636 302 1667 486.
327 1644 519 1679 spargens:
537 1639 742 1674 „Spargebat
759 1638 792 1666 in
810 1637 866 1666 via
882 1637 981 1665 melta

180 1688 212 1713 et
238 1691 398 1721 papaver,
433 1683 551 1718 quibus
586 1684 797 1713 advenientes
825 1686 866 1712 ab
891 1685 981 1711 horto

179 1733 301 1759 arceret
338 1733 367 1758 et
406 1736 503 1764 poma
542 1730 758 1764 Hesperidum
801 1726 981 1758 servaret.'‘

181 1772 238 1805 Jh.
287 1776 445 1804 Sacerdos
475 1775 573 1811 igitur
605 1782 713 1804 ramos
739 1775 925 1804 defendebat
952 1777 982 1802 et

179 1822 320 1850 dracone
360 1824 391 1850 et
430 1822 525 1850 melle
565 1828 605 1850 ac
649 1829 821 1856 papavere.
893 1822 981 1849 Idem

180 1867 309 1896 videtur
348 1866 530 1903 intelligere
572 1863 635 1894 Ld.
674 1868 730 1902 qui
768 1865 981 1902 soporiferum

182 1912 260 1941 dicit
288 1919 432 1948 papaver
463 1908 718 1941 hominibus
751 1913 771 1942 i.
804 1922 831 1942 e.
863 1913 981 1941 irrum-

181 1958 343 1994 pentibus.
404 1958 440 1986 Id
479 1957 606 1992 quidem
645 1966 737 1987 nemo
778 1959 864 1988 alius
906 1965 981 1986 nar-

181 2008 247 2042 rat,
290 2004 365 2032 inde
406 2004 592 2037 interpretes
633 2007 762 2033 traxere
807 2011 983 2043 spargens

182 2051 224 2079 ad
265 2047 393 2088 dabat,
445 2053 477 2076 ut
518 2049 650 2077 draconi
686 2051 840 2078 darentur
874 2051 982 2079 mella.

183 2096 246 2125 Sed
269 2099 376 2124 tamen
401 2094 466 2123 iam
485 2095 622 2123 Servius
645 2099 692 2124 est
715 2095 872 2131 offensus,
898 2095 981 2129 quod

182 2141 395 2177 soporiferum
422 2147 566 2176 papaver
590 2141 722 2170 draconi
747 2142 851 2178 datur,
873 2144 906 2168 ut
932 2140 982 2168 vi-

184 2188 278 2224 gilet;
308 2194 405 2223 quam
434 2186 641 2216 offensionem
666 2195 834 2216 removere
859 2194 894 2215 se
924 2193 984 2220 pu-

185 2237 269 2270 tant,
313 2240 411 2268 quum
451 2232 560 2261 dicunt
600 2234 692 2262 modo
738 2234 850 2262 dulces
896 2232 984 2261 cibos

184 2278 330 2315 signari,
373 2285 519 2314 papaver
550 2283 657 2308 autem
689 2278 821 2308 Graecis
845 2278 877 2306 in
903 2278 986 2306 deli-

185 2325 247 2354 ciis
283 2324 398 2354 fuisse.
451 2325 492 2352 Et
530 2324 778 2360 simplicissima
808 2328 856 2353 est
897 2320 986 2363 ng

185 2370 278 2406 ratio,
304 2370 359 2405 qui
385 2371 580 2406 „draconem
603 2374 688 2400 hunc
713 2374 822 2399 tantae
847 2369 985 2398 feritatis

185 2415 291 2445 fuisse
314 2416 515 2452 putabimuS,
538 2419 572 2444 ut
595 2418 650 2446 vel
673 2416 799 2446 custodi
821 2415 872 2444 illi
893 2415 988 2444 terri-

186 2461 265 2490 bilis
289 2464 393 2497 esset,
429 2462 525 2490 dabat
548 2462 646 2498 igitur
671 2463 702 2492 ei
725 2469 889 2499 papaver,
922 2469 986 2489 non

189 2515 250 2541 quo
278 2507 437 2541 sopiretur
469 2507 526 2535 sed
555 2515 616 2542 quo
639 2505 874 2545 mitigaretur.“
922 2508 987 2535 Ta-

187 2560 260 2582 inen
283 2553 321 2580 de
344 2551 405 2580 illa
424 2551 549 2581 feritate
574 2554 658 2582 nihil
687 2555 824 2583 traditur
847 2561 908 2583 nec
933 2560 986 2582 so-

189 2597 364 2634 poriferum
399 2601 503 2632 potest
537 2599 600 2629 dici
637 2599 686 2635 id,
723 2600 805 2635 quod
840 2606 987 2634 soporem

189 2652 253 2673 non
272 2643 341 2672 fert.
392 2640 456 2672 Rb.
481 2645 511 2671 h.
534 2652 567 2672 v.
601 2645 689 2674 eiicit
714 2650 745 2674 et
768 2648 839 2680 post
863 2653 895 2673 v.
919 2641 985 2672 517

187 2687 268 2730 ipsa
293 2703 340 2709 -—
365 2685 465 2718 iuxta
499 2688 603 2718 infert.
658 2687 708 2718 Pi.
733 2698 788 2725 pro
813 2692 929 2719 custos
954 2698 986 2719 v.

190 2733 256 2763 484
278 2737 332 2764 dat
356 2742 488 2771 succos,
519 2738 614 2770 atque
636 2735 682 2764 ita
711 2735 831 2765 mederi
856 2743 892 2765 se
917 2736 986 2770 opi-

188 2785 294 2811 natur.
342 2782 492 2809 Praestat
521 2784 628 2810 tamen
653 2782 761 2810 Servii
792 2781 985 2816 explicatio:

190 2828 302 2865 „Haec
334 2835 370 2856 se
405 2826 559 2861 promittit
587 2833 684 2856 curas
709 2829 851 2865 solvere,
894 2834 987 2862 spar-

192 2881 274 2909 gens
298 2875 329 2902 h.
348 2880 389 2901 m.
416 2876 474 2901 etc.
500 2872 520 2900 i.
540 2881 566 2901 e.
590 2873 731 2902 miscens
754 2877 803 2902 ut:
832 2874 864 2902 et
887 2880 988 2911 spar-

191 2926 277 2959 gere
312 2925 447 2946 venena
476 2914 679 2947 dedicerunt
711 2918 793 2954 [Cic.
827 2919 923 2948 Catil.
958 2915 988 2955 2,

194 2962 261 3001 10].
334 2965 399 2993 Nec
442 2963 619 3002 incongrue
658 2965 699 2992 ad
742 2964 990 2994 amaritudinem

193 3009 314 3039 amoris
339 3011 402 3039 mel
426 3010 572 3049 adhibet,
601 3010 643 3039 ad
664 3009 862 3040 oblivionem
887 3015 989 3045 papa-

1026 1041 1117 1073 verf‘
1166 1044 1209 1072 At
1236 1051 1313 1072 vero
1338 1042 1369 1071 id
1400 1045 1534 1076 apparet
1568 1049 1587 1070 a
1618 1050 1700 1071 voce
1732 1038 1828 1070 Haec

1027 1097 1061 1117 se
1083 1097 1205 1118 novum
1230 1088 1323 1117 nasci
1349 1088 1558 1117 enuntiatum.
1600 1089 1712 1122 Itaque
1736 1089 1829 1116 nulla

1026 1137 1133 1164 adhuc
1175 1134 1352 1170 explicatio
1400 1141 1462 1163 sua
1504 1137 1587 1162 caret
1632 1133 1827 1163 difficultate.

1028 1181 1076 1211 Cf.
1104 1179 1134 1217 6,
1161 1178 1237 1209 420.

1076 1224 1152 1255 457.
1179 1228 1336 1255 Notantur
1365 1232 1424 1254 eae
1453 1233 1523 1260 reS,
1563 1232 1646 1259 quae
1685 1225 1829 1254 maxime

1027 1273 1306 1302 incantationibus
1351 1271 1433 1300 effici
1480 1279 1576 1306 posse
1622 1273 1828 1306 putabantur.

1026 1319 1121 1349 Multi
1146 1322 1222 1347 sunt
1246 1319 1280 1346 in
1304 1318 1346 1346 iis
1371 1321 1482 1352 poetae
1516 1317 1554 1346 cf.
1582 1318 1649 1346 Ecl.
1677 1314 1706 1345 8.
1750 1317 1826 1345 Hor.

1026 1367 1083 1400 Ep.
1109 1364 1139 1392 5.
1170 1361 1221 1392 17.
1264 1364 1333 1392 Tib.
1360 1361 1395 1400 1,
1423 1361 1452 1391 2.
1493 1367 1521 1391 et
1558 1364 1616 1391 Ov.
1640 1364 1682 1391 M.
1709 1360 1739 1397 7,
1765 1359 1828 1390 180

1026 1419 1073 1446 sq.
1096 1425 1134 1430 —
1163 1407 1307 1438 Solvere
1332 1411 1463 1438 montes
1489 1417 1532 1438 sc.
1554 1416 1671 1437 amore.
1693 1408 1742 1437 Cf.
1759 1408 1827 1436 Tib.

1026 1459 1046 1487 1.
1071 1458 1091 1485 l.
1116 1453 1158 1484 59
1188 1453 1308 1484 eadem
1336 1462 1372 1483 se
1397 1451 1485 1483 (lixit
1509 1462 1643 1483 amores
1669 1451 1830 1482 cantibus

1027 1504 1090 1532 aut
1115 1498 1229 1531 herbis
1257 1498 1390 1529 solvere
1412 1508 1514 1539 posse
1539 1508 1641 1528 meos.
1671 1515 1716 1520 —
1748 1496 1831 1528 Pro-

1028 1545 1136 1577 mittit
1172 1556 1197 1577 c.
1231 1547 1286 1576 inf.
1317 1546 1500 1582 praesentis
1532 1546 1571 1576 cf.
1611 1547 1663 1574 Gr.
1698 1546 1719 1581 S
1751 1542 1830 1583 469,

1027 1595 1091 1624 An.
1115 1592 1144 1623 2.

1081 1637 1156 1668 488.
1190 1636 1304 1668 Curae
1330 1635 1441 1667 durae
1470 1642 1545 1666 sunt
1570 1645 1620 1673 ap.
1647 1638 1717 1666 Tib.
1742 1635 1772 1675 3,
1799 1635 1830 1674 6,

1029 1684 1058 1715 6.
1083 1687 1139 1714 Sil.
1170 1682 1221 1721 11,
1249 1682 1325 1713 374.
1347 1686 1435 1713 Nem.
1466 1685 1532 1713 Ecl.
1559 1681 1589 1719 1,
1611 1681 1666 1712 59.

1076 1729 1152 1760 489.
1184 1728 1315 1759 Sis-tere
1352 1738 1493 1769 aquam.
1555 1730 1625 1758 Tib.
1660 1726 1695 1766 1,
1723 1727 1762 1765 2,
1787 1726 1829 1756 45

1032 1774 1134 1806 Hanc
1172 1785 1238 1815 ego
1280 1773 1322 1805 ‹Ie
1361 1773 1457 1805 eaelo
1496 1772 1675 1804 ducentem
1713 1772 1831 1803 sidera

1030 1820 1114 1858 vidi,
1134 1819 1298 1861 ιΙῐιιηιίηἰε
1325 1818 1409 1850 haec
1435 1817 1556 1860 rapidi
1581 1818 1735 1850 carmine
1756 1829 1832 1849 ver-

1029 1867 1071 1899 tit
1111 1865 1193 1897 iter.-
1236 1865 1320 1897 hacc
1357 1870 1461 1897 cantu
1491 1864 1673 1905 finditque
1707 1864 1830 1902 solum,

1034 1911 1225 1954 Manesque
1251 1911 1420 1954 sepulcris
1449 1908 1540 1942 elicit
1569 1912 1627 1947 [cf.
1652 1911 1681 1949 3,
1709 1910 1773 1946 68]
1800 1913 1833 1941 et

1029 1957 1147 2000 tepido
1185 1957 1331 1989 devocat
1367 1967 1446 1989 ossa
1487 1965 1586 1998 rogo,
1648 1958 1695 1988 Cf.
1736 1960 1830 1993 Prop.

1033 2004 1061 2043 1,
1091 2002 1118 2040 1,
1143 2003 1196 2034 24.

1076 2049 1152 2080 490.
1179 2053 1377 2080 nocturnos.
1431 2052 1532 2079 Noctu
1569 2054 1724 2085 apparent
1761 2052 1834 2079 Ma-

1030 2105 1088 2126 nes
1120 2101 1150 2125 et
1184 2100 1328 2133 spectra,
1369 2100 1465 2125 noctu
1498 2104 1553 2126 ars
1579 2096 1708 2131 magica
1732 2098 1831 2125 valet.

1032 2158 1071 2162 —
1102 2144 1213 2171 movet
1241 2143 1338 2170 FMP.
1375 2157 1414 2161 —-
1445 2139 1510 2171 ciet
1536 2140 1634 2170 F2P2
1660 2151 1701 2170 ex
1726 2150 1833 2170 errore

1030 2191 1133 2216 ortum
1160 2187 1308 2223 videtur,
1349 2195 1451 2221 neque
1481 2187 1565 2216 enim
1596 2189 1709 2215 movet
1731 2191 1834 2222 potest

1031 2242 1088 2269 pro
1112 2233 1394 2268 interpretamento
1420 2233 1513 2260 verbi
1536 2230 1601 2261 ciet
1625 2233 1754 2269 haberi,
1780 2233 1833 2262 cui

1031 2279 1138 2314 aptius
1165 2282 1251 2308 esset
1275 2280 1391 2314 vocat,
1416 2274 1520 2306 elicit.
1547 2292 1592 2296 —
1620 2275 1734 2306 Movet
1761 2277 1781 2306 i.
1805 2285 1831 2306 c.

1032 2325 1151 2354 excitat
1179 2326 1254 2353 Hor.
1279 2326 1334 2359 Ep.
1371 2319 1423 2359 17,
1451 2321 1479 2351 3.
1526 2319 1593 2351 Oro
1624 2330 1736 2362 regna
1769 2330 1833 2361 per

1039 2367 1289 2409 Proserpinae,
1332 2376 1394 2408 per
1424 2370 1456 2397 et
1492 2364 1632 2397 Dianae
1662 2376 1730 2396 non
1762 2376 1833 2396 mo-

1033 2413 1148 2445 venda
1182 2412 1328 2445 numina
1364 2414 1384 2442 i.
1417 2422 1444 2443 e.
1483 2421 1566 2448 quae
1602 2413 1744 2443 excitare
1782 2413 1833 2443 fas

1033 2470 1096 2491 non
1124 2465 1182 2491 est.
1222 2463 1328 2498 Sagae
1346 2464 1455 2489 autem
1479 2464 1677 2489 mortuorum
1705 2459 1833 2488 animos

1034 2508 1143 2538 excire
1170 2515 1268 2543 posse
1300 2508 1504 2542 putabantur.
1555 2506 1630 2533 Hor.
1655 2507 1722 2533 Sat.
1748 2502 1777 2542 1,
1801 2503 1832 2542 8,

1034 2551 1088 2582 28.
1123 2569 1161 2573 —
1201 2550 1320 2593 Mugit
1347 2553 1440 2581 terra
1470 2548 1500 2587 6,
1519 2547 1578 2587 99,
1620 2547 1729 2578 solum
1757 2548 1834 2580 256.

1034 2601 1093 2629 Ov.
1125 2600 1168 2628 M.
1194 2596 1226 2635 7,
1252 2596 1328 2626 206.
1368 2596 1415 2626 Cf.
1442 2594 1473 2634 3,
1501 2593 1553 2624 92.
1608 2592 1752 2636 Magire
1781 2593 1835 2626 vi-

1034 2641 1129 2674 debis
1155 2644 1194 2674 cf.
1217 2643 1247 2681 2,
1271 2640 1346 2672 301.

1081 2688 1156 2719 492.
1184 2691 1302 2719 testor.
1350 2690 1495 2717 Excusat
1526 2695 1578 2724 se,
1608 2688 1693 2722 quod
1716 2689 1756 2717 ad
1782 2696 1835 2718 ar-

1035 2740 1098 2765 tem
1142 2736 1309 2772 confugiat.
1349 2733 1526 2770 magicam3
1588 2740 1686 2770 „nam
1736 2742 1835 2769 quum

1034 2783 1138 2811 multa
1176 2788 1272 2811 sacra
1303 2779 1443 2808 Romani
1475 2779 1668 2816 reciperent,
1708 2788 1836 2815 semper

1034 2827 1163 2864 magica
1195 2821 1421 2855 (ἱειιιιηὲιιιιιηῐὲι
1452 2826 1483 2853 S.
1525 2840 1563 2844 —
1607 2822 1689 2854 deos
1716 2827 1749 2855 et
1781 2827 1837 2862 te,-

1035 2881 1091 2908 per
1113 2872 1198 2901 alios
1222 2872 1308 2901 iurat
1332 2870 1371 2900 cf.
1391 2867 1468 2899 357.

1083 2915 1159 2946 494.
1185 2918 1329 2952 secreta,
1352 2919 1383 2946 ut
1408 2917 1531 2953 vulgus
1556 2924 1618 2944 non
1640 2920 1762 2945 noscat.
1794 2931 1832 2936 -

1036 2960 1098 2993 sub
1120 2970 1230 2992 auras
1256 2959 1372 3003 erige,
1397 2965 1528 2991 exstrue
1548 2960 1587 2991 cf.
1616 2959 1645 2997 3,
1667 2959 1743 2989 422.

1084 3005 1159 3037 495.
1187 3006 1316 3045 Arma,
1354 3010 1387 3037 ut
1419 3011 1533 3043 postea
1563 3006 1654 3036 ensis
1678 3014 1837 3036 memora-
