2044 3329
822 153 1093 186 PRAEFATIO.
1696 152 1772 178 XHI

143 267 307 320 videar,
351 267 523 309 uberius
551 278 785 320 exponam,
826 266 900 308 sed
940 267 1052 309 hanc
1087 280 1177 309 rem
1204 268 1342 307 totam
1373 265 1621 307 transmitto
1651 266 1770 315 aliis;

142 337 172 378 ii
204 340 350 378 utrum
378 335 612 390 profuerim
639 338 794 389 poetae
827 350 958 378 necne
997 336 1158 390 optime
1191 333 1456 377 iudicabunt.
1513 334 1656 375 Meum
1683 348 1770 376 non

146 409 212 447 est
248 418 344 446 mea
382 403 634 458 praedicare
669 404 745 446 sed
789 404 1028 447 defendere.
1087 406 1150 446 Ac
1187 404 1373 459 primum
1418 402 1611 456 quidem,
1655 404 1770 458 quod

146 487 315 528 semper
345 472 398 514 lis
426 476 507 524 est,
545 473 642 527 plus
670 473 862 516 minusve
887 474 1036 516 datum
1063 474 1119 515 sit
1143 473 1199 516 ab
1228 473 1483 526 interprete,
1519 485 1698 525 peccare
1725 473 1770 515 in

145 555 240 584 eam
267 545 435 596 partem
463 542 599 583 satius
629 541 771 593 habui,
800 556 910 596 quae
945 546 1039 584 erat
1066 543 1244 584 cautior.
1301 541 1616 594 Nonnunquam
1641 543 1771 585 etiam

146 624 208 663 ea,
238 624 348 664 quae
375 610 632 653 videbantur
660 625 751 653 esse
780 611 927 653 facilia
953 611 1193 664 intellectu,
1226 612 1458 664 propterea
1487 614 1610 652 erant
1639 613 1772 666 expli-

146 679 301 732 canda,
341 679 458 733 quod
488 680 677 722 virorum
710 679 956 732 doctorum,
997 693 1180 734 quorum
1223 678 1526 720 auctoritatem
1558 680 1774 735 negligere

147 762 232 790 non
265 747 491 801 debebam,
542 749 630 790 alia
667 751 762 790 erat
795 749 1036 803 explicatio.
1095 748 1225 790 Verbi
1269 761 1421 789 caussa
1458 761 1588 801 quum
1631 751 1772 794 scribo

146 817 218 868 IV,
251 820 303 859 33
334 819 517 874 praemia
557 818 710 859 Veneris
738 826 830 859 sunt
862 819 968 867 nali,
1016 817 1140 859 multi
1175 816 1286 858 hanc
1323 817 1643 860 annotationem
1681 819 1775 863 bre-

147 885 364 927 vissimam
401 886 457 928 ad
494 886 669 928 modum
707 886 888 929 Minellii
919 886 1079 928 factam
1120 885 1273 927 dicent.
1334 885 1417 927 Sed
1449 886 1552 939 quid
1589 887 1775 932 facerem

149 967 244 1007 eg0,
282 970 413 1009 quum
438 955 779 1009 Peerlkampium
827 958 916 996 tres
947 954 1164 996 columnas
1203 953 1438 1006 complesse
1480 955 1680 1009 viderim,
1727 963 1778 1001 ut

149 1023 262 1065 idem
290 1024 624 1076 demonstraret3
663 1038 793 1078 quam
830 1023 1238 1064 demonstrationem
1267 1026 1462 1076 repetere
1491 1037 1622 1076 quum
1647 1028 1776 1069 certis

150 1091 203 1133 de
232 1092 393 1134 caussis
424 1092 695 1143 abstinerem,
722 1091 842 1132 nolui
871 1095 1016 1133 tamen
1041 1091 1230 1145 legentes
1248 1089 1355 1132 duce
1374 1091 1540 1146 Heynio
1563 1091 1777 1138 aberrare.

150 1160 303 1214 Itaque
342 1160 377 1202 si
414 1159 586 1214 quando
626 1173 943 1214 supervacanea
982 1160 1135 1202 afferre
1168 1158 1365 1211 videbor,
1413 1159 1631 1214 gaudebo3
1683 1177 1779 1206 mea

151 1229 263 1271 enim
290 1229 501 1271 sententia
530 1229 594 1272 ita
621 1229 833 1284 probatur
861 1232 904 1271 et
930 1230 1147 1271 contraria
1171 1228 1234 1270 ita
1259 1228 1549 1282 improbatur,
1590 1234 1640 1272 ut
1672 1245 1780 1286 opus

150 1298 221 1339 vix
251 1297 381 1340 fuerit
408 1298 550 1340 verbis
580 1299 696 1341 meis.
756 1298 826 1341 Sic
852 1298 897 1340 L.
927 1298 1048 1350 VIII,
1079 1300 1159 1339 505
1195 1296 1364 1351 singula
1394 1297 1526 1340 verba
1559 1300 1780 1354 explicavi,

149 1370 199 1407 ut
214 1367 434 1408 reiicerem
444 1367 712 1421 Peerlkampi
730 1368 1030 1418 coniecturam,
1050 1366 1123 1421 qui
1137 1365 1194 1408 ad
1214 1380 1308 1408 eam
1324 1366 1543 1409 licentiam
1557 1371 1779 1424 processit,

150 1439 200 1478 ut
223 1436 311 1478 iam
337 1436 530 1490 superari
557 1439 762 1491 nequeat3
795 1436 918 1478 eiecit
949 1436 1002 1477 ad
1032 1450 1102 1484 me,
1136 1449 1325 1477 coronam
1354 1451 1444 1477 cum
1471 1445 1635 1493 sceptro,
1664 1454 1778 1481 man-

151 1505 314 1562 datque,
353 1509 402 1547 ut
430 1519 482 1547 ex
508 1505 686 1560 reliquis
716 1519 887 1548 versum
911 1504 1075 1546 faceret
1104 1503 1187 1545 sibi
1214 1503 1455 1558 probatum.
1515 1506 1643 1548 Nolui
1673 1508 1781 1551 talia

151 1574 346 1616 refellere
373 1574 519 1616 multis
545 1575 703 1628 verbis,
731 1575 935 1617 continua
965 1573 1250 1627 explicatione
1277 1574 1449 1628 Virgilii
1476 1574 1608 1617 verba
1636 1576 1780 1619 defen—

149 1642 251 1685 dere
280 1646 504 1686 contentus
535 1657 674 1696 eram3
728 1644 820 1686 eius
849 1646 995 1684 tamen
1023 1641 1209 1684 nominis
1245 1645 1310 1684 est
1338 1643 1678 1699 Peerlkampius,
1731 1650 1781 1688 ut

151 1726 248 1755 eum
274 1712 490 1768 negligere
514 1716 627 1755 esset
653 1712 898 1768 arrogantis
915 1712 997 1767 1⁰).
1057 1712 1192 1755 Caute
1222 1711 1353 1755 etiam
1385 1713 1537 1766 omnia,
1567 1727 1677 1767 quae
1702 1715 1778 1758 alii

272 1909 331 1948 1⁰)
359 1908 497 1947 (Huius
519 1912 628 1941 artem
652 1908 822 1949 criticam,
859 1917 963 1950 quam
989 1911 1186 1940 notaveram
1211 1907 1254 1940 ad
1284 1908 1335 1948 12,
1362 1909 1437 1944 703,
1463 1912 1497 1939 et
1525 1908 1574 1948 11,
1598 1909 1677 1949 537,
1706 1910 1782 1944 ubi-

156 1974 227 2007 que
248 1964 407 1997 refellere
437 1965 623 1997 consilium
650 1970 722 1998 erat
744 1966 781 1998 in
807 1964 859 1998 ed.
882 1964 1014 2007 priore,
1053 1964 1116 1997 sed
1146 1968 1186 1996 ut
1205 1974 1346 1998 nomen
1372 1965 1434 1997 viri
1459 1966 1665 1999 omitterem.
1714 1967 1784 2000 Sed

156 2023 257 2056 doleo
285 2031 340 2054 me
366 2021 472 2053 nimis
499 2022 660 2055 modeste
685 2023 810 2066 egisse.
857 2021 1019 2055 Mutandi
1045 2020 1139 2053 enim
1162 2020 1287 2058 libido,
1321 2032 1388 2064 qua
1414 2023 1558 2055 ardebat
1580 2023 1644 2063 Pl„
1671 2034 1783 2067 nuper

156 2084 270 2112 tantos
296 2078 376 2112 fecit
401 2088 625 2121 progressus,
648 2084 688 2111 ut
714 2084 827 2112 metus
853 2080 913 2119 sit,
940 2088 983 2112 ne
1010 2077 1181 2110 librorum
1206 2079 1293 2111 Mss.
1316 2078 1421 2112 fidem
1446 2084 1618 2122 pervertat
1640 2090 1782 2113 omnem

155 2140 297 2178 totaque
332 2135 394 2168 illa
440 2145 496 2168 ars
529 2136 791 2177 cognoscendae
833 2136 1051 2178 antiquitatis
1090 2136 1126 2168 in
1163 2140 1402 2178 contemptum
1438 2137 1554 2169 veniat
1589 2137 1784 2178 hominum,

156 2203 267 2236 quum
287 2191 556 2225 hariolationum
581 2193 739 2225 videatur
764 2202 842 2226 esse
866 2202 1027 2236 campus,
1068 2192 1104 2224 in
1135 2201 1204 2233 quo
1232 2197 1342 2225 certae
1364 2193 1507 2226 rationis
1533 2194 1584 2227 via
1606 2195 1652 2227 sit
1674 2196 1784 2236 nulla,

156 2251 344 2294 scriptores
370 2254 486 2282 autem
510 2250 646 2292 antiqui
672 2255 731 2282 aut
754 2251 801 2283 ita
826 2250 977 2292 perversi
1002 2250 1083 2289 sint,
1128 2253 1188 2281 aut
1214 2258 1334 2281 eorum
1360 2249 1488 2291 scripta
1515 2250 1563 2283 ita
1589 2252 1784 2295 depravata,

155 2313 196 2340 ut
225 2307 286 2350 qui
306 2307 398 2349 legat
419 2311 558 2349 tempus
587 2306 732 2349 perdere
755 2307 923 2340 videatur.
973 2305 1190 2338 Obtunditur
1216 2310 1249 2338 et
1275 2304 1484 2338 obscuratur
1507 2307 1594 2341 illud
1624 2311 1786 2352 antiquo-

156 2375 235 2398 rum
262 2364 457 2407 ingenium,
479 2363 617 2396 dicendi
645 2373 701 2396 ars
728 2368 762 2396 et
774 2367 939 2396 venustas
965 2367 998 2396 et
1024 2362 1194 2395 sobrietas
1219 2367 1251 2395 et
1276 2363 1494 2403 castimonia,
1521 2374 1590 2406 qua
1614 2371 1787 2399 nostrates

159 2422 332 2459 colantur,
366 2420 555 2462 fingantur,
589 2421 824 2454 moderentur.
873 2420 961 2453 Dedi
983 2421 1090 2463 igitur
1114 2420 1170 2452 PIi
1191 2420 1410 2453 coniecturas
1436 2430 1575 2461 omnes,
1601 2427 1640 2454 ut
1665 2423 1785 2464 quales

157 2482 245 2520 sint,
273 2478 428 2521 legentes
453 2479 522 2520 ipsi
546 2479 712 2512 iudicent.
760 2478 943 2511 Accedunt
971 2478 1176 2517 eiectiones,
1210 2477 1443 2518 adiectiones,
1481 2479 1786 2522 transpositiones.

159 2536 276 2578 Atque
300 2535 337 2568 in
368 2537 534 2571 tollendis
557 2535 717 2569 versibus
739 2537 902 2579 princeps
927 2540 980 2568 est
1007 2535 1199 2579 Gruppius,
1230 2535 1289 2577 qui
1311 2536 1429 2567 Minos
1452 2546 1484 2578 p.
1514 2537 1557 2570 34
1582 2536 1624 2569 de
1647 2537 1702 2576 iis,
1726 2537 1787 2579 qui

160 2602 229 2624 non
255 2594 513 2628 assentiuntur:
542 2593 724 2634 „Andern‚
750 2593 882 2635 inquit,
909 2593 996 2626 fehlt
1022 2592 1150 2626 feinere
1176 2592 1514 2635 Empt‘anglichkeit,
1548 2593 1789 2626 Gewandtheit

160 2649 235 2682 und
273 2649 446 2683 Scharfe.“
516 2652 612 2684 Idem
650 2650 862 2682 semiversus
902 2650 1013 2691 delet,
1059 2660 1167 2684 novos
1204 2649 1287 2682 facit
1327 2654 1477 2682 extrema
1510 2654 1607 2692 parte
1639 2649 1787 2687 sublata,

159 2707 313 2749 integros
337 2707 454 2740 infert.
522 2709 593 2741 Nec
617 2706 726 2750 probo
750 2717 825 2739 eam
843 2708 1012 2740 rationem
1035 2717 1138 2750 saepe
1161 2706 1336 2747 adhiberi,
1369 2715 1437 2747 qua
1466 2716 1587 2740 versus
1612 2707 1677 2739 alio
1701 2707 1789 2747 loco,

159 2774 265 2806 quam
292 2774 360 2806 quo
384 2764 558 2806 leguntur,
584 2765 667 2807 poni
695 2764 831 2801 iubent;
857 2774 970 2806 neque
996 2765 1198 2798 conceditur
1229 2763 1297 2796 nisi
1319 2767 1418 2796 antea
1442 2763 1611 2806 probetur
1628 2774 1707 2797 eum
1732 2774 1790 2796 or-

160 2821 279 2854 dinem
304 2822 365 2863 qui
391 2826 444 2854 est
467 2826 558 2854 stare
572 2833 642 2856 non
659 2831 764 2865 posse
787 2830 850 2853 nec
865 2830 969 2863 posse
984 2831 1061 2854 esse
1085 2831 1104 2854 a
1126 2826 1237 2864 poeta,
1265 2820 1391 2853 deinde
1415 2821 1590 2862 quomodo
1608 2831 1791 2864 perversus

162 2878 224 2917 sit,
275 2877 404 2920 quibus
437 2879 622 2921 postulatis
654 2881 721 2913 nisi
758 2878 901 2918 satisfit,
935 2879 1012 2912 vani
1047 2884 1131 2911 sunt
1164 2882 1308 2911 conatus
1340 2887 1460 2910 omnes
1491 2877 1675 2911 verborum
1717 2889 1794 2911 mu-

161 2935 364 2974 tandorum,
389 2940 449 2967 aut
470 2936 538 2978 ipsi
563 2937 748 2979 scriptores
768 2947 837 2969 non
854 2936 948 2978 digni
974 2936 1127 2969 habendi
1150 2940 1234 2968 sunt
1258 2943 1372 2976 neque
1387 2934 1516 2976 idonei,
1540 2936 1599 2977 qui
1621 2935 1663 2967 ab
1679 2935 1790 2967 homi-

163 2991 287 3031 nibus,
313 2992 374 3034 qui
400 3003 493 3024 nunc
513 2997 617 3031 sunt,
643 2993 812 3036 legantur.
861 2995 931 3027 Nec
954 2994 1098 3033 mirum,
1137 2992 1255 3036 sperni
1280 3001 1418 3024 omnem
1462 2993 1681 3035 antiquitatis
1710 2993 1791 3025 doc-

164 3050 292 3082 trinam
323 3048 367 3082 ab
406 3049 469 3091 iis,
509 3051 569 3093 qui
601 3050 685 3083 haec
713 3050 864 3084 viderint
895 3055 955 3084 aut
986 3050 1190 3084 audiverint.
1238 3050 1289 3082 De
1319 3048 1383 3082 hac
1413 3053 1484 3082 arte
1517 3051 1635 3084 critica
1660 3054 1793 3084 certum
