2023 3350
241 155 321 195 110

237 266 453 319 Religione
489 269 660 319 patrum
695 266 850 308 multos
886 270 1055 308 serva-ta
1094 282 1171 322 per
1211 283 1362 311 annos:

800 155 838 186 P.
866 154 1060 188 VIRGILII
1084 155 1292 190 MARONIS

237 323 357 364 Hanc
397 336 448 363 ex
486 323 649 364 diverso
686 322 828 363 sedem
863 324 1078 365 veniemus
1113 325 1157 366 in
1192 341 1331 368 unam.

236 437 324 487 Me,
370 436 481 478 bello
520 451 542 478 e
577 439 697 478 tanto
735 437 972 490 digressum
1002 441 1045 479 et
1081 440 1209 481 caede
1239 443 1411 494 recenti,

236 495 480 535 Attrectare
514 493 650 545 nefas,
690 493 825 536 donec
860 509 926 536 me
959 494 1131 538 flumine
1159 497 1254 539 vivo

233 550 431 592 Abluero.

236 608 351 649 Haec
387 607 515 658 fatus,
564 607 676 648 latos
709 607 907 650 humeros
942 609 1216 664 subiectaque
1254 611 1365 654 colla

237 665 362 706 Veste
397 678 523 718 super
555 663 744 718 fulvique
774 666 989 708 insternor
1023 667 1134 720 pelle
1167 668 1319 720 leonis3

237 721 510 775 Succedoque
547 722 678 763 oneri.

235 837 351 878 Pone
381 836 496 878 subit
527 837 719 878 coniunx.

232 895 289 936 Et
327 908 410 946 me,
454 907 579 947 quem
622 894 783 936 dudum
814 909 900 937 non
935 896 1024 938 ulla
1057 897 1215 938 iniecta
1250 896 1481 938 movebant

232 952 349 1003 Tela,
395 965 531 1005 neque
565 951 744 994 adverso
782 953 1010 1007 glomerati
1044 967 1095 995 ex
1130 954 1297 1008 agmine
1329 954 1459 1005 Graii,

231 1010 353 1051 Nunc
391 1022 534 1050 omnes
571 1013 736 1052 terrent
773 1025 925 1063 aurae,
966 1025 1093 1053 sonus
1134 1013 1295 1053 excitat
1331 1012 1476 1063 omnis,

231 1125 406 1177 Iamque
435 1124 777 1178 propinquabam
812 1126 971 1179 portis⁷
1016 1140 1267 1180 omnemque
1306 1126 1485 1168 videbar

233 1182 430 1223 Evasisse
459 1181 588 1233 viam3
636 1183 778 1224 subito
819 1198 950 1236 quum
990 1184 1138 1225 creber
1172 1184 1227 1225 ad
1263 1198 1387 1225 aures

231 1353 442 1395 Ardentes
477 1353 635 1406 clipeos
668 1359 799 1408 atque
841 1369 943 1397 aera
979 1356 1183 1397 micantia
1214 1370 1351 1397 cerno.

1778 273 1859 312 715

237 381 314 431 Tu,
359 380 544 432 genitor,
586 393 690 433 cape
727 393 851 421 sacra
889 394 1017 421 manu
1056 383 1307 437 patriosque
1341 384 1543 437 Pcnatcs3

1777 559 1860 599 720

736 723 926 765 Dextrae
963 737 1008 766 se
1042 738 1198 777 parvus
1234 726 1353 767 Iulus

233 779 449 833 Implicuit
490 780 769 833 sequiturque
808 784 975 834 patrem
1013 796 1099 823 non
1131 782 1328 835 passibus
1360 782 1526 836 aequis3

777 838 810 879 F
814 838 972 880 erimur
1007 853 1084 893 per
1121 853 1258 893 opaca
1291 840 1503 892 locorum3
1777 845 1857 884 725

233 1067 491 1120 Suspensum
530 1070 571 1108 et
605 1068 767 1121 pariter
802 1069 1034 1122 comitique
1070 1070 1275 1122 onerique
1309 1069 1540 1111 timentem.

1779 1130 1860 1169 730

231 1239 357 1280 Visus
387 1238 538 1280 adesse
575 1239 732 1292 pedum
772 1241 959 1293 sonitus,
1001 1242 1250 1295 genitorque
1280 1255 1356 1295 per
1384 1240 1580 1282 umbram

231 1296 521 1349 Prospiciens:
568 1297 699 1348 Nate,
740 1299 967 1350 exclamat,
998 1299 1117 1352 fuge,
1153 1303 1268 1350 nate,
1306 1299 1616 1352 propinquant3

1776 1416 1856 1455 735

232 1411 312 1452 Hic
347 1411 450 1452 mihi
484 1412 624 1453 nescio
660 1412 777 1465 quod
806 1413 973 1467 trepido
1008 1414 1119 1456 male
1159 1427 1314 1455 numen
1347 1413 1531 1454 amicum

278 1560 354 1591 719.
380 1562 481 1599 nefas
511 1564 548 1592 cf.
578 1562 650 1592 169.
698 1566 817 1593 Eadem
841 1566 926 1593 enim
948 1573 1022 1593 sen-

237 1610 335 1637 tentia
365 1611 448 1643 apud
484 1618 593 1638 omnes
618 1610 776 1644 antiquos.
825 1612 893 1639 Iam
920 1611 1022 1639 Davi—

237 1655 310 1691 ἀρε,
345 1656 426 1688 quod
452 1657 537 1684 bella
561 1656 677 1691 gessit,
713 1658 865 1691 templum
890 1659 1022 1685 condere

234 1705 379 1735 vetulum
427 1705 455 1728 et
499 1708 583 1735 aqua
623 1705 747 1729 veteres
792 1704 1020 1739 lustrabantur,

230 1746 302 1774 sive
325 1747 474 1780 templum
499 1747 694 1783 ingressuri,
731 1748 804 1776 sive
830 1755 925 1777 sacra
949 1748 1016 1777 fac-

230 1792 311 1826 turi,
348 1792 420 1819 sive
452 1792 619 1826 precaturi.
668 1794 780 1828 Itaque
816 1795 929 1822 lavant
963 1798 1017 1822 aut

231 1844 358 1873 manus,
389 1842 445 1865 aut
466 1843 577 1872 caput;
608 1846 724 1872 corpus
746 1839 842 1867 etiam
866 1844 963 1867 totuin
988 1843 1017 1867 et

229 1887 356 1918 vestes3
393 1891 494 1917 neque
527 1884 694 1913 Pontifices
732 1886 817 1918 apud
855 1886 1017 1913 Romanos

230 1928 331 1956 illotis
363 1929 512 1957 manilius
543 1936 638 1957 sacra
663 1934 831 1958 attrectare
858 1930 909 1958 fas
940 1934 1015 1958 erat.

231 1974 368 2008 Saepius
428 1978 548 2003 tantum
600 1976 872 2009 adspergeliantur
923 1984 1018 2011 aqua,

231 2019 357 2053 signum
379 2020 484 2054 potius
505 2020 707 2048 lustrationis
729 2022 810 2054 quod
834 2025 900 2049 erat
925 2029 1019 2056 quam

232 2065 394 2098 lusti-atim
422 2069 455 2093 ut
478 2073 560 2093 nunc
586 2065 614 2093 fit
642 2066 674 2093 iu
698 2067 900 2100 baptizando.
949 2067 1016 2095 Ad-

230 2110 355 2138 hibetur
379 2114 483 2138 autem
506 2118 590 2144 aqua
614 2111 755 2139 fluvialis
775 2109 805 2148 4,
825 2110 900 2140 635.
927 2113 1018 2149 viva,

233 2155 393 2191 perennis,
418 2156 557 2190 limpida.
606 2157 695 2185 [¹111.
715 2159 736 2185 l.
764 2158 878 2186 vivum
904 2157 1018 2186 flumen

230 2201 262 2228 in
295 2209 327 2228 re
358 2208 453 2229 sacra
482 2202 617 2237 (licitur,
650 2202 697 2230 sic
732 2203 803 2231 Liv.
833 2202 860 2240 l,
891 2203 942 2232 45.
977 2219 1014 2223 -

230 2247 277 2275 De
302 2255 382 2275 voce
406 2244 503 2275 vivus
526 2247 563 2275 cf.
594 2246 620 2283 l,
648 2245 720 2276 167.

274 2289 350 2320 721.
377 2289 528 2321 subiecta
564 2290 653 2321 colla
684 2290 854 2322 insternor
883 2294 922 2323 cf.
954 2291 1018 2322 273

228 2341 256 2365 et
285 2334 319 2371 ⁴,
348 2335 399 2364 22.
442 2335 647 2366 Motticomis
685 2336 786 2367 tellus
817 2336 1021 2368 insternitur

229 2379 341 2410 herbis
372 2383 492 2411 Avien.
524 2384 631 2412 Descr.
664 2385 699 2412 T.
733 2382 834 2419 10823
875 2386 915 2413 ad
953 2393 1019 2413 rem

228 2430 287 2456 (lv.
314 2429 402 2456 Pom.
430 2427 465 2463 1,
494 2426 522 2464 1,
549 2427 589 2456 33
623 2437 724 2467 quum
753 2428 846 2466 foret
881 2429 1018 2458 Aeneae

228 2470 342 2502 cervix
371 2471 521 2502 subiecta
546 2472 696 2512 parenti.
733 2490 770 2493 —
809 2472 915 2504 Latos
950 2476 1018 2510 ipse

232 2519 306 2547 dicit
331 2519 479 2547 Aeneas!
527 2521 611 2547 Idem
645 2520 827 2554 improbans
857 2517 907 2548 Pl,
934 2521 1016 2549 coni.

233 2561 389 2593 Abluero.
441 2561 536 2593 Haec
553 2563 658 2602 fatus
684 2562 841 2594 humeros
873 2574 899 2593 ε.
932 2574 958 2594 c.
989 2570 1017 2594 et

233 2609 331 2636 violat
354 2614 497 2638 metrum.

275 2651 348 2682 724.
377 2652 552 2694 Implicuit
590 2656 697 2689 signat
736 2655 824 2690 pueri
865 2655 1016 2684 timorem.

234 2700 326 2726 Docet
364 2701 415 2729 liic
451 2709 568 2729 versus
612 2709 706 2735 posse
742 2701 915 2736 Virgilium
955 2709 1018 2729 uno

231 2746 327 2771 verbo
348 2754 413 2773 rem
438 2750 534 2774 totam
557 2749 616 2774 sub
640 2747 742 2775 oculis
765 2747 809 2774 ita
834 2754 959 2781 ponere,
985 2750 1017 2774 ut

231 2789 337 2816 omnia
368 2792 462 2823 plane
489 2791 726 2829 intelligamus,
762 2792 928 2826 ipsamque
952 2800 1019 2820 rem

233 2838 263 2861 ut
287 2838 359 2862 acta
383 2836 423 2863 sit
446 2836 624 2865 videamus,

275 2876 349 2906 725.
375 2887 436 2918 per
469 2889 578 2919 opaca
615 2879 761 2911 locorum
803 2882 841 2910 cf.
875 2878 912 2917 1,
941 2879 1016 2910 422.

232 2924 382 2952 Vitamus
406 2926 475 2953 loca
501 2927 617 2962 lucida,
643 2927 828 2962 quaerimus
853 2934 963 2962 opaca.

275 2967 351 2997 726.
383 2966 512 2998 dudum
568 2969 689 3010 (sehon
750 2969 871 3012 ldngst
922 2969 1017 3002 nicht

230 3011 357 3050 mehr).
418 3016 550 3044 Tamdiu
594 3026 665 3046 cum
712 3018 843 3047 Graecis
886 3024 1016 3046 manum

230 3060 404 3097 conseruit,
446 3065 479 3090 ut
512 3062 597 3090 omni
634 3063 698 3092 iam
733 3064 843 3093 timore
874 3067 1015 3101 vacaret,

1068 1573 1169 1599 neque
1196 1574 1268 1594 eum
1301 1569 1452 1593 terrerent
1481 1564 1629 1593 immissa
1660 1566 1723 1594 tela
1756 1574 1858 1602 neque

1068 1613 1187 1647 hosteS,
1211 1611 1240 1639 si
1266 1611 1446 1644 conglobati
1470 1610 1643 1639 irruebant.

1114 1654 1189 1684 729.
1216 1663 1418 1696 suspensum
1451 1655 1490 1683 cf.
1526 1654 1599 1684 114.
1643 1671 1680 1675 —
1722 1652 1861 1686 Pariter

1068 1703 1190 1730 duobus
1214 1701 1428 1731 substantivis
1454 1702 1494 1728 atl
1518 1708 1600 1735 quae
1626 1701 1777 1738 pertinet,
1804 1710 1860 1737 per

1068 1755 1132 1787 que
1154 1748 1270 1776 iunctis
1303 1747 1517 1783 praeponitur,
1544 1751 1575 1775 ut
1600 1743 1630 1783 9,
1653 1746 1728 1775 559.
1766 1749 1801 1776 G.
1831 1746 1859 1785 1,

1065 1791 1139 1821 455.
1177 1796 1235 1822 ov.
1261 1795 1304 1821 Μ.
1332 1790 1389 1828 13,
1415 1789 1480 1819 538
1514 1793 1545 1821 et
1575 1789 1711 1832 pariter
1742 1801 1858 1822 vocem

1064 1835 1296 1877 lacrimasque
1316 1859 1323 1867 .
1339 1860 1347 1867 .
1363 1859 1370 1866 .
1396 1834 1538 1866 devorat
1560 1836 1632 1877 ipse
1656 1835 1764 1866 dolor.
1796 1840 1857 1867 Ne-

1063 1892 1123 1917 que
1156 1888 1259 1912 tamen
1289 1884 1317 1911 is
1344 1885 1515 1912 verborum
1545 1884 1618 1912 ordo
1644 1883 1774 1919 unicus;
1814 1884 1856 1913 cf.

1063 1932 1122 1957 Ov.
1136 1931 1178 1957 M.
1198 1928 1248 1965 13,
1263 1927 1327 1957 522
1354 1932 1384 1959 οε
1407 1926 1513 1957 vitam
1538 1926 1673 1968 pariter
1693 1936 1858 1969 regnum-

1067 1982 1132 2013 que
1158 1972 1310 2014 reliquit.
1346 1990 1390 1995 -—
1421 1972 1540 2003 timere
1568 1970 1687 2003 alicui.
1734 1975 1780 2003 Cf.
1805 1976 1856 2004 Gr.

1065 2020 1086 2054 ,ξ’
1112 2017 1175 2047 285
1202 2021 1266 2048 An.
1293 2017 1322 2048 4.

1112 2063 1187 2093 731.
1217 2063 1378 2094 Evarlere
1401 2062 1494 2093 viam
1525 2068 1575 2093 est
1603 2065 1643 2093 ad
1667 2064 1759 2093 finem
1782 2065 1859 2094 viae

1066 2111 1246 2147 pervenire,
1275 2111 1372 2139 victis
1397 2118 1479 2145 quae
1506 2110 1539 2138 in
1562 2117 1602 2139 ea
1627 2114 1702 2139 sunt
1730 2111 1855 2145 pericu-

1064 2157 1107 2184 lis
1147 2160 1175 2185 et
1211 2157 1446 2191 impedimentis
1480 2155 1517 2184 ef.
1549 2154 1586 2192 3,
1613 2153 1677 2183 282
1708 2153 1856 2184 evadere

1064 2199 1182 2235 urbes,
1220 2201 1256 2239 4,
1283 2200 1347 2230 685
1377 2198 1533 2242 gradus,
1572 2199 1607 2239 6,
1633 2198 1697 2229 425
1727 2197 1856 2241 ripam,

1065 2244 1119 2284 12,
1145 2245 1209 2275 907
1241 2245 1389 2276 evadere
1419 2243 1582 2285 spatium.
1632 2245 1747 2275 Confer
1775 2247 1858 2276 illud

1065 2290 1195 2321 invade
1227 2290 1317 2321 viam
1349 2290 1379 2328 6,
1403 2290 1478 2319 260.
1526 2292 1636 2325 Itaque
1669 2291 1733 2320 iam
1767 2296 1857 2327 putat

1064 2347 1127 2366 non
1149 2339 1292 2373 amplius
1315 2338 1378 2366 sibi
1402 2337 1524 2365 instare
1549 2337 1735 2373 periculum,
1757 2346 1855 2372 quum

1063 2392 1160 2418 prope
1198 2388 1319 2418 portam
1360 2383 1411 2411 sit.
1460 2383 1548 2417 Quod
1580 2387 1687 2411 autem
1721 2384 1857 2413 coniecit

1063 2430 1292 2465 mark-landum,
1329 2425 1433 2457 vicem
1459 2437 1500 2456 ex
1520 2428 1607 2456 omni
1631 2432 1719 2462 parte
1742 2431 1856 2463 proba-

1064 2474 1128 2502 bile
1156 2479 1214 2502 est.
1263 2475 1323 2502 Sed
1348 2481 1369 2502 a
1394 2474 1486 2502 libris
1509 2475 1658 2502 standum
1682 2477 1739 2503 est.

1109 2517 1184 2547 732.
1212 2517 1341 2548 Adesse
1367 2519 1461 2554 idem,
1482 2520 1565 2554 quod
1587 2519 1774 2556 advenisse,
1796 2526 1856 2554 ap-

1064 2565 1299 2599 propinquasse
1338 2565 1470 2599 saepius
1509 2564 1547 2594 cs.
1586 2561 1660 2593 442.
1724 2565 1855 2602 Legitur

1063 2614 1170 2638 autem
1203 2608 1360 2648 pervenit
1397 2608 1443 2638 ad
1478 2617 1580 2639 aures
1614 2607 1668 2638 81.
1700 2607 1774 2639 119.
1813 2625 1850 2629 —

1065 2657 1143 2683 Nota
1175 2660 1245 2689 post
1279 2658 1395 2685 multos
1425 2657 1584 2690 spondeos
1614 2653 1679 2684 730
1707 2664 1761 2691 per
1786 2651 1850 2683 731

1064 2701 1234 2729 transitum
1273 2710 1346 2730 esse
1383 2702 1423 2730 ad
1461 2702 1608 2736 dactylos
1647 2699 1730 2737 732;
1771 2701 1852 2735 quotl

1064 2755 1126 2774 non
1152 2747 1222 2775 sine
1247 2747 1384 2775 consilio
1411 2750 1459 2775 est
1484 2747 1611 2776 factum.

1110 2789 1185 2820 733.
1215 2789 1405 2831 Ρνοερίοἰι,
1449 2795 1483 2820 ut
1524 2793 1671 2820 sublatus
1710 2789 1852 2819 humeris

1063 2838 1212 2873 Aeneae,
1265 2838 1339 2866 duni
1384 2838 1454 2872 ipse
1503 2844 1598 2866 onere
1649 2835 1852 2870 praepeditus

1063 2883 1222 2916 respicere
1246 2883 1369 2919 nequit;
1393 2890 1491 2918 quare
1514 2884 1687 2911 excusatur
1709 2881 1851 2918 Aeneas,

1062 2928 1091 2955 si
1116 2929 1253 2957 celerius
1278 2928 1358 2965 abit,
1395 2936 1415 2957 a
1440 2932 1527 2963 patre
1551 2927 1621 2961 ipso
1647 2930 1682 2954 ut
1706 2930 1851 2955 servaret

1062 2973 1232 3002 excitatus.

1108 3016 1183 3046 734.
1210 3027 1322 3055 cerno,
1345 3018 1384 3048 cf.
1411 3015 1485 3046 647.

1107 3060 1183 3092 735.
1208 3061 1301 3093 male
1341 3061 1505 3092 amicum.-
1554 3058 1720 3099 amicum,
1767 3062 1850 3098 quod
