2023 3350
249 76 332 115 442

247 184 478 237 Indulgent
514 183 611 224 vino
650 187 693 224 et
727 187 900 225 vertunt
937 188 1129 228 crateras
1169 200 1311 229 aenos.

814 73 849 105 P.
877 72 1069 106 leGlLll
1095 74 1307 107 MAROMS

1812 187 1893 227 165

249 241 475 284 Collucent
509 240 651 292 ignes;
687 244 857 283 noctem
896 242 1094 284 custodia
1130 242 1250 285 ducit

247 300 490 340 Insomnem
525 296 642 338 ludo.

363 354 482 395 Haec
521 367 652 408 super
690 367 712 395 e
746 354 859 396 vallo
898 358 1180 408 prospectant
1216 356 1371 407 Troes,
1409 361 1453 398 et
1491 357 1622 398 armis

246 412 348 454 Alta
390 414 560 463 tenent3
596 424 674 452 nec
708 425 794 452 non
830 411 991 466 trepidi
1026 411 1254 455 formidine
1287 417 1437 466 portas

246 468 506 521 Explorant,
544 471 782 522 pontesque
821 473 863 510 et
900 470 1229 523 propugnacula
1265 470 1468 523 iungunt3

621 526 790 567 Instant
828 526 1076 569 Mnestheus
1115 541 1299 580 acerque
1338 527 1547 580 Serestus,

246 525 348 567 Tela
389 529 555 579 gerunt.

1816 471 1897 510 170

247 584 362 634 Quos
403 586 528 636 pater
567 582 754 635 Aeneas,
788 583 824 625 si
864 583 1037 637 quando
1071 584 1254 626 adversa
1289 588 1505 636 vocarent,

246 641 452 682 Rectores
486 640 686 682 iuvenum
718 645 760 683 et
794 654 938 682 rerum
970 641 1090 683 dedit
1125 655 1216 683 esse
1254 642 1501 695 magistros,

247 697 394 739 Omnis
424 711 502 750 per
541 711 687 739 muros
724 698 855 751 legio,
900 699 1056 740 sortita
1091 699 1312 753 periclum,

246 754 448 796 Excubat
487 759 746 808 exercetque
788 756 922 808 vices,
956 755 1072 810 quod
1111 757 1266 810 cuique
1297 755 1506 797 tuendum
1543 757 1617 796 est.

1818 755 1896 793 175

360 812 489 854 Nisus
522 816 616 854 erat
655 816 810 866 portae
846 817 1014 865 custos,
1047 827 1282 855 acerrimus
1319 812 1464 864 armis,

246 868 527 924 Hyrtacides3
561 870 761 912 comitem
791 871 962 913 Aeneae
995 885 1123 925 quem
1162 871 1342 912 miserat
1376 869 1455 912 Ida

247 1001 325 1027 Stat.
351 999 449 1028 Theb.
479 996 535 1035 10,
565 996 606 1027 17
640 996 703 1029 dat
737 1001 867 1029 tessera
901 998 1045 1040 signum

247 1040 418 1079 excubiis,
447 1042 655 1084 positaeque
682 1042 783 1074 vices.
814 1060 852 1065 —
883 1043 963 1083 fusi
985 1053 1048 1086 per

248 1086 390 1118 herbam
416 1090 455 1118 cf.
482 1089 520 1127 5,
551 1088 626 1118 102.

296 1132 370 1163 166.
397 1136 528 1164 noctem
558 1132 708 1171 ducunt,
734 1136 867 1170 exigunt
889 1136 928 1166 cf.
949 1137 1044 1171 Pron.

247 1177 284 1213 4,
310 1178 345 1217 6,
372 1178 414 1208 85
441 1178 490 1209 sic
514 1182 648 1211 noctem
671 1183 817 1221 patera,
845 1179 893 1211 sic
919 1179 1045 1211 ducam

247 1233 414 1255 carmine.

253 1302 370 1334 168-
383 1302 458 1333 175.
498 1302 638 1380 Troizni
657 1302 783 1345 trepidi
799 1307 908 1335 castra
929 1307 1044 1335 custo-

614 1353 701 1380 lunt.

294 1403 370 1434 168.
397 1409 534 1436 Multum
575 1408 676 1437 differt
717 1408 822 1444 imago
862 1411 1043 1437 castrorum

247 1452 475 1481 Troianorum:
502 1453 595 1481 anxii
616 1461 727 1482 omnes
749 1454 856 1482 aditus
881 1452 1042 1489 revisunt,

247 1498 366 1526 armati
392 1506 518 1533 semper
543 1503 619 1527 sunt
643 1503 673 1528 et
698 1499 802 1534 parati
831 1499 872 1527 ad
898 1499 1042 1527 subitum

247 1543 400 1577 impetum
419 1544 662 1580 excipiendum;
687 1553 780 1573 nemo
798 1551 912 1573 securo
929 1552 1042 1572 somno

247 1596 283 1617 se
309 1589 373 1625 dat,
399 1597 510 1618 omnes
536 1594 611 1618 sunt
636 1590 667 1617 in
694 1591 833 1619 statione
859 1594 955 1625 certa,
986 1596 1042 1618 ac-

246 1638 356 1663 curate
388 1635 546 1664 excubias
578 1638 695 1672 agunt,
735 1643 838 1670 neque
869 1635 1041 1669 quisquam

246 1679 385 1708 officium
411 1688 505 1708 suum
531 1680 657 1708 omittit.
693 1696 731 1700 —-
766 1683 798 1709 et
832 1677 940 1708 armis
965 1677 1044 1708 alta

247 1726 363 1754 tenent
394 1726 414 1753 i.
442 1734 468 1754 e.
495 1733 614 1753 muros.

295 1767 369 1798 169.
397 1772 514 1799 tenent
542 1768 781 1807 „custodittiit“.
832 1770 879 1799 Cf.
909 1768 941 1807 8,
967 1768 1043 1798 653.

293 1811 368 1843 170.
393 1818 517 1854 pontes
539 1816 657 1850 quibus
681 1817 940 1852 propugnacula,
964 1823 1045 1850 qua-

245 1860 290 1888 lis
316 1866 512 1890 memoratur
536 1862 635 1890 turris
660 1860 743 1898 529,
773 1864 944 1890 cohaerent
971 1869 1043 1890 cum

247 1913 349 1934 muro.

294 1948 370 1978 171.
397 1952 561 1988 „1rerunt,
587 1956 698 1987 tragen
722 1951 847 1988 hethei,
874 1953 941 1987 vgl.
968 1951 1041 1980 Liv.

247 1993 301 2031 28,
331 1993 369 2023 19
398 1975 553 2029 Ῑξηιίηιιε
571 1994 760 2036 puerique.-
795 2005 882 2025 saxa
907 1993 941 2025 in
971 2005 1044 2024 mu-

245 2048 303 2069 ros
332 2037 568 2069 munientibus
597 2044 727 2080 gerunt
755 2040 815 2076 37,
843 2041 861 2069 5
884 2039 1045 2079 feminae

246 2083 318 2115 tela
350 2083 462 2114 omnis
495 2084 637 2124 generis
671 2095 827 2126 saraque
862 2084 895 2115 in
929 2094 1046 2115 muros

245 2130 442 2170 gererenl.'''
483 2128 543 2159 Ld.
585 2147 622 2152 —
665 2130 800 2161 instant
830 2133 893 2160 MR
936 2129 1044 2161 instat

245 2177 332 2215 Pybc
358 2185 419 2205 rec.
449 2174 510 2205 Rb.

295 2219 368 2250 172.
396 2220 564 2258 adversa,
597 2230 649 2250 res
674 2223 850 2259 adversae,
884 2222 1041 2257 pericula.

248 2283 286 2287 -—
315 2268 491 2302 vocarent,
518 2268 672 2296 iuberent.
699 2272 854 2304 cogerent.
905 2268 958 2296 Sic
985 2276 1042 2296 υο-

245 2314 302 2341 cat
324 2309 422 2340 labor
450 2310 507 2350 11,
535 2310 611 2340 476.
659 2321 785 2352 pugna
819 2310 874 2349 12,
903 2310 977 2340 125.

293 2354 367 2385 175.
394 2354 486 2396 quod
510 2355 636 2397 cuique
661 2355 826 2386 tuendum
857 2360 926 2387 est:
960 2366 1041 2394 „ego

244 2411 285 2431 ex
319 2403 454 2437 linguae
493 2404 618 2432 ratione
650 2403 711 2431 vix
745 2403 905 2438 explicari
944 2411 1042 2438 posse

246 2448 415 2476 arbitror.‘⁴
460 2443 510 2477 ΡΙ.
568 2450 680 2483 Itaque
713 2448 822 2485 eiecit,
874 2449 935 2477 etsi
976 2449 1042 2477 iam

249 2495 289 2522 ab
326 2493 500 2522 Ambrosio
538 2496 639 2522 verba
681 2494 767 2523 lecta
812 2501 886 2522 esse
927 2493 1040 2523 confir-

244 2542 320 2568 mat.
369 2538 475 2566 Etiam
510 2539 635 2568 Nonius
682 2546 712 2573 p.
749 2536 825 2567 413.
882 2541 924 2567 Μ.
958 2541 1038 2568 haec

245 2586 347 2612 verba
370 2585 482 2612 laudat
507 2586 566 2613 sub
598 2592 677 2614 voce
707 2581 814 2621 tueri,
849 2588 879 2613 et
904 2584 1040 2613 Servius

244 2630 403 2664 explicat:
440 2637 493 2668 „q.
521 2637 546 2658 c.
574 2631 598 2658 1.
624 2637 650 2658 0.
685 2632 813 2658 exercet
841 2637 926 2658 unus
951 2629 1041 2664 quis-

245 2683 306 2709 que
330 2674 423 2703 vices
447 2674 488 2702 ad
518 2674 566 2711 id,
601 2675 685 2709 quod
709 2674 829 2709 accipit
853 2672 1040 2703 tuendum.“

244 2721 282 2747 In
307 2721 387 2748 Mss.
417 2721 568 2755 leguntur
599 2723 701 2749 verba
734 2720 893 2749 omnibus.
951 2720 1040 2748 Satis

243 2765 450 2799 explicantur
474 2771 494 2794 a
518 2765 645 2802 Sei-vic,
669 2772 865 2801 quamquam
888 2773 952 2794 non
975 2769 1041 2794 tam

244 2812 494 2839 accomodantur
515 2812 556 2839 ad
574 2811 828 2847 grammaticam.
861 2812 963 2847 Iunge
982 2819 1040 2839 ex-

245 2858 340 2884 cubat
361 2859 552 2890 exercetque
576 2856 670 2886 vices
694 2856 714 2884 i.
742 2864 768 2885 0.
796 2864 954 2885 exercens
977 2855 1038 2891 [cf.

244 2897 276 2935 8,
305 2898 390 2936 125]
415 2901 508 2930 vices
532 2902 647 2931 sortita
669 2902 838 2940 periclum,
863 2902 946 2937 quod
968 2902 1039 2932 cui-

246 2951 307 2977 que
333 2947 494 2976 tuendum.

1103 996 1306 1029 176—223.
1356 995 1463 1028 Nisus
1495 998 1529 1026 et
1553 992 1726 1035 Euryalus
1758 991 1800 1024 ad
1827 989 1895 1023 Ae—

1151 1062 1254 1085 neam
1279 1051 1455 1095 proficisci
1480 1050 1669 1084 consilium
1695 1048 1848 1091 capiunt.

1146 1120 1221 1151 176.
1248 1124 1447 1152 Perventum
1471 1123 1577 1151 estad
1601 1123 1709 1150 locum
1732 1119 1817 1150 satis
1839 1120 1895 1147 de-

1097 1172 1280 1206 cantatum,
1319 1169 1353 1197 in
1383 1176 1445 1203 quo
1478 1168 1550 1197 Nisi
1579 1170 1610 1196 et
1639 1165 1778 1201 Euryali
1808 1172 1896 1194 mors

1096 1218 1259 1243 narratur.
1308 1216 1345 1242 Et
1372 1221 1453 1242 sane
1476 1217 1535 1250 est,
1560 1213 1643 1247 quod
1668 1213 1797 1241 moveat
1823 1209 1897 1239 ani-

1095 1268 1194 1289 mum.
1243 1260 1295 1288 Ad
1322 1267 1395 1288 eum
1421 1261 1527 1287 locum
1553 1257 1704 1293 Heynius
1729 1259 1811 1285 haec
1835 1257 1895 1284 ha-

1094 1308 1164 1334 bet:
1205 1305 1377 1341 „Magistri
1403 1307 1535 1333 utantur
1561 1304 1623 1332 tali
1645 1305 1733 1339 loco,
1760 1302 1894 1338 suadeo,

1094 1352 1135 1379 ad
1168 1352 1338 1379 tentandas
1370 1353 1399 1379 et
1430 1350 1626 1379 alliciendas
1657 1351 1782 1377 mentes
1815 1348 1896 1376 ado·-

1093 1397 1288 1432 lescentum,
1316 1395 1371 1430 qui
1397 1395 1483 1424 alias
1510 1402 1568 1423 seu
1594 1397 1731 1422 naturae
1759 1401 1818 1422 seu
1842 1393 1894 1420 in-

1094 1441 1272 1471 stitutionis
1292 1441 1373 1469 vitio
1397 1441 1437 1469 ad
1457 1444 1625 1475 poetarum
1643 1439 1782 1470 delicias
1805 1439 1892 1467 callo

1094 1488 1266 1515 obductum
1305 1487 1452 1521 palatum
1490 1488 1618 1514 hahent.
1679 1485 1778 1519 Quem
1815 1491 1894 1513 vero

1094 1541 1135 1561 ne
1168 1532 1267 1560 huius
1303 1532 1431 1566 quidem
1471 1531 1535 1560 loci
1568 1530 1737 1559 dulcedine
1772 1533 1893 1559 tactum

1094 1578 1228 1606 videant
1253 1577 1421 1614 iuvenem,
1461 1585 1535 1605 eum
1567 1576 1653 1605 omni
1684 1575 1817 1604 liberali
1843 1575 1892 1603 di-

1095 1623 1238 1657 sciplina
1256 1623 1425 1658 indignum
1445 1620 1618 1651 iudicent.“
1668 1621 1756 1650 Bene
1773 1627 1894 1650 annec-

1095 1669 1172 1696 titur
1211 1668 1475 1696 antecedentibus
1511 1667 1671 1703 narrati03
1719 1666 1752 1694 id
1790 1667 1894 1703 modo,

1096 1713 1246 1747 Hes-nius
1273 1713 1495 1748 reprehendit,
1530 1712 1634 1749 „quod
1665 1712 1706 1740 ad
1736 1711 1894 1740 carminis

1097 1765 1256 1787 summam
1275 1758 1413 1792 episodii
1434 1758 1529 1786 nulla
1540 1758 1594 1786 vis
1613 1761 1642 1785 et
1658 1757 1790 1786 effectus
1805 1755 1893 1792 est“;

1096 1810 1292 1838 quamquam
1325 1803 1405 1832 facit
1438 1804 1478 1831 ad
1517 1806 1703 1838 sequentem
1741 1808 1893 1838 pugnam,

1095 1851 1178 1884 quod
1200 1849 1334 1877 Troiani
1359 1849 1477 1884 sciunt,
1502 1856 1539 1877 se
1562 1849 1653 1876 nullo
1676 1848 1769 1877 modo
1797 1855 1894 1882 posse

1095 1895 1263 1924 certiorem
1278 1894 1393 1923 facere
1423 1894 1572 1922 Aeneam
1604 1895 1642 1922 de
1679 1895 1776 1922 rebus
1809 1899 1894 1928 quae

1094 1940 1188 1976 fiunt,
1214 1947 1403 1974 omnemque
1429 1947 1519 1974 spem
1544 1939 1577 1967 in
1603 1946 1666 1968 sua
1693 1939 1790 1968 sitam
1820 1945 1894 1967 esse

1094 1986 1237 2014 sentiunt
1265 1985 1461 2014 fortitudine.

1142 2039 1217 2069 177.
1248 2040 1385 2070 Aeneae
1422 2040 1558 2069 dativus
1599 2043 1647 2069 est
1683 2047 1705 2069 a
1747 2037 1893 2068 miserat

1095 2087 1248 2121 pendens.
1292 2101 1330 2106 -
1379 2086 1467 2120 Quod
1501 2086 1561 2114 Ida
1599 2085 1753 2114 venatrix
1790 2085 1893 2114 filiuni

1095 2140 1191 2160 suum
1216 2131 1383 2160 tradiderit
1402 2131 1537 2160 Aeneae
1555 2130 1586 2159 in
1612 2131 1721 2159 omnia
1746 2130 1893 2165 pericula

1095 2178 1277 2210 abducenti,
1303 2178 1377 2206 dum
1396 2177 1470 2211 ipsa
1487 2180 1629 2205 remanet
1654 2176 1687 2204 in
1708 2183 1770 2204 sua
1793 2180 1891 2212 terra,

1094 2223 1213 2252 mirum
1247 2223 1312 2251 iam
1338 2222 1481 2256 antiquis
1513 2222 1624 2250 visum
1649 2225 1715 2257 est,
1749 2225 1783 2250 ut
1811 2229 1893 2250 non-

1094 2268 1179 2296 nulli
1204 2268 1293 2296 Idam
1317 2271 1453 2296 moutem
1478 2267 1699 2295 intellexerint
1729 2270 1760 2295 et
1783 2273 1891 2294 vena-

1095 2310 1164 2342 trix
1184 2313 1379 2347 explicarint
1405 2319 1495 2351 quae
1518 2308 1760 2341 venationibus
1781 2307 1892 2339 abun-

1095 2355 1175 2394 dat,
1209 2366 1290 2392 quos
1322 2358 1440 2386 refellit
1466 2357 1613 2386 Servius.
1661 2357 1786 2386 Deinde
1812 2364 1892 2394 „co-

1093 2411 1164 2432 mes
1190 2405 1378 2438 plerumque
1403 2403 1588 2432 interiorem
1622 2402 1783 2438 significat
1807 2401 1892 2431 ami-

1092 2449 1202 2478 citiam
1228 2453 1258 2477 et
1283 2448 1566 2484 necessitudinem,
1591 2454 1688 2483 quam
1712 2451 1782 2477 erat
1807 2447 1891 2476 inter

1091 2495 1240 2523 Aeneam
1280 2497 1310 2522 et
1348 2490 1485 2522 Nisum“
1533 2490 1585 2522 Pl.
1649 2494 1731 2521 Tum
1778 2499 1889 2520 comes

1091 2547 1124 2568 v.
1145 2537 1209 2567 179
1231 2539 1313 2568 redit
1330 2540 1399 2568 loco
1424 2538 1567 2568 meliore.
1610 2539 1671 2567 Sed
1693 2543 1888 2573 quamquam

1091 2586 1172 2614 haec
1196 2585 1243 2613 ita
1267 2588 1358 2620 sunt,
1391 2590 1589 2618 quamquam
1619 2592 1652 2613 v.
1678 2580 1754 2611 178.
1788 2590 1829 2611 ex
1854 2581 1886 2620 5,

1093 2627 1136 2658 68
1174 2633 1277 2664 potest
1317 2629 1422 2658 videri
1455 2629 1612 2658 formatus
1648 2635 1738 2665 esse,
1780 2633 1887 2656 tamen

1090 2675 1191 2704 nolim
1213 2677 1314 2704 verba
1338 2671 1494 2704 comitem
1522 2689 1560 2694 —-
1590 2669 1738 2713 sagittis
1758 2672 1886 2710 eiicere,

1091 2721 1149 2749 sed
1172 2720 1314 2757 Virgilio
1345 2720 1521 2758 imputare,
1555 2719 1586 2748 si
1616 2718 1691 2753 quid
1717 2721 1887 2752 peccatum

1091 2770 1149 2794 est.
1199 2767 1261 2794 Sed
1291 2773 1356 2794 non
1379 2769 1444 2801 est3
1478 2772 1582 2799 neque
1610 2769 1721 2792 comes
1753 2763 1887 2792 interio-

1090 2819 1157 2840 rem
1197 2810 1357 2847 significat
1393 2810 1589 2846 amicitiam,
1630 2815 1732 2842 neque
1770 2809 1885 2838 Nisum

1090 2864 1154 2885 nou
1200 2856 1304 2885 fuisse
1354 2859 1520 2890 acceptum
1562 2854 1697 2883 Aeneae
1739 2857 1884 2890 constat;

1089 2903 1257 2937 Euryalus
1273 2905 1370 2937 certe,
1392 2900 1464 2930 Nisi
1481 2899 1618 2936 amicus,
1636 2901 1772 2928 matrem
1789 2901 1886 2928 habet

1090 2948 1128 2976 de
1148 2950 1242 2984 gente
1259 2946 1384 2976 Priami
1404 2944 1457 2980 [v.
1482 2942 1581 2980 284).
1629 2944 1738 2980 Neque
1761 2948 1884 2975 certum
