2023 3350
253 132 337 172 354

816 125 857 158 P.
882 124 1079 159 VIRGILII
1114 123 1333 159 MARONIS
1374 164 1377 167 ¹

252 243 308 284 Et
345 237 660 292 consanguineo
695 237 825 280 toties
864 235 971 279 data
1005 236 1185 279 dextera
1220 238 1394 280 Turno?

253 300 298 341 Si
337 310 466 351 gener
503 297 682 338 externa
718 294 882 348 petitur
917 293 970 335 de
1010 297 1135 347 gente
1170 296 1348 348 Latinis,

253 355 390 407 quue
423 352 561 404 sedet,
602 352 826 405 Faunique
861 355 1064 406 premunt

1101 355 1145 394 te
1180 352 1299 394 iussa
1335 352 1542 406 parentis,

255 413 434 454 Omnem
475 409 673 464 equidem
709 410 893 463 sceptris
932 412 1097 451 terram
1133 422 1245 462 quae
1282 410 1422 452 libera
1460 410 1621 451 nostris

254 468 464 519 Dissidet,
506 471 729 509 externam
769 480 890 519 reor,
932 469 975 509 et
1010 467 1070 508 sic
1107 466 1250 508 dicere
1284 467 1415 509 divos.

254 527 311 568 Et
340 526 506 577 Turno,
546 526 582 566 si
621 525 762 578 prima
803 524 957 566 domus
990 526 1214 577 repetatur
1254 525 1388 578 origo,

255 583 440 625 Inachus
477 582 753 636 Acrisiusque
790 586 956 636 patres,
992 581 1244 636 mediaeque
1278 582 1494 636 Mycenae.

371 640 450 682 His
488 639 563 682 ubi
599 639 893 693 nequidquam
929 639 1057 681 dictis

257 698 420 740 Contra
458 701 577 739 stare
617 698 750 749 videt,
788 697 1050 751 penitusque
1089 697 1134 738 in
1167 697 1333 738 viscera
1368 698 1534 750 lapsum

256 755 478 810 Serpentis
512 754 668 797 furiale
704 754 883 807 malum,
922 758 1146 808 totamque
1184 758 1405 808 pererrat:

256 814 364 855 Tum
400 826 501 854 vero
539 813 708 865 infelix,
753 812 1000 867 ingentibus
1039 813 1181 854 excita
1219 812 1436 863 monstris,

256 872 515 913 Immensam
554 870 645 912 sine
683 884 802 912 more
842 870 950 912 furit
984 870 1210 925 lymphata
1246 884 1324 924 per
1363 869 1535 912 urbem:

258 928 346 971 Ceu
384 927 603 982 quondam
642 931 759 970 torto
796 928 983 970 volitans
1021 928 1101 970 sub
1140 927 1318 970 verbere
1356 927 1500 980 turbo,

258 986 395 1037 Quem
430 986 555 1040 pueri
592 999 746 1040 magno
781 985 825 1027 in
860 999 964 1040 gyro
999 999 1135 1028 vacua
1172 986 1287 1027 atria
1322 986 1483 1027 circum

257 1043 419 1086 Intenti
455 1043 557 1086 ludo
594 1046 815 1096 exercent3
854 1044 928 1086 ille
962 1047 1085 1086 actus
1124 1043 1295 1085 habena

303 1149 380 1179 366.
407 1146 692 1190 consanguineo:
708 1151 837 1185 Turno;
855 1150 1059 1187 „filiusenim

258 1200 311 1226 est
337 1195 485 1225 Veniliae
507 1195 634 1225 sororis
660 1194 835 1223 Α1113130.“
862 1198 894 1224 S.

304 1251 383 1281 367.
410 1253 478 1280 13111
512 1252 553 1280 ad
589 1255 816 1286 argumentum
851 1251 986 1288 transit,
1029 1254 1060 1279 et

260 1299 435 1326 ostendere
469 1302 606 1325 conatur
641 1297 745 1324 Fauni
777 1297 922 1325 oraculis
957 1297 1061 1332 signi-

260 1343 389 1373 ficatum
415 1351 494 1374 esse
526 1345 681 1371 Turnum.
707 1358 751 1361 —
782 1339 920 1372 Latinis
950 1348 979 1370 ut
1009 1341 1060 1380 11,

259 1388 327 1418 472
351 1395 589 1429 generumque
614 1388 791 1416 adsciverit
818 1385 909 1416 urbi.

305 1444 383 1473 368.
410 1441 515 1483 idque
544 1441 638 1473 sedet
664 1443 705 1472 cf.
739 1443 779 1480 5,
807 1441 885 1472 418.
911 1459 955 1462 —
979 1452 1061 1483 pre·

259 1492 357 1520 munt
384 1492 416 1519 te
437 1494 592 1528 „urgent,
616 1489 648 1517 in
673 1491 736 1518 hoc
765 1488 1001 1524 compellunt.“
1028 1492 1060 1518 S.

306 1545 385 1574 371.
413 1546 447 1574 Si
470 1545 544 1580 quis
570 1550 728 1574 externus
747 1546 923 1583 quaeritur,
947 1554 1063 1575 01111105

260 1596 354 1627 sunt,
385 1591 439 1626 qui
464 1599 528 1619 non
550 1591 584 1619 in
609 1594 664 1619 tuo
690 1599 790 1626 regno
815 1592 883 1620 nati
907 1596 983 1621 sunt
1009 1596 1063 1620 aut

261 1638 426 1673 habitant3
457 1644 554 1671 quam
590 1637 716 1666 oraculi
746 1637 981 1672 interpretandi
1010 1645 1065 1665 ra-

262 1683 382 1712 tionem
403 1683 432 1711 si
456 1690 523 1711 non
547 1682 690 1719 accipis,
718 1684 848 1711 Turnus
872 1690 991 1711 revera
1013 1686 1065 1711 est

260 1728 473 1765 peregrinus,
512 1731 603 1756 ortus
630 1728 714 1756 enim
744 1732 795 1757 est
821 1730 860 1757 ab
885 1730 1007 1756 Inacho
1035 1732 1065 1756 et

260 1774 412 1811 Acrisio,
443 1773 642 1807 Argivorum
669 1773 814 1807 regibus.
863 1776 944 1802 Nam
974 1775 1065 1811 „Da-

259 1827 324 1848 nae
354 1818 478 1847 Acrisii
507 1819 596 1852 regis
628 1818 829 1852 Argivorum
857 1819 939 1856 filia,
973 1823 1065 1854 post-

261 1871 359 1899 quam
383 1868 433 1892 est
460 1870 479 1891 a
503 1865 584 1892 Iove
613 1864 744 1899 vitiata,
772 1869 865 1899 pater
883 1872 954 1893 eam
980 1865 1065 1893 intra

260 1917 374 1939 arcam
421 1910 586 1938 inclusam
624 1910 851 1944 praecipitavit
889 1910 922 1938 in
962 1918 1063 1947 111310,

261 1963 346 1991 quae
372 1956 483 1983 delata
509 1955 550 1983 ad
574 1955 703 1983 ltaliam
729 1955 866 1983 inventa
891 1959 942 1984 est
969 1963 988 1984 a
1015 1957 1064 1991 pi-

261 2007 394 2031 5031010
430 2008 503 2029 cum
540 2001 681 2037 Perseo,
724 2008 819 2034 quem
859 2001 926 2030 illic
965 2001 1064 2029 enixa

262 2047 379 2081 100131,
407 2049 438 2074 et
464 2047 575 2073 oblata
595 2046 673 2082 regi,
701 2046 894 2082 [Pilumno]
914 2047 967 2081 qui
991 2055 1062 2075 eam

262 2092 325 2121 sihi
361 2091 437 2119 fecit
471 2098 625 2129 uxorem,
665 2099 739 2120 cum
772 2100 836 2126 qua
866 2093 964 2121 etiam
999 2094 1064 2121 Ar-

263 2139 357 2167 deam
397 2136 556 2173 condidit,
596 2144 616 2165 a
654 2138 771 2171 quibus
807 2139 951 2166 Turnum
994 2140 1064 2166 vult.

264 2183 421 2217 originem
456 2180 612 2210 ducere.‘'·
652 2185 684 2211 S.
736 2183 854 2212 Variae
888 2188 996 2212 autem
1024 2185 1063 2212 de

262 2231 324 2256 1130
364 2236 398 2256 10
426 2227 576 2265 fabulae,
617 2227 658 2257 cf.
690 2226 767 2265 409,
803 2237 918 2258 omnes
954 2233 1064 2258 tamen

261 2274 363 2303 'l'urni
397 2278 521 2308 patrem
549 2273 694 2302 referunt
720 2276 882 2303 Daunum.
932 2277 1063 2304 Turnus

260 2320 359 2354 igitur
381 2327 423 2348 ex
449 2320 588 2348 Amatae
615 2324 722 2348 mente
754 2327 874 2348 revera
903 2323 1062 2357 Graecus,

261 2367 397 2394 Aeneas
416 2371 435 2393 a
458 2366 611 2393 Dardano
634 2370 726 2394 ortus
744 2366 882 2395 Latinus
907 2370 969 2402 est,
996 2375 1062 2395 non

261 2411 468 2446 peregrinus.
516 2411 610 2439 Unde
645 2411 743 2439 etiam
781 2411 862 2440 illud
903 2419 923 2440 3
965 2416 1064 2446 poeta

261 2456 416 2492 efficitur,
453 2463 551 2490 quum
587 2456 702 2484 vincat.
738 2458 882 2485 Turnum
914 2458 1062 2495 Aeneas,

261 2502 351 2531 vinci
375 2504 538 2530 Graecum
561 2508 582 2530 a
601 2502 729 2530 Latino.

306 2557 385 2586 372.
414 2554 583 2596 Mycenae
611 2555 748 2586 mediae
775 2566 819 2587 sc.
849 2556 971 2598 patria
1001 2563 1062 2588 est.

262 2605 375 2637 {taque
398 2603 505 2631 media
527 2610 545 2631 0
571 2604 711 2632 Graecia
737 2607 827 2632 ortus
853 2608 941 2633 recte
961 2607 1062 2633 Grae-

261 2656 323 2677 cus
369 2650 516 2677 habetur.
570 2651 734 2682 Mycenae
781 2651 874 2686 urbs,
929 2651 1062 2679 Homeri

262 2697 409 2728 tempore
447 2695 664 2723 celeberrima
695 2698 725 2723 et
769 2688 1062 2731 priiiceps⁴*paer=e

263 2740 435 2776 Graeciae,
460 2747 481 2768 3
511 2741 647 2777 Perseo,
673 2742 808 2769 Danaes
834 2740 908 2778 tilio,
931 2743 1062 2771 condita

262 2786 385 2814 dicitur.
434 2786 484 2813 Ac
509 2785 558 2814 sic
579 2786 611 2814 in
631 2788 741 2814 Turno
767 2787 901 2815 Aeneas
924 2787 1061 2818 iniurias

259 2831 519 2865 Agamemnonis
546 2835 576 2860 et
600 2834 800 2860 Graecorum
826 2833 913 2861 ultus
936 2838 996 2862 est.

262 2904 327 2936 373
348 2924 392 2927 —v
417 2905 493 2937 403.
564 2905 691 2938 Amata
746 2906 863 2939 furore
917 2907 1059 2952 abrepta

462 2951 565 2993 eripit
588 2952 711 2984 Latino
737 2952 854 2985 [iliam.

305 3007 382 3037 374.
408 3012 529 3039 contra
555 3013 668 3050 stare,
696 3012 851 3042 resistere
877 3017 909 3043 ut
937 3016 1057 3044 contra

1823 468 1906 506 370

1101 642 1280 694 experta
1315 640 1519 681 Latinum
1734 653 1745 675 l

1826 757 1908 796 375

1825 1043 1908 1082 380

1108 1148 1158 1180 ire
1195 1150 1234 1189 6,
1271 1149 1326 1180 95.
1366 1165 1410 1170 —
1451 1146 1591 1190 lapsum
1630 1156 1679 1178 sc.
1717 1153 1769 1177 est
1804 1147 1846 1177 cf.
1877 1147 1910 1186 5,

1153 1240 1232 1270 376.
1258 1238 1434 1277 monstris,
1463 1239 1574 1275 qualia
1591 1239 1787 1268 obiiciantur
1801 1238 1911 1268 animo

1110 1287 1240 1315 furiato.

1155 1332 1231 1361 377.
1259 1329 1462 1361 immensam
1485 1331 1700 1369 1111111110100.
1725 1327 1827 1370 Wg.;
1852 1327 1911 1358 Br.

1108 1379 1193 1407 coni.
1223 1376 1413 1413 incensam,
1442 1374 1509 1405 1121.
1530 1373 1594 1405 Lcl.
1613 1373 1911 1411 11b.immensum;

1116 1421 1166 1452 Pl.
1185 1425 1269 1452 delet
1294 1427 1395 1451 totum
1412 1430 1557 1451 versum.
1606 1423 1677 1450 Non
1696 1421 1768 1450 sine
1786 1428 1911 1450 caussa

1110 1472 1173 1498 hoc
1211 1470 1242 1498 in
1281 1469 1445 1497 adiectivo
1480 1468 1678 1502 interpretes
1720 1468 1911 1496 haeserunt.

1110 1517 1312 1550 Quamquam
1347 1514 1432 1543 enim
1456 1515 1527 1548 Vgl.
1562 1513 1740 1548 potentiam
1766 1517 1796 1541 et
1827 1520 1912 1548 opes

1110 1561 1218 1589 Latini
1251 1564 1366 1596 auget,
1399 1564 1430 1588 ut
1463 1560 1504 1587 ad
1529 1561 1711 1587 Romanam
1739 1559 1913 1587 videantur

1111 1613 1291 1641 assurgere
1327 1605 1528 1640 opulentiam
1563 1608 1593 1632 et
1623 1605 1849 1640 maiestatem3
1879 1604 1911 1632 id

1111 1657 1219 1680 tamen
1254 1651 1417 1680 1101151110
1447 1650 1588 1679 consilio
1620 1649 1711 1685 facit,
1744 1657 1850 1683 neque
1881 1649 1911 1678 si

1111 1705 1195 1732 opus
1220 1701 1364 1733 nonest,
1391 1697 1504 1725 laudat
1526 1696 1616 1724 illam
1646 1695 1911 1731 amplitudinem3

1112 1750 1218 1777 neque
1245 1744 1290 1771 ita
1312 1743 1443 1779 laudat,
1478 1745 1510 1770 ut
1534 1741 1640 1776 possit
1662 1741 1825 1769 mendacii
1857 1748 1912 1770 31·-

1228 1789 1309 1823 Quid
1358 1787 1468 1815 enim?
1517 1790 1694 1822 Supererat
1744 1787 1912 1815 Laurentii

1300 1837 1333 1861 ut
1364 1833 1558 1861 immensam
1590 1839 1661 1860 eam
1696 1834 1807 1861 urbem
1844 1840 1910 1861 non

1794 1879 1911 1907 Restat.

1112 1789 1177 1823 gui.

1109 1837 1251 1869 tantum,

1109 1879 1233 1915 fuisse,
1273 1879 1327 1913 qui
1360 1879 1504 1914 videret,
1537 1878 1747 1912 intelligeret.

1109 1925 1223 1953 ultima
1247 1925 1340 1953 ratio.
1391 1924 1509 1952 Amata
1534 1930 1607 1952 cum
1629 1924 1755 1952 turbine
1775 1931 1911 1959 compa-

1109 1975 1199 1999 ratur
1226 1972 1289 1999 liuc
1326 1970 1404 1998 illuc
1436 1969 1681 1998 discursitante.
1730 1971 1799 1998 Iam
1826 1976 1912 1999 sana

1107 2019 1191 2044 haec
1217 2024 1282 2044 non
1317 2020 1411 2051 sunt,
1453 2015 1482 2044 si
1514 2015 1652 2049 legitur:
1703 2016 1823 2044 Amata
1848 2022 1913 2055 per

1109 2059 1224 2090 urbem
1249 2060 1362 2099 furit,
1398 2065 1428 2089 ut
1458 2063 1550 2089 turbo
1581 2061 1740 2099 agitatur,
1771 2058 1824 2090 sic
1847 2068 1913 2100 per

1108 2105 1208 2135 urbes
1237 2108 1269 2135 et
1295 2103 1446 2147 populos
1473 2108 1643 2147 vagatur.
1692 2107 1829 2141 Quando
1859 2109 1912 2135 est

1108 2153 1217 2187 aptius
1240 2152 1376 2187 iungere
1402 2152 1470 2181 sic:
1499 2152 1630 2188 Amata,
1655 2155 1688 2180 ut.
1711 2153 1822 2188 turbo,
1848 2159 1911 2180 va-

1109 2203 1202 2233 gatur
1229 2206 1286 2233 per
1317 2199 1414 2226 urbes
1447 2201 1476 2225 et
1506 2199 1668 2233 populos;
1702 2197 1778 2231 quin
1812 2197 1908 2226 etiam

1108 2244 1141 2272 in
1168 2244 1274 2273 silvas
1302 2245 1423 2271 evolat.
1474 2243 1607 2271 Omisso
1632 2244 1696 2271 hoc
1715 2251 1815 2272 versu
1840 2251 1910 2272 om-

1108 2289 1162 2317 nia
1197 2291 1296 2324 plana
1336 2292 1423 2317 sunt.
1470 2290 1510 2316 Et
1544 2288 1597 2322 qui
1630 2289 1923 2326 comparationem„

1111 2343 1190 2364 esse
1216 2334 1440 2371 percepisset,
1473 2341 1579 2367 neque
1607 2338 1716 2363 tamen
1746 2329 1922 2369 quomodo*

1108 2387 1149 2408 03
1173 2384 1262 2409 esset
1291 2380 1440 2408 instituta
1463 2379 1671 2417 intelligeret,
1696 2380 1795 2410 facile
1817 2385 1911 2416 pote-

1108 2429 1157 2453 rat
1180 2425 1309 2459 induci,
1338 2430 1370 2453 ut
1394 2426 1434 2454 ad
1461 2427 1689 2460 complendam
1716 2427 1908 2464 orationem,

1107 2470 1240 2499 inferret
1263 2468 1372 2507 furit,
1407 2475 1516 2499 cetera
1545 2472 1586 2500 ad
1613 2479 1747 2501 versum
1771 2471 1909 2501 exaedi-

1106 2516 1269 2545 ficandum
1297 2516 1464 2545 adiiceret.
1513 2519 1626 2551 Neque
1656 2521 1764 2547 tamen
1788 2518 1908 2546 eiicere

1108 2563 1225 2599 audeo,
1256 2569 1353 2596 quum
1379 2563 1486 2597 ipsius
1513 2563 1664 2591 videatur
1683 2571 1762 2592 esse
1778 2567 1907 2599 poetae,

1106 2607 1160 2641 qui
1194 2608 1358 2636 tilsscinetn
1388 2610 1474 2637 110110
1506 2616 1586 2638 0550
1621 2609 1734 2637 voluit.
1765 2624 1811 2628 —-
1832 2605 1908 2637 sine

1106 2661 1200 2682 more
1225 2651 1323 2690 furit
1357 2657 1408 2682 cst
1438 2653 1476 2691 5,
1512 2652 1590 2683 694.
1619 2669 1664 2674 —
1695 2649 1908 2693 lymphatus,

1106 2698 1160 2726 cui
1188 2706 1208 2727 a
1231 2700 1292 2727 deo
1326 2699 1417 2727 furor
1443 2699 1585 2729 iniectus
1609 2704 1670 2737 est,
1696 2700 1742 2728 ita
1767 2700 1843 2727 Hor.
1870 2700 1907 2729 C.

1109 2742 1143 2781 1,
1181 2742 1240 2781 37,
1277 2742 1327 2773 14.
1377 2746 1456 2773 Luc.
1487 2743 1521 2781 1,
1557 2744 1634 2773 496.
1682 2744 1755 2772 Liv.
1787 2743 1827 2781 7,
1864 2744 1906 2774 17

1105 2790 1187 2819 tunc
1213 2787 1350 2829 quidem
1373 2787 1469 2819 velut
1493 2787 1666 2829 lymphati
1693 2791 1725 2818 et
1753 2787 1907 2820 attoniti.

1154 2833 1232 2863 378.
1259 2837 1351 2864 torto
1383 2833 1446 2864 sub
1481 2832 1635 2871 verbere,
1675 2833 1806 2869 flagello
1844 2837 1905 2865 Ov.

1107 2882 1153 2908 ΙΙ).
1182 2879 1242 2908 161
1279 2877 1429 2910 Verbera
1453 2882 1546 2910 torta
1578 2877 1712 2909 dabunt
1742 2879 1905 2911 sonitum.

1107 2926 1162 2954 Sic
1202 2927 1237 2954 G.
1278 2923 1316 2962 3,
1361 2925 1425 2954 106
1461 2925 1562 2959 Equis
1597 2922 1732 2955 instant
1766 2925 1907 2956 verbere

1106 2972 1208 3000 torto.
1256 2972 1295 2999 Ut
1322 2973 1352 3000 n.
1379 2973 1400 2999 l.
1427 2969 1588 3004 flagellum
1614 2970 1663 2999 sic
1688 2970 1727 3008 5,
1763 2971 1828 3002 147
1851 2980 1905 3001 re-

1106 3024 1192 3045 mum
1217 3018 1355 3045 verbere
1380 3015 1504 3050 signari
1530 3015 1682 3045 vidimus.
