2023 3350
288 124 372 162 430

859 120 894 152 P.
922 120 1029 152 VIRG
1037 121 1115 152 1L11
1139 120 1350 154 MARONIS

288 237 368 278 Per
406 232 567 274 medios
608 231 787 285 insignis
826 232 947 285 equis
988 232 1265 286 tumidusque
1302 233 1490 275 secundo

288 294 426 334 Marte
464 289 588 331 ruat?
648 289 743 330 Non
781 289 928 331 clausa
963 292 1114 343 tegunt
1149 290 1235 331 iam
1275 293 1445 334 moenia
1481 292 1681 334 Teucros.

289 350 398 400 Quin
437 348 553 388 intra
590 350 738 400 portas
777 351 908 401 atque
946 347 1052 401 ipsis
1092 347 1258 400 proelia
1293 349 1475 391 miscent

287 405 530 459 Aggeribus
564 418 828 456 moerorum,
867 409 910 446 et
947 404 1160 446 inundant
1194 406 1400 458 sanguine
1436 407 1589 450 fossae.

287 467 452 506 Aeneas
488 463 663 515 ignarus
703 462 838 503 abest.

896 462 1181 516 Nunquamne
1215 463 1350 504 levari
1874 465 1928 506 25

288 521 521 563 Obsidione
557 520 696 561 sines?
756 520 891 561 Muris
925 520 1081 562 iterum
1115 520 1308 561 imminet
1339 520 1477 565 hostis

286 579 514 621 Nascentis
554 578 724 629 Troiae,
760 591 837 619 nec
871 591 958 619 non
995 578 1209 619 exercitus
1248 578 1377 631 alter3

285 639 427 690 Atque
467 636 624 677 iterum
658 636 702 676 in
738 635 926 677 Teucros
960 636 1126 677 Aetolis
1163 635 1301 689 surgit
1339 636 1394 678 ab
1430 636 1558 691 Arpis

286 694 481 749 Tydides.

542 693 754 747 Equidem
795 693 940 744 credo,
973 707 1069 735 mea
1096 693 1274 735 volnera
1310 698 1487 747 restant,

285 753 343 794 Et
374 756 452 793 tua
493 751 720 805 progenies
757 751 964 793 mortalia
998 751 1197 793 demoror
1234 752 1375 792 arma!
1876 753 1930 792 30

286 810 331 852 Si
366 810 456 851 sine
494 822 601 862 pace
638 812 715 850 tua
751 812 880 863 atque
921 809 1054 850 invito
1091 809 1264 850 numine
1294 808 1425 851 Troes

285 868 459 909 Italiam
492 867 671 921 petiere,
706 867 830 908 luant
863 870 1058 921 peccata,
1098 880 1237 920 neque
1269 866 1367 908 illos

285 925 449 967 Iuveris
489 924 667 965 auxilio:
705 925 770 965 sin
801 928 868 966 tot
903 938 1114 978 responsa
1155 924 1303 975 secuti,

286 984 404 1034 Quae
444 983 596 1036 Superi
628 982 861 1036 Manesque
899 982 1085 1034 dabant,
1127 996 1202 1023 cur
1241 995 1352 1022 nunc
1396 984 1473 1022 tua
1513 981 1742 1035 quisquam

285 1042 465 1083 Vertere
500 1041 617 1081 iussa
650 1044 810 1094 potest,
847 1044 923 1081 aut
958 1055 1033 1081 cur
1068 1054 1178 1081 nova
1215 1039 1400 1080 condere
1440 1039 1559 1080 fata?
1877 1040 1930 1079 35

286 1098 397 1150 Quid
434 1102 625 1151 repetam
660 1102 831 1140 exustas
871 1098 1054 1152 Erycino
1091 1098 1135 1139 in
1170 1098 1300 1138 litore
1339 1097 1526 1139 classes?

287 1157 398 1207 Quid
433 1159 739 1209 tempestatum
775 1169 940 1209 regem,
974 1160 1212 1209 ventosque
1246 1155 1436 1196 furentes

286 1215 434 1256 Aeolia
470 1214 653 1265 excitos,
686 1217 762 1255 aut
790 1218 932 1255 actam
960 1214 1149 1255 nubibus
1182 1213 1316 1254 Irim?

286 1273 408 1314 Nunc
439 1272 569 1313 etiam
607 1271 755 1313 Manes
787 1296 843 1301 —-
883 1271 990 1313 haec
1032 1272 1248 1313 intentata
1288 1269 1492 1312 manebat

291 1411 355 1443 Rb.
373 1410 522 1451 seratur
554 1427 597 1432 --
632 1409 856 1451 tumidusque
880 1413 979 1447 delet,
1005 1413 1088 1446 quod

287 1460 380 1495 equis
405 1460 534 1487 Turnus
558 1465 620 1486 non
639 1457 761 1486 feratur
780 1456 810 1494 9,
831 1456 883 1485 50.
906 1457 982 1485 559.
1008 1456 1084 1485 728.

288 1503 364 1533 797.
389 1503 489 1532 Stbf‘
539 1505 600 1531 Sed
629 1507 659 1532 et
684 1502 719 1538 9,
753 1501 794 1530 49
821 1507 849 1530 et
877 1500 933 1540 10,
962 1501 1026 1530 4⁴0
1054 1506 1088 1531 ut.

287 1551 383 1580 facile
412 1553 579 1585 probatur,
613 1550 679 1578 dux
704 1550 833 1577 Turnus
859 1548 958 1577 fertur
986 1556 1086 1584 equo,

289 1598 342 1632 qui
375 1605 418 1625 sc.
453 1597 579 1631 quando
617 1595 651 1623 in
683 1603 791 1623 muros
815 1595 967 1629 impetum
993 1594 1087 1630 facit,

286 1651 367 1678 equo
401 1649 465 1670 non
499 1641 607 1670 utitur.
656 1641 707 1670 Ac
737 1642 775 1669 de
799 1640 849 1668 die
876 1641 1001 1677 agitur,
1032 1640 1087 1675 qui

287 1692 346 1718 hoc
370 1688 452 1716 libro
479 1687 668 1716 continetur.

334 1731 386 1762 22.
414 1741 460 1768 sq.
483 1733 612 1769 Tangit,
628 1739 710 1767 quae
734 1734 868 1760 narrata
900 1734 976 1759 sunt
1003 1731 1024 1758 l.
1055 1728 1085 1758 9.

287 1785 440 1810 extremo.

334 1823 386 1853 24.
413 1826 501 1853 Idem
524 1830 626 1859 paene
648 1831 681 1859 v,
711 1819 761 1859 11,
789 1819 865 1850 382.
891 1817 1088 1861 aggeribus

286 1878 490 1901 moerorum.
543 1870 590 1897 De
615 1876 732 1905 aggere
760 1868 800 1897 cf.
834 1865 872 1904 9,
909 1864 986 1894 567.
1041 1867 1088 1894 De

288 1917 430 1954 genitivo
470 1915 508 1945 cf.
537 1913 573 1952 6,
607 1912 682 1942 177.
731 1914 852 1943 Avien.
885 1914 986 1942 deser.
1014 1916 1085 1940 terr.

286 1961 352 1992 382
391 1969 528 2002 aggere
565 1968 743 1988 murorum
778 1956 921 1988 Pelusia
952 1955 1089 1986 moenia

288 2010 455 2049 snrgunt.
517 2004 582 2034 962
622 2010 653 2034 et
689 2006 748 2033 Sil.
789 2004 825 2041 4,
861 2002 926 2032 743
951 2011 1088 2043 aggere

287 2052 425 2084 montis.
474 2051 648 2089 „Abusive
665 2055 695 2080 et
713 2059 822 2080 muros
837 2055 867 2079 et
887 2050 1088 2079 munimenta

288 2101 397 2130 omnia
432 2106 582 2135 aggerem
621 2098 777 2134 dicimus,
826 2096 882 2131 (Et
919 2096 1085 2130 probabile

287 2154 397 2175 muros
427 2152 534 2173 novae
555 2144 671 2172 Troiae
695 2143 841 2172 celeriter
867 2142 997 2171 eductos
1022 2149 1087 2169 non

286 2192 451 2227 lapidibus
481 2191 585 2219 fuisse
610 2193 791 2218 exstructos
814 2190 871 2217 sed
892 2190 988 2216 humo
1010 2195 1087 2216 con-

290 2238 412 2275 gesta.)
439 2237 523 2265 sicut
543 2237 634 2265 modo
658 2244 689 2263 α.
717 2244 760 2266 m.
786 2242 842 2269 pro
866 2233 1087 2263 munimentis,

288 2281 488 2314 Moerorum
522 2290 577 2317 pro
606 2288 783 2310 murorum
823 2280 970 2315 amique3
1010 2286 1086 2308 nam

286 2334 414 2359 veteres
440 2329 594 2363 pleraque
620 2335 745 2363 eorum,
779 2333 862 2360 quae
895 2333 954 2354 nos
980 2333 1034 2359 per
1061 2333 1083 2353 u

287 2376 435 2410 dicimus,
451 2383 506 2409 per
517 2382 553 2403 oe
562 2374 793 2409 diphthongum
802 2368 1086 2407 pronuntiabant.“

290 2424 322 2450 S.
347 2421 388 2450 cf.
412 2422 464 2449 Gr.
490 2420 511 2455 ὅ
548 2417 597 2447 10.
632 2433 669 2438 —
705 2420 767 2447 Sed
797 2426 895 2452 quum
929 2418 1021 2446 niodo
1051 2416 1085 2444 in

286 2467 408 2496 iunctis
430 2465 539 2495 verbis
556 2471 692 2504 aggere
708 2471 900 2492 moerorum
916 2463 1085 2497 antiquam

286 2513 423 2542 formam
452 2512 526 2547 Vgl.
562 2511 697 2539 retineat
728 2509 767 2538 cf.
803 2507 877 2537 144.
915 2506 971 2546 11,
1007 2506 1084 2544 382,

286 2563 455 2594 praeterea
468 2557 585 2591 ubique
601 2565 621 2584 u
633 2559 753 2592 servet,
774 2555 805 2583 id
824 2555 929 2589 ipsum
948 2561 1085 2594 aggere

285 2612 479 2633 moerorum
503 2605 543 2631 ab
569 2602 700 2636 antiquo
722 2604 816 2636 poeta
832 2605 995 2635 sumptum
1011 2608 1084 2629 esse

285 2651 423 2679 videtur.
472 2650 515 2677 At
548 2655 723 2676 murorum
754 2647 888 2685 MRVyc
917 2654 980 2675 rec.
1021 2643 1082 2674 [ul.

285 2703 476 2724 moerorum
500 2696 557 2722 Pb.
586 2709 624 2713 —-
644 2691 769 2731 fossae
783 2693 876 2721 MRc.
901 2700 963 2721 rec.
997 2689 1081 2731 Wg.

291 2738 354 2770 Ld.
377 2741 498 2779 fossas
522 2738 623 2778 PVyss
649 2747 711 2768 rec.
741 2735 804 2767 Rb.

333 2785 386 2815 25.
415 2784 578 2826 ignarus,
600 2786 709 2819 itaque
734 2784 805 2813 sine
836 2784 942 2818 culpa.

333 2830 386 2861 27.
418 2829 486 2861 Nec
512 2840 581 2860 non
608 2828 779 2859 exercitus
804 2826 893 2858 alter
916 2830 1001 2857 delet
1031 2824 1081 2856 Pl.

285 2877 404 2915 frigere
437 2878 514 2907 dicit
551 2873 612 2905 Hs.
649 2877 811 2912 „Versum
844 2871 885 2902 27
913 2883 977 2903 non
1013 2874 1083 2909 ipse

288 2923 478 2958 implevisse
523 2920 672 2951 videtur“
705 2919 768 2950 Rb.
798 2920 853 2955 qui
873 2924 981 2950 monet
1010 2927 1083 2949 eum

289 2975 340 3003 ap.
368 2971 459 2998 Serv.
485 2976 547 2997 non
573 2967 743 3003 explicari.

334 3012 387 3042 28.
415 3012 521 3054 Arpis
548 3014 694 3052 AetoliS,
724 3014 807 3048 quod
838 3013 978 3042 Aetolus
1006 3012 1084 3045 Blo-

1135 1413 1243 1441 medes
1277 1411 1323 1440 ibi
1361 1411 1455 1439 sedes
1491 1409 1599 1444 posuit
1640 1407 1679 1437 cf.
1717 1405 1756 1444 8,
1800 1404 1830 1436 9.
1880 1408 1934 1437 Sic

1138 1454 1296 1497 Alpheae
1333 1453 1435 1485 Pisae
1472 1453 1545 1483 179.
1587 1452 1718 1483 Cumae
1755 1450 1935 1482 Euboicae

1136 1502 1165 1539 6,
1194 1502 1223 1530 2.
1252 1504 1375 1540 surget
1398 1504 1472 1541 Myb
1495 1509 1557 1530 rec.
1577 1497 1642 1529 LA.
1674 1503 1705 1527 et
1729 1499 1763 1527 in
1787 1501 1834 1528 ed.
1854 1500 1932 1528 min.

1142 1545 1241 1587 Wg..
1256 1548 1310 1582 qui
1324 1548 1355 1575 in
1372 1548 1493 1576 maiore
1510 1547 1632 1586 surget
1648 1545 1932 1580 grammaticorum

1134 1597 1304 1622 censuerat
1318 1600 1391 1621 esse
1404 1593 1572 1621 inventum
1587 1606 1625 1610 —
1643 1588 1758 1630 surgit
1774 1591 1933 1625 siquidem

1134 1648 1176 1668 ex
1199 1639 1329 1668 silentio
1363 1636 1450 1679 ng
1472 1642 1500 1666 et
1533 1635 1597 1666 mn·
1622 1639 1710 1666 valet
1736 1637 1932 1675 coniectura,

1136 1685 1233 1714 ceteri
1273 1687 1353 1713 MSS.
1393 1692 1454 1713 rec.
1494 1681 1554 1712 Hb.
1619 1680 1747 1724 Surgit
1787 1686 1932 1721 probum,

1135 1735 1256 1759 certum
1281 1731 1367 1758 enim
1391 1738 1456 1758 rem
1482 1737 1555 1758 esse
1578 1733 1677 1765 putat.
1721 1730 1787 1758 Nec
1811 1731 1933 1769 surget

1135 1780 1223 1806 caret
1238 1777 1376 1804 ratione:
1397 1776 1525 1804 Certum
1543 1780 1592 1804 est
1610 1783 1681 1804 eum
1700 1779 1932 1812 surrecturum,

1135 1822 1201 1850 nisi
1226 1825 1258 1850 tu
1284 1821 1505 1856 impediveris.

1182 1865 1234 1908 29.
1262 1875 1338 1896 mea
1375 1875 1403 1895 υ.
1434 1868 1587 1896 restant:
1616 1868 1718 1895 restat
1751 1870 1786 1895 ut
1816 1866 1933 1895 iterum

1135 1915 1298 1942 vulnerer.

1181 1958 1235 1987 30.
1263 1957 1421 1987 demoror
1443 1965 1555 1986 arma.
1593 1957 1626 1986 A
1650 1957 1805 1986 Diomede
1825 1962 1934 1987 autem

1134 2006 1247 2034 Venus
1272 2006 1446 2033 vulnerata
1465 2007 1514 2032 est
1532 2002 1571 2032 cf.
1596 2004 1688 2031 Hom.
1713 2004 1751 2031 Il.
1775 2003 1806 2042 5,
1833 2002 1909 2033 336.

1182 2049 1234 2079 31.
1262 2049 1336 2079 siue
1360 2057 1446 2089 pace
1468 2049 1507 2078 cf.
1533 2047 1564 2085 3,
1589 2045 1664 2077 261.

1181 2095 1233 2125 32.
1261 2097 1429 2125 particula
1460 2102 1570 2134 neque
1601 2101 1674 2123 raro
1710 2095 1852 2124 annectit
1870 2095 1932 2124 im-

1134 2143 1336 2181 perativum,
1366 2141 1500 2176 saepius
1526 2139 1788 2178 coniunctivum‚
1813 2141 1852 2170 cf.
1878 2138 1931 2179 12,

1180 2233 1232 2263 33.
1263 2230 1396 2263 Iuveris
1423 2231 1668 2269 „concessivus
1700 2235 1750 2260 est
1779 2231 1840 2260 iste
1864 2239 1931 2260 mo-

1134 2281 1194 2308 dus
1218 2281 1395 2309 secundum
1418 2279 1568 2306 Probum.
1587 2299 1594 2306 .
1615 2299 1622 2306 .
1650 2277 1701 2305 Fit
1725 2281 1833 2306 autem
1853 2285 1933 2312 quo-

1132 2326 1216 2354 tiens
1250 2326 1354 2355 taedio
1394 2323 1611 2353 contentionis
1649 2323 1746 2357 quasi
1783 2323 1933 2353 videmur

1132 2373 1320 2407 concedere,
1346 2371 1427 2406 quod
1455 2373 1561 2398 tamen
1589 2370 1742 2398 nolumus
1765 2366 1866 2398 fieri.“
1897 2371 1930 2398 S.

1132 2419 1220 2446 Idem
1246 2427 1278 2447 v.
1308 2414 1361 2445 48.
1389 2416 1436 2444 Cf.
1463 2417 1514 2444 Gr.
1541 2415 1562 2450 S
1588 2413 1665 2453 421,
1688 2413 1717 2444 4.

1180 2462 1232 2492 34.
1263 2460 1387 2492 Manes
1413 2469 1458 2490 sc.
1485 2462 1602 2490 Hector
1629 2459 1660 2497 2,
1686 2457 1763 2489 294.
1805 2460 1931 2490 Creusa

1133 2507 1209 2538 780.
1239 2508 1402 2538 Anchises
1428 2507 1458 2543 5,
1487 2505 1552 2534 729
1574 2506 1613 2536 cf.
1642 2503 1694 2544 12,
1721 2503 1797 2535 646.

1180 2553 1232 2583 36.
1258 2555 1311 2584 Ad
1342 2561 1409 2582 rem
1440 2553 1480 2582 cf.
1505 2552 1536 2590 5,
1572 2550 1637 2580 606
1662 2560 1709 2588 sq.
1734 2567 1772 2572 —
1802 2549 1930 2580 classes

1133 2601 1172 2630 cf.
1198 2599 1229 2637 7,
1252 2598 1305 2628 98.

1178 2644 1231 2674 37.
1257 2646 1310 2674 Ad
1335 2653 1404 2674 rem
1427 2644 1465 2674 cf.
1493 2642 1521 2681 1,
1547 2641 1590 2672 50
1615 2651 1663 2679 sq.

1179 2690 1231 2720 38.
1258 2692 1311 2720 Ad
1336 2699 1404 2720 rem
1430 2690 1469 2720 cf.
1498 2689 1528 2727 9,
1555 2687 1572 2718 1
1599 2698 1647 2725 sq.

1177 2736 1229 2766 39.
1260 2734 1383 2766 Manes
1420 2737 1535 2765 Alecto
1575 2736 1613 2765 cf.
1654 2733 1685 2773 7,
1720 2730 1800 2770 3243
1842 2735 1927 2768 quod

1129 2785 1244 2812 Manes
1276 2783 1353 2812 dicit
1380 2784 1456 2811 deos
1481 2781 1613 2819 inferos,
1646 2779 1804 2815 imprimis
1828 2780 1927 2809 Diras

1129 2828 1169 2858 cf.
1198 2827 1250 2866 12,
1275 2826 1352 2856 845.
1382 2843 1420 2847 —
1451 2836 1542 2856 nunc
1576 2825 1700 2863 etiam,
1732 2833 1831 2860 quum
1860 2826 1928 2855 iam

1129 2882 1218 2904 mare
1259 2878 1425 2909 terrasque
1469 2877 1556 2902 metu
1608 2873 1797 2906 caelumque
1845 2873 1927 2901 Iuno

1130 2921 1307 2957 fatigasset.
1342 2919 1382 2949 cf.
1409 2916 1446 2957 1,
1475 2917 1550 2947 280.
1572 2931 1617 2938 ·-
1641 2914 1728 2946 haec
1749 2916 1928 2947 intentata

1130 2964 1304 2996 manebat.
1338 2965 1388 2995 ef.
1413 2972 1496 3000 quae
1526 2965 1564 2993 de
1587 2971 1624 2992 se
1647 2963 1722 2998 ipsa
1745 2963 1823 2992 dicit
1843 2964 1926 2993 Iuno

1133 3010 1163 3050 7,
1193 3010 1269 3041 323.

2001 909 2010 959 ce

2006 1471 2011 1499 -,
2005 1336 2023 1451 *3334
2005 1251 2007 1281 .„
