2023 3350
288 146 366 185 104
841 143 877 176 Ρ·

285 255 408 296 11111111
443 257 484 295 ct
517 266 567 295 ex
599 254 684 295 imo
720 253 826 294 verti
861 254 1074 306 Neptunia

1108 254 1236 296 Troia
1247 268 1256 306 ;

904 142 1097 176 VIRGILH
1121 142 1329 177 MARONIS

1815 257 1898 297 625

287 314 345 352 Ac
382 311 509 351 veluti
546 311 718 352 summis
758 311 977 363 antiquam
1014 311 1057 352 in
1089 312 1302 353 montibus
1342 325 1490 353 ornum

285 372 420 418 Quum
457 367 569 407 ferro
609 368 793 408 accisam
830 366 1073 421 crebrisque
1107 367 1358 421 bipennibus
1393 370 1554 411 instant

283 426 442 466 Eruerc
477 425 688 476 agricolae
723 424 938 475 certatim,
974 424 1050 465 illa
1084 438 1220 477 usque
1256 426 1454 478 minatur,

285 482 339 522 lit
372 480 621 522 tiemefacta
659 494 822 522 comam
859 494 1060 522 concusso
1098 482 1254 523 veitice
1290 486 1424 535 nutat,

286 537 538 578 Xolneiibus
575 537 709 579 donec
743 538 949 591 paulatim
983 539 1118 580 evicta
1156 553 1399 592 supremum

1819 540 1900 580 630

285 594 535 647 Congemuit
568 595 784 649 traxitque
820 595 929 649 iugis
967 595 1111 637 avolsa
1144 597 1321 638 ruinam.

282 651 500 692 Descendo
537 664 588 692 ac
620 652 799 693 ducente
831 652 911 693 (103
944 652 1155 693 flammam
1188 653 1298 694 inter
1337 657 1380 694 et
1411 653 1554 694 hostes

283 707 519 762 Expedior;

558 708 661 750 dant
695 710 783 751 tela
817 709 973 761 10011111,
1012 709 1289 763 flammaeque
1323 710 1538 751 recedunt.

397 766 535 818 Atque
570 765 643 807 ubi
674 766 760 807 iam
795 767 961 820 patriae
995 770 1242 820 perventum
1279 766 1334 808 ad
1372 767 1518 808 limina
1554 766 1665 808 sedis

284 822 576 876 Antiquasque
613 823 780 875 domos,
818 824 1001 877 genitor,
1042 837 1165 876 quem
1202 824 1353 865 tollere
1386 825 1429 864 in
1467 824 1578 865 altos

1819 824 1899 863 635

284 879 495 932 Optabam
530 880 711 933 primum
745 885 908 922 montes
946 881 1212 934 primumque
1251 880 1457 934 petebam,

282 936 478 990 Abnegat
513 938 656 979 excisa
688 938 819 979 vitam
856 938 1092 991 producere
1125 937 1253 979 Troia

282 1050 506 1083 considerent.
565 1055 685 1084 Contra
726 1051 882 1084 desidere
924 1056 1071 1084 dicuntur

282 1101 380 1126 urbes
406 1104 510 1127 terrae
535 1104 639 1135 motu;
666 1097 839 1129 subsidere
863 1109 967 1131 naves
990 1101 1070 1130 mari

282 1146 466 1178 absorptae.

327 1189 402 1217 625.
435 1186 610 1228 Neptunia
640 1186 745 1218 Troia
769 1189 809 1218 cf.
836 1189 872 1227 3,
898 1189 928 1219 3.

328 1234 402 1262 626.
431 1242 470 1262 ac
496 1231 605 1264 veluti
627 1242 728 1274 quum
755 1235 794 1263 cf.
821 1235 860 1271 4,
886 1234 961 1264 402.

328 1278 403 1307 6¹27.
430 1277 578 1308 accisam
615 1279 634 1308 i.
663 1288 689 1308 e.
724 1289 768 1308 ex
800 1286 888 1314 parte
914 1281 1068 1316 incisam3

283 1325 447 1359 proprium
479 1325 509 1353 in
543 1332 583 1353 ea
614 1333 647 1353 re
681 1328 814 1354 verbum
847 1326 886 1354 cf.
911 1328 1006 1355 Caes.
1034 1328 1068 1355 B.

284 1373 319 1398 G.
346 1369 375 1398 6.
401 1369 443 1396 27
472 1368 632 1400 accidunt
658 1368 804 1405 arbores,
832 1369 1002 1400 anhnuen.
1026 1387 1070 1390 ——

287 1413 444 1443 Minatur
467 1415 601 1444 ruinam.
651 1418 736 1444 Male
761 1413 822 1444 Ην.
850 1417 987 1445 minatur
1014 1426 1071 1451 pe-

281 1462 416 1488 riculum
447 1461 667 1489 caedentibus.
700 1477 744 1480 —
773 1459 907 1490 Instant
932 1470 958 1490 0.
985 1462 1068 1490 infin.

282 1505 324 1534 cs.
363 1505 395 1539 l,
428 1504 504 1534 423.
541 1522 585 1525 —
627 1504 761 1535 Crebris
793 1505 994 1545 bipennibus
1030 1507 1069 1536 cf.

280 1550 357 1579 492.
373 1566 415 1569 —
440 1548 572 1580 Eruere
591 1555 621 1579 ut
641 1549 672 1588 5,
690 1550 755 1580 449
775 1550 953 1581 radicibus
971 1554 1070 1581 eruta

281 1604 396 1635 lullus.

328 1641 402 1669 629.
430 1640 634 1678 tremefacta
670 1649 799 1670 cumam
837 1642 877 1670 cf.
917 1642 991 1671 273.
1027 1658 1070 1662 -—

288 1685 392 1715 Coma
414 1688 451 1714 de
476 1690 625 1716 arborum
647 1692 675 1715 et
696 1687 844 1715 fruticum
867 1688 979 1716 fronde
1003 1689 1071 1717 usi-

281 1732 475 1760 tatissimum
502 1734 585 1768 apud
613 1737 726 1767 poetas
756 1732 795 1760 cf.
822 1734 895 1761 Hor.
922 1734 955 1762 C.
982 1732 1012 1767 4,
1037 1734 1068 1771 7,

287 1777 295 1804 1
340 1775 520 1818 Diffugere
550 1776 661 1813 niues,
702 1776 845 1806 redeunt
881 1776 948 1806 iam
984 1787 1070 1817 gra-

281 1820 375 1850 mina
398 1821 539 1862 campis,
564 1821 809 1862 arboribusque
828 1832 952 1851 comae.
991 1826 1069 1851 Item

283 1871 317 1895 G.
344 1866 374 1898 2,
399 1867 473 1896 368.
522 1867 553 1899 4.
584 1868 655 1897 137.
683 1884 727 1887 —
755 1865 864 1897 Nutat
890 1874 920 1896 ut
947 1869 977 1904 9,
1005 1868 1071 1896 682

283 1919 312 1940 et
340 1915 407 1941 ων.
440 1913 476 1949 3,
506 1913 572 1941 256
607 1910 742 1942 Natant
771 1911 865 1941 altae
895 1914 1069 1949 (arbores)

280 1956 475 1997 populoque
492 1956 679 1987 minantur.
717 1960 764 1986 Ita
783 1960 893 1987 Claud.
911 1961 953 1987 ld.
975 1958 1068 1993 1,3‘2.

327 2003 401 2031 631.
429 2001 600 2042 trusitque
621 2001 757 2032 ruinam
778 2003 816 2032 cf.
837 2002 910 2032 466.
954 2006 989 2032 In
1009 2007 1069 2032 liae

282 2049 542 2085 comparatione,
593 2049 624 2076 in
666 2056 729 2082 qua
765 2049 894 2083 singula
939 2051 1067 2084 egregia

281 2099 367 2122 sunt.
395 2094 593 2129 offendimur,
619 2095 703 2128 quod
722 2101 793 2122 cum
818 2097 931 2123 arbore
957 2096 1068 2123 conci-

281 2140 375 2166 dente
405 2147 468 2167 non
505 2139 666 2167 hominem
698 2139 838 2173 aliquem
868 2144 922 2168 aut
947 2141 1067 2169 turrim.

281 2186 339 2212 sed
378 2189 474 2212 totam
513 2188 681 2218 comparat
723 2186 849 2222 urbem,
897 2187 992 2214 latam
1037 2191 1068 2214 et

282 2229 459 2257 innumeris
485 2230 640 2258 aediliciis
667 2234 879 2258 constantem.

326 2273 401 2302 632.
433 2271 608 2302 Descendo
641 2276 679 2303 de
709 2282 799 2311 3100,
831 2276 862 2303 in
894 2283 956 2310 qua
989 2276 1067 2305 illud

281 2321 402 2348 Vestae
438 2322 598 2354 templum.
649 2317 786 2348 discedo
818 2328 869 2355 ap.
903 2324 1001 2350 Macr.
1037 2320 1067 2357 3,

280 2365 301 2391 8
330 2362 481 2394 Ducente
509 2362 571 2393 deo
595 2365 615 2393 i.
638 2373 665 2393 e.
697 2366 815 2398 aliano.
842 2375 905 2394 non
928 2367 1066 2395 indicato

281 2415 311 2438 ut
340 2407 435 2438 dabit
463 2407 544 2439 deus
569 2407 623 2438 his
645 2419 776 2449 quoquc
791 2409 900 2449 finem
938 2412 970 2448 l,
1008 2412 1068 2440 199

281 2455 320 2483 cf.
347 2453 383 2484 3.
408 2455 483 2483 715.
521 2454 558 2489 6,
586 2453 660 2483 749.
702 2456 740 2488 7,
766 2454 841 2484 498.
891 2458 995 2490 Atque
1024 2458 1066 2485 ita

281 2508 382 2534 saepe
416 2505 605 2535 usurpatum
642 2505 691 2529 est
725 2503 786 2529 hoc
817 2504 1013 2530 vocabulum
1048 2510 1066 2530 a

280 2546 436 2574 Cicerone
459 2546 489 2573 in
514 2547 607 2578 libro,
633 2553 724 2580 quem
747 2546 875 2580 scripsit
896 2548 934 2574 de
950 2552 1065 2576 natura

281 2582 430 2626 deoru'm;
467 2592 499 2619 in
539 2599 600 2625 quo
640 2591 671 2619 in
705 2591 814 2626 primis
848 2592 999 2621 conferas
1033 2591 1064 2628 2,

280 2635 311 2669 6,
344 2634 389 2664 l6.
438 2638 549 2670 ltaque
573 2637 651 2665 illud
679 2633 741 2664 deo
764 2637 845 2664 satis
871 2637 1062 2672 explicatur.

281 2677 342 2708 deo
362 2679 511 2720 ›mv-272
535 2683 575 2709 al.
626 2679 691 2710 dea
716 2680 779 2710 Ml.
807 2681 864 2710 vl.
895 2683 946 2720 γε.
974 2684 1007 2711 Ρ.
1034 2686 1065 2710 ut

281 2725 451 2757 genuinum
491 2727 637 2754 videatur
668 2727 773 2755 fuisse
808 2724 894 2762 dea3
933 2732 959 2755 et
992 2728 1066 2762 ipsa

280 2771 391 2798 Venus
411 2772 600 2804 promiserat
613 2769 731 2811 patrio
748 2774 780 2801 te
799 2769 917 2801 limine
934 2770 1064 2801 sistam.

281 2814 422 2843 Inferunt
452 2817 491 2843 ad
524 2814 585 2846 deo
621 2819 817 2851 probandum
845 2819 876 2845 S.
909 2822 937 2845 et
965 2820 1062 2845 macr.

280 2858 311 2889 3.
335 2859 356 2886 8
379 2867 529 2888 arcanam
554 2863 740 2896 doctrinam.
771 2870 790 2890 3
816 2863 923 2891 multis
951 2867 1066 2890 aucto-

281 2905 370 2933 ribus
395 2905 564 2938 firmatam.
592 2914 654 2940 qua
681 2909 791 2936 Venus
819 2912 846 2935 et
874 2908 990 2935 semina
1015 2913 1065 2936 est

281 2954 311 2977 et
338 2957 417 2978 mas.
468 2951 521 2978 Sic
545 2951 643 2985 cypri
669 2953 804 2981 Veneris
837 2958 905 2981 erat
939 2954 1065 2984 signum

281 2997 448 3024 barbatum
484 2998 579 3023 veste
615 2998 771 3026 muliebri.
842 3000 919 3026 Inde
957 3000 1067 3027 venus

282 3040 395 3068 dicitur
419 3048 469 3076 ap.
495 3042 563 3070 Cat.
587 3039 647 3076 68,
673 3041 717 3070 50
740 3040 876 3082 duplex.
925 3045 1014 3078 Quae
1037 3047 1069 3072 ut

1116 1062 1197 1084 vera
1222 1055 1304 1093 sint,
1334 1054 1432 1083 miror
1456 1057 1561 1082 tamen
1584 1054 1838 1083 Schlottmanum
1862 1055 1902 1082 de

1116 1103 1268 1130 columna
1294 1101 1382 1136 regis
1406 1102 1519 1128 Mezae
1544 1098 1628 1127 1870
1652 1097 1715 1128 (100
1734 1100 1818 1134 quod
1839 1101 1902 1128 hoc

1116 1148 1189 1175 loco
1215 1147 1334 1180 tegitur
1366 1147 1404 1174 de
1429 1146 1555 1174 venere
1582 1144 1707 1173 biformi
1731 1145 1903 1179 explican-

1117 1193 1191 1220 dum
1223 1191 1371 1220 duxisse.
1426 1191 1610 1219 Absurdum
1644 1190 1727 1218 enim
1757 1195 1807 1219 est
1835 1191 1903 1219 Ae-

1116 1244 1211 1265 neam
1237 1237 1332 1265 tilium
1348 1235 1486 1265 Veneris
1507 1242 1604 1269 quum
1628 1237 1729 1263 multa
1746 1236 1784 1263 de
1802 1241 1903 1264 matre

1117 1286 1284 1311 narrasset
1307 1288 1379 1317 sua,
1404 1285 1549 1309 extremo
1571 1282 1644 1308 loco
1668 1281 1758 1309 illam
1784 1282 1902 1310 docere

1118 1329 1312 1359 doctrinam,
1354 1334 1417 1360 qua
1454 1333 1525 1354 mas
1566 1330 1617 1354 est
1653 1327 1775 1354 Venus.
1839 1328 1903 1355 Sed

1118 1377 1241 1407 poterat
1268 1373 1382 1401 afferre
1407 1373 1514 1399 locum
1535 1370 1585 1398 vir
1607 1371 1739 1407 doctus,
1774 1375 1806 1400 ut
1827 1379 1904 1406 pro-

1117 1420 1205 1446 baret
1223 1424 1293 1445 eam
1314 1417 1489 1445 doctrinam
1504 1422 1657 1444 caussam
1671 1415 1776 1444 fuisse
1795 1424 1904 1451 gram-

1117 1463 1259 1497 maticis,
1287 1467 1318 1491 ut
1344 1464 1374 1490 11.
1397 1463 1416 1489 l.
1442 1461 1595 1489 inferrent
1620 1458 1682 1489 deo
1708 1469 1764 1495 nro
1785 1460 1861 1491 dea.

1163 1507 1238 1536 ⁴533.
1266 1504 1446 1547 expediar.-
1483 1506 1638 1541 Expediri
1664 1511 1713 1535 est
1738 1514 1756 1534 0
1776 1507 1904 1542 magnis

1117 1553 1272 1588 periculis
1304 1552 1448 1587 servam
1478 1552 1523 1580 ita
1554 1558 1605 1586 ap.
1631 1553 1708 1580 Hor.
1739 1553 1774 1581 C.
1805 1551 1842 1589 4,
1872 1551 1904 1588 4,

1118 1598 1160 1627 75
1193 1596 1304 1627 Curae
1328 1604 1476 1638 sagaces
1500 1593 1702 1636 expediunt
1708 1604 1770 1636 per
1801 1599 1905 1627 acuta

1118 1641 1208 1672 belli.
1229 1659 1272 1663 -—
1296 1640 1390 1672 Dant
1414 1639 1484 1671 tela
1508 1639 1630 1679 Iocum,
1655 1642 1675 1670 i.
1694 1650 1722 1670 0.
1742 1640 1906 1672 recedunt

1117 1688 1449 1723 hostiumte133sic
1475 1687 1532 1715 Sil.
1564 1686 1599 1722 1,
1625 1686 1691 1715 465
1719 1685 1905 1727 praecipiti

1118 1732 1203 1762 dant
1243 1731 1313 1763 tela
1345 1731 1453 1768 viam,
1498 1729 1583 1760 dant
1623 1730 1729 1772 signa
1760 1730 1904 1773 virique.

1118 1780 1178 1807 Ov.
1199 1781 1234 1807 F.
1259 1777 1290 1814 4,
1315 1778 1382 1806 800
1411 1776 1524 1816 pietas
1549 1775 1691 1813 ieneia,
1721 1774 1903 1807 innocuum

1117 1822 1207 1852 victo
1239 1822 1294 1852 cui
1328 1820 1423 1852 dedit
1449 1819 1544 1861 ignis
1576 1820 1661 1856 iter;
1692 1824 1784 1851 Pont.
1815 1823 1845 1860 l,
1878 1824 1904 1860 l,

1117 1868 1160 1897 33
1193 1866 1320 1898 dicitur
1351 1866 1426 1907 ipsa
1458 1865 1532 1895 viro
1561 1868 1735 1902 (Aeneae)
1753 1866 1903 1906 flamma

1118 1912 1253 1943 dedisse
1276 1912 1379 1942 viam.
1435 1910 1482 1941 ΡΙ.
1505 1914 1587 1941 delet
1617 1910 1649 1941 d.
1677 1915 1700 1942 t.
1726 1911 1749 1942 1.
1792 1935 1799 1943 .
1823 1922 1851 1942 r.

1117 2023 1322 2056 634—678.
1349 2023 1520 2056 Anchises
1547 2022 1638 2065 quod
1666 2022 1807 2056 domum
1834 2034 1903 2057 non

1116 2074 1168 2101 est
1202 2068 1403 2108 relicturus,
1443 2078 1527 2101 suos
1561 2077 1681 2100 omnes
1713 2069 1747 2101 in
1782 2071 1904 2103 mortis

1350 2115 1475 2147 retinet.
1498 2113 1664 2157 periculo.

1159 2184 1235 2214 634.
1263 2183 1376 2225 Atque
1400 2185 1440 2214 cf.
1466 2184 1504 2222 4,
1537 2184 1612 2214 261.
1638 2200 1681 2204 -
1702 2188 1900 2223 perventum

1115 2232 1179 2269 est,
1212 2236 1298 2259 amat
1320 2231 1405 2259 enim
1431 2233 1492 2259 boc
1519 2231 1549 2258 in
1577 2232 1677 2258 verbo
1704 2230 1814 2265 lingua
1838 2233 1903 2260 La-

1115 2277 1181 2305 tina
1206 2276 1377 2311 passivum
1409 2276 1630 2310 impersonale
1663 2283 1740 2310 prae
1774 2277 1901 2305 activo:

1115 2326 1145 2350 ut
1172 2324 1202 2350 h.
1229 2323 1269 2350 l.:
1297 2321 1440 2356 perveni.

1159 2365 1237 2395 636.
1263 2368 1364 2396 Varro
1390 2368 1508 2394 Rerum
1535 2366 1755 2394 Humanarum
1787 2374 1903 2396 narra-

1113 2412 1176 2447 vit,
1211 2415 1293 2440 teste
1327 2412 1459 2447 Servio,
1493 2412 1656 2445 Aeneam,
1690 2419 1787 2445 quum
1818 2413 1846 2440 ei
1880 2420 1901 2441 a

1114 2457 1250 2485 Graecis
1274 2464 1469 2484 concessum
1493 2460 1595 2491 esset,
1621 2460 1653 2484 ut
1675 2461 1706 2484 et
1726 2457 1799 2491 ipse
1821 2465 1902 2486 eva-

1114 2503 1203 2530 deret
1228 2506 1258 2529 01
1284 2503 1367 2535 quod
1396 2509 1505 2530 carum
1533 2505 1623 2530 esset
1649 2501 1808 2538 auferret,
1835 2503 1901 2538 pri-

1112 2554 1196 2575 mum
1215 2548 1393 2575 abstulisse
1409 2552 1550 2581 patrem;
1573 2551 1646 2581 post
1660 2555 1756 2581 quum
1773 2549 1901 2586 Graeci,

1113 2593 1229 2627 pietate
1254 2593 1325 2620 eius
1345 2592 1505 2628 commoti,
1532 2596 1562 2620 ut
1588 2593 1722 2620 alterum
1748 2594 1900 2622 educeret

1112 2637 1350 2672 permisissent,
1378 2638 1539 2666 extulisse
1558 2638 1639 2665 deos
1656 2642 1811 2674 penates3
1836 2639 1900 2667 iam

1114 2685 1259 2711 Graecos
1283 2683 1426 2711 iussisse
1450 2690 1521 2711 eum
1547 2683 1662 2711 efferre
1685 2690 1900 2717 quaecunque

1112 2729 1222 2755 vellet.
1263 2730 1332 2756 Non
1352 2730 1509 2756 absonum
1528 2731 1579 2756 est
1599 2729 1679 2756 baec
1697 2736 1769 2756 cum
1785 2733 1900 2757 nostro

1110 2775 1184 2801 loco
1210 2780 1418 2808 comparare3
1449 2777 1555 2801 tamen
1582 2775 1736 2801 hocloco
1761 2773 1898 2807 primum

1112 2819 1246 2846 debebat
1274 2823 1383 2853 petere
1411 2824 1545 2854 patrem,
1571 2818 1625 2852 qui
1649 2825 1732 2846 unus
1756 2826 1898 2847 consen-

1111 2864 1170 2891 tire
1196 2865 1331 2891 debebat
1356 2865 1395 2892 de
1419 2863 1513 2898 fuga:
1540 2863 1653 2896 reliqui
1671 2870 1784 2893 omnes
1802 2863 1899 2893 facile

1112 2909 1183 2936 eius
1210 2909 1431 2937 auctoritatem
1458 2910 1689 2942 sequebantur.

1157 2952 1234 2981 637.
1264 2951 1439 2993 Abnegat,
1477 2961 1541 2981 non
1572 2954 1658 2987 vult,
1696 2957 1829 2981 recusat
1867 2957 1898 2982 ut

1113 2997 1178 3026 65⁴
1202 3002 1232 3026 et
1249 3003 1298 3027 est
1316 3000 1449 3026 verbum
1472 2997 1659 3033 voluntatis,
1685 3005 1784 3032 quare
1810 3003 1898 3026 recte

1114 3044 1259 3078 sequitur
1283 3043 1460 3072 infinitivus
1485 3048 1513 3071 et
1539 3043 1713 3072 infinitivus
1743 3050 1899 3079 praesen-
