2023 3350
127 226 185 268 Ε1
220 225 329 268 bene
368 224 484 280 apud
514 239 725 268 memores
764 226 920 268 veteris
954 230 1042 269 6131
1079 227 1222 281 gratia
1256 227 1388 271 facti?

128 283 231 334 Quis
266 297 334 325 me
371 287 534 335 autem,
579 283 648 326 fao
685 283 814 335 velle,

127 341 315 383 Invisam
356 317 570 395 3661Ρ161Ῥ
614 342 769 393 1166616,
812 341 896 384 heu
929 342 1124 397 perdita!
1166 344 1349 386 necdum

126 397 474 440 Laomedonteae
512 399 643 440 sentis
678 400 870 453 periuria
911 400 1080 454 gentis?

128 456 242 507 Quid
277 456 398 498 tum?
442 456 535 498 sola
574 455 677 510 fuga
709 460 864 499 nautas
904 457 1144 500 comitabor
1177 459 1384 501 ovantes?

127 515 195 555 An
233 513 372 568 Tyriis
405 514 606 568 omnique
643 528 773 556 manu
808 515 972 569 stipata
1004 529 1200 557 meorum

126 571 294 613 Inferar
328 575 389 623 61,
435 585 543 625 quos
583 572 762 614 Sidonia
797 573 867 614 vix
902 573 1009 615 urbe
1043 573 1203 624 revelli,

126 629 288 670 Rursus
322 642 450 683 agam
486 629 643 684 pelago
686 634 728 671 61
758 630 896 672 ventis
929 631 1033 672 dare
1068 632 1162 672 vela
1198 629 1384 672 iubebo?

127 687 239 737 Quin
271 700 458 738 morere,
506 691 555 728 111
594 688 749 730 merita
787 702 851 740 es,

126 744 189 786 Tu
223 744 413 787 lacrimis
449 745 588 786 evicta
623 746 748 798 meis,

126 802 223 853 His,
268 815 495 856 germana,
537 803 662 845 malis
703 816 877 855 oneras,

125 860 222 901 Non
252 859 376 901 licuit
410 860 592 901 thalami
620 865 842 914 expertem
879 861 970 902 sine
1010 861 1188 902 crimine
1225 861 1360 902 vitam

354 931 473 959 more
507 917 646 970 ferae,
684 918 794 960 tales
826 932 905 960 nec
941 922 1122 972 tangere
1157 918 1302 959 curas!

124 918 291 971 Degere
303 951 312 969 ,

124 975 223 1016 Non
260 978 432 1017 servata
471 974 576 1017 fides
612 976 745 1018 cineri
779 975 993 1029 promissa
1025 975 1235 1029 Sychaeo!

126 1033 287 1074 Tantos
324 1032 400 1074 illa
440 1046 516 1074 suo
552 1033 782 1087 rumpebat
818 1036 993 1097 pectoie
1030 1035 1219 1086 questus.

241 1091 409 1132 Aeneas
448 1089 564 1132 celsa
597 1091 642 1132 in
674 1090 829 1154 puppi,
876 1090 963 1131 iam
1001 1093 1144 1131 certus
1182 1088 1321 1143 eundi,

733 112 968 147 AENEmos
995 115 1082 147 Lm.
1108 116 1166 148 1v.
1694 121 1776 162 205

859 285 987 337 sinet,
1026 285 1245 328 latibusve
1288 287 1484 342 superbis
1693 294 1775 334 540

1691 580 1773 619 545

894 688 1098 743 ferroque
1127 691 1274 730 averte
1305 688 1511 732 dolorem.

798 749 846 787 111
882 747 1024 800 prima
1060 746 1273 788 furentem

925 807 1056 858 atque
1098 803 1248 845 obiicis
1284 802 1409 845 hosti.

1690 865 1773 904 550

1692 1151 1773 1190 555

127 1147 344 1201 Carpebat
382 1161 577 1199 somnos,

622 1147 751 1189 rebus
791 1147 877 1189 iam
913 1147 996 1189 rite
1028 1147 1208 1201 paratis,

124 1205 237 1247 Huic
268 1219 313 1248 66
347 1205 487 1248 forma
524 1204 593 1247 (161
631 1205 750 1247 voltu
789 1204 1009 1248 redeuntis
1042 1204 1194 1248 eodem

124 1347 245 1385 possit,
282 1348 365 1382 quod
385 1355 440 1376 eos
463 1347 591 1377 auxilio
621 1347 735 1377 levavi
763 1356 853 1384 meo,
899 1352 929 1377 et

125 1401 282 1422 memores
311 1393 334 1421 ii
368 1393 433 1422 sint
467 1394 592 1429 accepti
621 1394 781 1428 beneficii;
825 1402 928 1429 neque

129 1439 258 1468 omnino
277 1447 329 1468 me
353 1439 507 1474 recipient
531 1440 566 1475 ii,
586 1448 721 1475 quorum
740 1440 805 1468 iam
825 1441 929 1469 maio-

127 1492 179 1513 res
203 1485 346 1520 periurio
372 1485 512 1514 infames
537 1490 622 1514 sunt.
653 1487 700 1515 De
719 1493 763 1515 ue
788 1487 927 1515 relativo

126 1531 209 1565 quod
231 1531 419 1568 adiungitur
443 1531 482 1561 cf.
513 1529 564 1569 10,
590 1529 667 1561 673.

171 1574 248 1605 540.
279 1573 350 1606 Fac
374 1573 475 1615 velle,
502 1578 609 1614 cogita
632 1582 661 1607 te
683 1579 780 1607 velle.

171 1620 247 1651 542.
275 1615 538 1652 Laom'edonaea
563 1631 642 1660 gens
667 1624 704 1653 cf.
730 1622 761 1660 3,
785 1620 862 1652 248.

171 1664 248 1696 543.
274 1668 355 1702 Quid
382 1668 577 1707 faciendum,
597 1671 711 1698 solane
735 1676 863 1707 sequar,
883 1676 925 1698 an

124 1721 195 1743 cum
235 1714 347 1749 Tyriis
388 1715 491 1743 meis?
532 1730 571 1734 —
619 1712 791 1751 Ovmztcs,
841 1716 923 1750 quod

124 1760 266 1789 victores
292 1763 366 1788 sunt
388 1760 462 1789 mei.
504 1761 625 1789 Omittit
650 1769 766 1790 nomen
789 1761 923 1790 Aeneae

124 1813 183 1834 nec
213 1805 354 1834 Teucros
379 1806 446 1835 iam
476 1807 638 1843 nominat,
672 1808 802 1836 nautas
831 1809 922 1835 modo

126 1851 213 1887 dicit,
238 1858 301 1885 quo
325 1851 395 1886 ipso
418 1854 517 1881 verbo
540 1853 694 1882 miseram
719 1860 813 1882 suam
838 1853 923 1881 indi-

124 1900 175 1926 cat
204 1897 432 1934 conditionem,
472 1905 536 1932 qua
568 1900 650 1927 tales
680 1899 794 1935 regina
821 1900 924 1927 homi—

123 1950 182 1971 nes
209 1943 359 1977 precibus
385 1943 474 1972 adire
498 1948 640 1979 cogatur.

171 1985 248 2017 545.
278 1985 418 2025 Inferor
447 1989 466 2017 i.
495 1998 521 2017 e.
552 1997 603 2018 me
627 1989 781 2027 inferam,
814 1990 924 2025 passi-

123 2042 202 2064 vum
230 2041 286 2069 pro
318 2033 473 2063 reflexivo
504 2034 543 2064 cf.
578 2033 650 2063 152.
708 2036 758 2063 Ita
791 2032 923 2072 inferre

122 2082 166 2109 se‘
187 2077 216 2117 l,
236 2077 313 2108 4:39.
344 2077 394 2117 10,
411 2077 487 2108 575.
510 2095 555 2099 -—
577 2077 718 2108 revelli.-
741 2081 809 2108 Vix
833 2081 923 2115 quie-

124 2130 186 2154 tem
210 2126 344 2160 adeptos
370 2126 486 2155 iterum
516 2126 665 2155 omnibus
699 2126 923 2162 navigationis

123 2172 257 2201 casibus
275 2171 450 2201 obiiciam?
498 2173 567 2200 Non
592 2172 647 2207 ita,
672 2171 746 2206 ipsa
771 2180 839 2209 ego,
858 2180 923 2200 non

123 2217 178 2253 qui
198 2218 345 2246 insontes
369 2221 454 2254 sunt,
474 2225 594 2252 poenas
617 2219 716 2246 luam.

169 2260 246 2292 546.
280 2260 400 2292 Ventis
438 2261 524 2293 dare
560 2260 640 2293 vela
674 2263 712 2293 cf.
747 2260 784 2300 3,
809 2259 839 2291 9.
880 2278 919 2282 -

125 2305 251 2337 Iubebo
274 2311 309 2337 ut
333 2306 387 2337 20.

170 2351 246 2382 548.
274 2354 411 2389 Culpam
434 2354 587 2384 transfert
605 2354 638 2383 in
663 2362 815 2391 sororem,
839 2361 922 2390 quae

124 2399 272 2429 lacrimis
296 2400 421 2429 moveri
446 2409 509 2429 non
528 2401 688 2439 debuerit,
717 2400 857 2435 facitque
880 2409 922 2429 ex

123 2445 289 2473 hominum
312 2453 409 2483 more,
433 2447 487 2481 qui
514 2447 543 2475 si
567 2448 639 2476 ulla
663 2446 824 2482 probabili
848 2454 923 2482 spe-

103 2490 173 2530 ,cie
214 2494 365 2527 possunt,
412 2491 581 2521 infortunii
619 2492 671 2522 sui
708 2499 848 2522 caussas
890 2492 924 2521 in

130 2536 215 2564 alios
242 2537 345 2564 solent
370 2537 562 2566 transferre.v

170 2578 247 2609 549.
276 2577 398 2610 Prima
420 2590 545 2612 oneras
568 2583 588 2611 i.
605 2591 631 2612 e.
657 2584 704 2612 Tu
728 2583 833 2618 prima
855 2590 926 2612 ma-

127 2628 233 2656 lorum
275 2634 417 2656 meorum
450 2635 571 2657 caussa
601 2636 646 2657 66.
704 2629 751 2658 Cf.
786 2626 828 2657 31
855 2637 923 2664 sqq.

127 2669 233 2702 Hosti
278 2672 406 2701 invidia
442 2677 490 2702 est
529 2675 659 2708 plenum
704 2682 830 2703 nomen.
883 2690 921 2694 —

127 2718 167 2747 V.
195 2715 261 2746 548
286 2721 315 2747 et.
341 2715 405 2746 549
440 2727 481 2748 ex
512 2720 572 2748 hoc
604 2721 674 2749 loco
704 2720 828 2755 expulit
861 2717 923 2749 Rb.

124 2768 154 2792 et
180 2764 345 2793 transtulit
372 2768 441 2799 post
465 2772 497 2793 v.
527 2761 602 2792 418.

171 2808 248 2838 551.
275 2817 368 2839 more
394 2808 500 2847 ferae
533 2810 571 2839 cf.
605 2810 710 2844 Quint.
743 2808 779 2849 9,
806 2808 842 2848 2,
869 2807 922 2840 64.

125 2856 204 2893 „Est
226 2855 404 2890 Emphasis
429 2856 526 2885 etiam
548 2856 629 2885 inter
654 2856 788 2893 figuras,
824 2865 922 2892 quum

124 2909 166 2929 ex
191 2902 300 2936 aliquo
331 2901 412 2931 dicto
437 2903 544 2930 latens
565 2901 689 2936 aliquid
712 2903 848 2931 eruitur:
888 2906 923 2932 ut

125 2948 211 2981 apud
234 2947 326 2983 vg1.:
354 2944 409 2977 No
391 2955 433 2976 on
460 2944 559 2976 licuit
577 2943 766 2985 —ferae?
803 2949 921 2983 Quam-

125 2999 224 3027 quam
252 2993 339 3023 enim
372 2994 410 3022 de
439 2993 641 3023 matrimonio
665 2993 809 3027 queritur
828 2994 921 3032 Dido,

125 3040 232 3068 tamen
255 3040 317 3069 huc
341 3039 479 3074 erumpit
502 3039 573 3069 eius
604 3039 753 3076 affectus,
792 3043 826 3068 ut
849 3040 921 3068 sine

974 1347 1130 1377 thalamis
1162 1346 1267 1376 vitam
1306 1355 1370 1375 non
1402 1347 1569 1377 hominum
1599 1354 1686 1385 putet
1718 1354 1774 1381 sed

974 1391 1148 1423 feramur&
1195 1408 1233 1412 —
1284 1395 1442 1422 Nolumus
1479 1399 1621 1429 repetere
1658 1398 1774 1427 varias

974 1440 1073 1469 huius
1102 1438 1165 1468 loci
1189 1439 1442 1477 explicationes,
1479 1441 1536 1469 sed
1561 1448 1635 1470 eam
1658 1452 1774 1478 propo-

975 1494 1060 1520 nere,
1086 1493 1169 1521 quae
1191 1485 1305 1514 ceteris
1330 1486 1458 1515 videtur
1480 1491 1654 1520 praestare.
1704 1492 1774 1519 Non

974 1532 1083 1569 licuit,
1110 1531 1190 1561 mihi
1213 1531 1347 1569 homini,
1373 1532 1514 1561 ferarum
1537 1541 1623 1563 more
1648 1535 1773 1573 vivere,

975 1578 995 1607 i.
1015 1587 1042 1607 e.
1067 1586 1184 1613 expers
1206 1577 1368 1615 connubii,
1394 1582 1423 1606 et
1449 1580 1583 1613 abrepta
1607 1582 1694 1610 curis
1719 1584 1773 1611 vel

973 1624 1191 1659 cupidinibus,
1209 1624 1327 1658 quibus
1352 1624 1538 1661 flagrabam,
1559 1627 1692 1656 crimine
1717 1635 1772 1657 ca-

971 1679 1041 1699 rere
1066 1678 1130 1698 non
1155 1669 1254 1707 potui,
1278 1677 1336 1698 nec
1360 1671 1497 1700 servavi
1518 1671 1610 1701 fidem
1632 1675 1771 1708 promis-

972 1724 1043 1745 sam
1075 1717 1232 1751 Sychaeo.
1284 1715 1331 1745 Cf.
1364 1717 1403 1745 H.
1427 1718 1458 1745 S.
1489 1714 1518 1754 1,
1544 1715 1574 1755 3,
1602 1715 1667 1746 109
1707 1717 1772 1749 l'e-

970 1769 1085 1791 nerem
1125 1759 1294 1789 incertam
1330 1759 1509 1801 rapientes
1546 1772 1639 1793 more
1674 1763 1775 1802 fera-

969 1816 1056 1836 rum.
1111 1803 1163 1836 Pl.
1187 1806 1269 1836 coni.
1298 1804 1440 1847 degere,
1465 1816 1531 1837 vae
1556 1806 1728 1839 miserae!

1016 1850 1091 1881 552.
1120 1850 1229 1881 cineri
1257 1850 1433 1892 Sychaeo,
1458 1854 1497 1883 cf.
1527 1852 1556 1892 1,
1583 1853 1659 1884 686.
1711 1859 1774 1886 Sed

976 1895 1119 1928 Siclzaei
1160 1901 1202 1926 M.
1243 1900 1325 1934 quod
1362 1899 1491 1928 videtur
1529 1901 1773 1935 praeferendum

970 1953 1053 1973 esse.
1108 1942 1213 1973 Fides·
1235 1942 1411 1985 promissa
1436 1945 1555 1982 legitur
1577 1945 1608 1985 6,
1633 1945 1711 1977 356.

1017 1989 1094 2019 553.
1126 1987 1300 2029 Rumpere
1332 1992 1474 2030 questus
1502 1992 1584 2021 dixit
1621 1994 1695 2023 Val.
1722 1996 1771 2024 Fl.

972 2032 1002 2071 1,
1026 2033 1102 2064 508.
1154 2036 1200 2065 Cf.
1229 2033 1264 2073 2,
1290 2034 1363 2065 129.
1406 2052 1444 2056 —-
1490 2039 1620 2075 „Oratio
1652 2043 1772 2070 tumul-

970 2084 1067 2110 tuans
1092 2082 1127 2109 in
1154 2082 1384 2111 deliberatione
1408 2085 1448 2111 ab
1473 2084 1583 2113 animo
1610 2093 1668 2120 spe
1697 2095 1772 2122 spo-

970 2127 1069 2155 liato:
1123 2127 1319 2162 interceptae
1362 2129 1557 2167 sententiae,
1609 2132 1771 2170 concisae,

970 2176 1142 2201 contortae.
1191 2173 1322 2210 Fertur,
1347 2173 1499 2211 refertur,
1526 2176 1667 2212 rapitur;
1702 2187 1770 2207 cre-

969 2220 1046 2246 brae
1071 2218 1350 2255 interrogationeS,
1380 2220 1592 2249 consiliorum
1617 2224 1770 2252 mutatio-

969 2271 1038 2301 nes,
1065 2263 1185 2301 petitio,
1209 2264 1373 2302 repetitio,
1398 2264 1586 2294 correcti0.“
1611 2269 1770 2305 Scaliger.

969 2341 1186 2374 554—570.
1235 2340 1433 2373 Mercurius
1460 2347 1581 2375 monet
1603 2342 1771 2386 Aeneam,

1205 2391 1246 2418 ut
1277 2386 1395 2419 statim
1426 2386 1536 2419 abeat.

1017 2444 1094 2475 554.
1121 2448 1191 2476 Iam
1228 2447 1361 2476 Aeneas
1397 2449 1494 2476 rebus
1534 2448 1652 2483 quibus
1689 2458 1770 2485 opus

971 2497 1039 2522 erat
1065 2494 1189 2528 paratis
1216 2494 1422 2528 navibusque
1447 2493 1613 2523 instructis
1640 2499 1770 2524 ventum

971 2542 1168 2574 exspectans
1199 2540 1377 2568 secundum
1399 2540 1498 2568 altero
1521 2540 1575 2568 die
1607 2540 1769 2571 abiturum

972 2592 1008 2614 se
1031 2587 1200 2621 sperabat,
1224 2593 1321 2619 quum
1345 2588 1439 2614 noctu
1459 2586 1641 2614 Mercurius
1667 2587 1769 2616 adve-

971 2631 1019 2659 nit
1051 2639 1187 2666 eumque
1211 2634 1327 2666 monet,
1351 2635 1385 2658 ut
1410 2637 1492 2665 quae
1516 2631 1581 2659 sint
1606 2638 1627 2660 a
1649 2631 1770 2662 femina

972 2676 1057 2705 irata
1087 2677 1232 2711 pericula
1257 2676 1387 2712 cogitet,
1414 2676 1514 2704 simul
1535 2676 1661 2706 felicem
1687 2686 1768 2707 ven-

972 2725 1038 2750 tum
1070 2730 1143 2751 esse
1174 2722 1349 2750 denuntiat.
1399 2722 1469 2755 Qua
1498 2729 1532 2750 re
1565 2723 1610 2751 ita
1639 2731 1769 2759 compo-

972 2767 1037 2796 sita
1063 2771 1093 2796 et.
1115 2768 1250 2796 Aeneae
1270 2765 1405 2795 consilio
1427 2767 1530 2796 maior
1553 2772 1602 2797 est
1626 2770 1768 2799 auctori-

971 2816 1022 2842 tas
1050 2817 1079 2841 et
1109 2813 1152 2841 iis
1184 2820 1267 2847 quae
1297 2812 1378 2840 Dido
1412 2816 1523 2847 postea
1558 2813 1634 2845 facit
1665 2816 1769 2845 maior

971 2859 1129 2895 gravitas.
1178 2859 1224 2886 De
1253 2857 1303 2885 (161
1334 2857 1518 2888 interventu
1549 2859 1588 2889 cf.
1626 2858 1659 2898 1,
1689 2859 1766 2890 535.

970 2920 1008 2925 -
1040 2902 1161 2934 Certus
1187 2899 1294 2931 eundi
1318 2902 1356 2932 cf.
1384 2901 1461 2933 564.

1014 2949 1089 2978 555.
1122 2946 1296 2987 Carpebat
1324 2956 1461 2978 somnos
1486 2950 1524 2979 ef.
1555 2948 1582 2989 1,
1607 2948 1682 2980 388.

1014 2993 1092 3024 556.
1111 2992 1234 3033 forma
1261 2990 1337 3022 dei:
1361 2995 1470 3032 „Bene
1494 3004 1557 3024 non
1588 2997 1684 3034 deus,
1711 2998 1768 3026 sed

967 3040 1079 3071 forma.
1134 3041 1222 3069 Raro
1255 3040 1343 3069 enim
1383 3041 1518 3071 numina
1560 3041 1643 3071 sicut
1681 3047 1766 3081 sunt,
