2023 3350
294 157 373 198 636
596 156 631 186 P.
659 152 846 185 VtRGtLtt
874 149 1078 184 MAROle

1106 150 1333 184 AENEIDOS
1360 154 1442 184 LlB.
1469 152 1542 184 xlt.

296 269 468 310 Balteus
501 268 542 306 et
572 263 683 304 notis
720 262 929 303 sulseiunt
963 261 1132 315 cingula
1167 262 1294 305 bullis

294 323 495 367 Pallantis
533 319 869 374 pue1i:viotu1n
903 333 1027 383 que-m
1033 295 1230 360 ⁰·volne1e
1265 320 1430 363 Tuinus

294 381 513 423 smum-w
548 380 676 430 atque
713 376 901 417 humeris
934 375 1150 417 inimicum
1185 376 1347 430 insigne
1382 377 1568 431 gerebat.

293 438 366 478 lllc
408 433 539 475 oculis
575 436 802 486 postquam
834 432 948 474 saevi
982 436 1254 474 monumenta
1270 408 1445 476 ΌᾶοΙοιίε

1823 432 1905 471 945

297 492 560 544 lssxuviasque
594 490 753 539 hausit,
790 489 911 531 furiis
946 503 1147 531 accensus
1186 492 1228 531 et
1265 489 1331 530 ira

291 548 507 591 Terribilis
521 561 529 590 :

294 606 489 659 Eripiare
521 604 624 645 mihi
636 605 655 644 ’ἓ

568 547 683 588 Tune
715 546 812 587 hinc
851 547 998 601 spoliis
1040 546 1186 587 indute
1224 559 1412 587 meorum

714 604 854 645 Pallas
890 609 932 645 te
973 604 1054 645 hoc
1092 602 1264 644 volnere
1299 602 1440 644 Pallas

291 662 489 705 Immolat
525 666 567 703 et
599 675 777 714 poenam
813 661 1018 702 scelerato
1052 674 1103 701 ex
1134 660 1337 713 sanguine
1371 659 1508 701 sumit.

300 721 388 761 Hoc
423 719 565 761 diceus
601 717 758 759 ferrum
792 717 968 759 adverso
1004 717 1082 759 sub

296 776 508 818 Fervidus.

1117 721 1289 770 pectore
1320 716 1464 758 condit
1498 735 1500 738 >
1827 714 1910 754 950

568 776 646 816 Ast
676 774 737 816 illi
773 775 995 816 solvuntur
1032 774 1191 828 frigore
1228 773 1419 815 membra,

292 835 477 888 vitaque
518 847 611 874 cum
649 832 820 886 gemitu,
847 832 959 886 fugit
988 831 1212 885 indignata
1245 831 1322 872 sub
1359 829 1544 872 umbras.

338 1006 413 1036 942.
445 1004 590 1036 Balteus
611 1011 641 1036 et
665 1003 810 1046 cingula
835 1014 897 1034 non
922 1006 1081 1041 differunt3

293 1054 342 1084 sic
366 1055 496 1089 cingula
514 1054 640 1082 balteus
665 1053 780 1081 dicitur
797 1050 826 1087 9,
843 1050 920 1081 359.
948 1052 1081 1080 Balteus

294 1104 401 1129 autem
432 1099 487 1134 qui
517 1100 555 1127 ab
588 1098 732 1127 humeris
760 1098 872 1133 pendet
900 1094 930 1132 9,
964 1095 1028 1124 360
1052 1101 1082 1125 01

293 1147 331 1174 ad
358 1147 444 1173 latus
470 1144 565 1173 fibula
594 1144 726 1173 nectitur
756 1142 795 1172 cf.
828 1142 895 1170 273
920 1146 950 1171 et
980 1142 1081 1178 gladii

295 1195 343 1220 est
366 1195 395 1219 01
421 1192 588 1225 pharetrae
603 1189 633 1225 5,
653 1187 727 1217 312.
753 1204 794 1209 —
821 1189 958 1217 Ornatus
973 1191 1079 1216 autem

294 1240 361 1265 erat
393 1236 490 1264 etiam
519 1235 617 1263 bullis
648 1235 758 1263 aureis
795 1233 833 1263 cf.
860 1232 890 1268 9,
924 1230 952 1261 1.
1001 1233 1081 1268 Quid

293 1282 374 1317 quod
406 1285 469 1309 tota
498 1281 678 1309 Danaidum
704 1279 839 1308 historia
861 1279 893 1307 in
920 1279 1081 1308 Pallantis

296 1329 399 1356 balteo
422 1326 545 1361 depicta
567 1330 643 1355 erat.

342 1369 417 1400 944.
445 1372 563 1404 Latini,
605 1372 730 1406 quando
753 1371 793 1399 ad
811 1370 1009 1398 enuntiatum
1032 1378 1080 1398 re-

300 1418 437 1447 lativum
474 1418 658 1453 adiungitur
696 1418 841 1450 alterum,
884 1416 965 1450 quod
995 1415 1082 1443 alius

296 1468 346 1492 est
367 1463 526 1495 rectionis,
567 1467 598 1490 ut
630 1462 696 1490 allo
729 1460 859 1489 relativi
884 1468 962 1489 casu
987 1467 1081 1494 quain

296 1509 328 1537 in
355 1508 457 1543 priore
489 1515 570 1542 opus
597 1507 647 1542 sit,
691 1515 753 1535 non
780 1514 816 1534 eo
846 1510 987 1541 utuntur,
1027 1506 1082 1533 sed

298 1553 551 1582 determinatim.
614 1553 701 1586 Quae
738 1551 868 1579 liberior
903 1555 1082 1579 structurae

297 1599 377 1628 ratio
392 1599 474 1633 apud
491 1600 629 1626 Graecos
654 1597 795 1632 legitima
813 1601 870 1624 est.
896 1595 942 1624 Cf.
956 1592 1080 1623 Bcrnb.

296 1651 350 1685 gr.
382 1652 411 1678 p.
447 1641 521 1672 ..104
570 1643 622 1671 Sic
660 1643 724 1671 Cic.
768 1644 852 1670 Orat.
896 1640 914 1667 3
955 1638 1082 1679 specics

294 1685 568 1730 pulchritudiuis
595 1685 722 1716 (simia
752 1684 941 1725 quaedam,
983 1693 1084 1724 quam

297 1733 434 1762 intuens
470 1731 505 1760 in
545 1740 654 1771 caque
692 1729 833 1767 defixus.
882 1731 934 1760 Sic
969 1727 1002 1765 7,
1042 1727 1077 1757 61

300 1777 449 1814 Laurus,
475 1786 577 1817 quam
600 1778 702 1816 pater
730 1773 923 1809 inuentam,
952 1771 1086 1814 primus

296 1832 397 1863 quum
437 1820 596 1851 conderet
638 1830 743 1858 arces,
794 1817 867 1860 ipse
902 1817 1087 1857 ferebatur

301 1865 431 1898 Phoebo
457 1875 613 1895 sacrasse
643 1864 799 1902 Latinus,
832 1863 1087 1904 [amentesque

298 1912 340 1943 ab
371 1922 411 1942 ea
435 1921 556 1942 nomen
585 1910 741 1951 posuisse
771 1908 910 1940 colonis.
959 1910 1005 1939 Cf.
1033 1912 1084 1938 Gr.

298 1961 330 1993 S.
353 1957 429 1995 2384,
453 1957 482 1986 7.
532 1949 750 1994 Sed⁸Virgilii
779 1965 876 1992 quum
914 1959 1084 1985 consuetu-

300 2005 405 2033 dinem
430 2005 638 2037 declaremuS,
676 2010 851 2032 caveamus
886 2010 925 2030 nc
950 2002 1084 2030 nimium

298 2050 526 2085 exspatientur.
574 2049 734 2082 Virgilius
760 2048 858 2082 igitur
885 2047 1007 2082 repetiit
1036 2055 1084 2076 re-

295 2097 435 2124 lativum
459 2100 489 2123 111
515 2093 544 2131 2,
569 2094 587 2122 5
616 2102 770 2133 quaeque
796 2091 867 2132 ipse
892 2090 1085 2121 miserrima

297 2138 372 2170 υἰάἰ
401 2144 430 2169 ι’(
456 2148 597 2178 quorum
623 2147 707 2178 pars
734 2147 866 2177 magna
889 2136 958 2175 fni.
1007 2140 1086 2166 Sae-

299 2188 373 2222 pius
402 2190 508 2214 3111001
539 2185 570 2213 111
602 2187 702 2213 altero
724 2185 886 2213 enuntiato
911 2184 1085 2212 relativum

302 2232 426 2265 omittit,
452 2236 481 2260 et
505 2231 534 2259 si
557 2231 663 2259 eodem
690 2238 767 2260 casu
792 2231 995 2265 repetendum
1028 2233 1087 2265 est,

298 2283 330 2306 ut
357 2279 389 2305 E.
416 2276 446 2313 8,
473 2275 490 2304 3
519 2284 661 2315 quorum
690 2274 909 2313 stupefactae
935 2272 1087 2303 carmine

300 2322 414 2361 lynces
444 2325 475 2351 et
505 2330 638 2357 quorum
669 2321 810 2351 carmine
838 2322 973 2349 mutata
1008 2328 1086 2348 suos

299 2365 497 2406 requierunt
522 2364 676 2405 flumina
709 2374 843 2402 cursus,
884 2370 911 2394 el
948 2365 977 2394 si
1011 2366 1086 2393 alio.

303 2414 355 2442 Sic
388 2413 454 2441 iam
489 2412 774 2441 demonstrativum
809 2411 961 2439 omissum
995 2415 1089 2439 esta

299 2459 451 2488 Cicerone
469 2458 538 2492 qui:
566 2460 677 2485 utrum
703 2456 809 2485 simus
831 2464 947 2484 carum
974 2464 1087 2484 rerum

302 2501 403 2532 rudes
438 2512 483 2531 au
515 2499 738 2530 didicerimus
772 2503 809 2530 de
833 2503 884 2530 Or.
912 2499 939 2537 1,
967 2499 1017 2537 16,
1046 2499 1086 2528 72

302 2549 393 2583 alibi,
415 2549 469 2577 ubi
486 2548 594 2576 Latini
609 2547 833 2576 concinnitatis
858 2554 976 2576 caussa
993 2554 1087 2581 quam

302 2595 449 2623 affectant
485 2594 518 2622 in
554 2593 709 2621 enuntiati
747 2593 890 2628 partibus
923 2593 1088 2628 oppositiS,

303 2640 467 2675 negligunt
503 2639 647 2667 strictam
693 2638 947 2673 grammaticam,
993 2645 1088 2672 quam

307 2685 431 2714 dicendi
466 2684 633 2713 formulam
665 2688 780 2713 vocant
825 2683 1008 2719 analogiam
1048 2683 1086 2712 cf.

306 2733 357 2759 Gr.
397 2730 428 2764 ς.
468 2728 555 2758 493.-
591 2731 698 2764 Neque
739 2734 844 2758 tamen
884 2729 913 2757 si
954 2730 1088 2757 alterum

306 2776 504 2803 enuntiatum
532 2783 585 2809 per
599 2777 746 2809 copulam
770 2775 932 2803 enuntiato
954 2774 1088 2802 relativo

306 2821 501 2857 adiungitur,
533 2821 648 2855 ubique
672 2822 781 2849 eadem
806 2821 890 2848 valet
918 2819 1009 2855 ratio,
1034 2821 1088 2848 sed

307 2871 359 2893 aut
385 2867 555 2894 relativum
586 2867 650 2894 alio
679 2874 759 2896 casu
789 2866 999 2900 supplendum
1031 2869 1088 2900 est,

308 2915 338 2938 ut
370 2912 509 2943 genitivo
535 2910 563 2946 3,
589 2909 662 2939 382.
702 2912 732 2946 5,
758 2909 832 2939 403.
865 2908 895 2945 9,
920 2907 995 2938 489.
1039 2908 1089 2947 10,

310 2953 384 2982 520.
417 2964 507 2990 quem
544 2957 686 2991 suppleri
724 2957 796 2985 licet
829 2956 924 2984 etiam
957 2955 987 2992 6,
1014 2953 1088 2983 284.

310 2995 361 3035 ll,
388 2997 448 3036 753
487 3002 674 3031 accusativo
699 3000 731 3040 8,
751 2999 833 3038 5673
855 3001 1088 3030 nominativum

1126 1005 1202 1034 licet
1223 1005 1364 1040 suppleri
1383 1003 1413 1041 9,
1427 1001 1510 1039 5923
1535 1002 1699 1038 similique
1711 1000 1909 1031 modoetiam

1126 1052 1315 1080 adverbium
1345 1049 1563 1086 pronominale
1591 1052 1775 1083 usurpatur,
1815 1049 1849 1074 ut
1873 1047 1909 1074 G.

1126 1094 1156 1133 4,
1182 1094 1200 1124 9
1239 1105 1303 1136 quo
1345 1103 1452 1134 neque
1487 1091 1531 1123 sit
1566 1091 1676 1123 ventis
1712 1088 1856 1121 aditus.

1125 1149 1233 1180 neque
1265 1149 1368 1170 oves.
1417 1136 1585 1176 ‚floribus
1616 1134 1802 1170 insulamn
1850 1143 1912 1171 quo

1126 1188 1195 1215 loco
1220 1183 1278 1214 ubi
1300 1187 1511 1221 supplendum
1534 1188 1592 1213 est.
1619 1199 1656 1204 —
1683 1183 1751 1212 Aut
1773 1183 1910 1211 alterum

1127 1232 1326 1261 enuntiatum
1349 1230 1576 1261 secundarium
1599 1233 1657 1267 est,
1685 1233 1721 1258 ut
1742 1227 1806 1257 1001
1829 1227 1912 1257 refe-

1126 1278 1216 1306 rendi
1254 1278 1319 1306 sint
1348 1279 1388 1306 ad
1413 1284 1462 1313 ea,
1504 1283 1586 1310 quae
1611 1276 1651 1304 ad
1673 1272 1705 1312 8,
1733 1271 1795 1301 125
1827 1274 1914 1302 dicta

1127 1327 1212 1352 sunt.
1259 1324 1355 1351 'Pales
1375 1327 1447 1351 sunt
1474 1319 1504 1358 6,
1532 1320 1595 1349 350
1620 1316 1676 1349 cui
1701 1315 1806 1348 datus
1830 1315 1913 1348 hae-

1127 1367 1241 1396 rebam
1277 1371 1388 1397 custos
1420 1373 1607 1406 cursusque
1637 1362 1799 1405 regebam
1831 1364 1855 1396 i.
1885 1372 1912 1393 e.

1127 1422 1242 1443 cursus
1266 1422 1390 1450 regens,
1411 1411 1488 1441 550.
1515 1410 1546 1448 9,
1572 1407 1737 1440 350.4S9.
1767 1407 1819 1446 10,
1835 1406 1912 1438 811.

1129 1457 1181 1495 11,
1206 1457 1265 1493 7;“);
1292 1459 1324 1487 111
1347 1459 1425 1488 aliis
1450 1457 1653 1493 participium
1672 1454 1801 1492 perfecti
1813 1458 1915 1490 potest

1127 1481 1280 1532 substitui
1311 1509 1343 1532 ut
1385 1502 1436 1539 10,
1473 1501 1548 1532 243.
1592 1500 1648 1539 12,
1682 1498 1746 1530 674
1789 1497 1913 1530 turrim

1127 1546 1313 1588 compactis
1339 1546 1492 1577 trabibus
1518 1556 1619 1587 quam
1639 1544 1805 1576 eduxerat
1830 1543 1914 1584 ipse,

1127 1591 1398 1633 subdideratque
1435 1595 1531 1622 rotas
1567 1594 1754 1632 pontesque
1786 1587 1915 1620 instra-

1127 1641 1225 1667 verat
1251 1636 1352 1666 aleos.
1402 1640 1470 1667 Iam
1495 1638 1636 1668 diximus
1659 1637 1692 1665 in
1720 1636 1842 1670 aliquot
1869 1638 1914 1665 lo-

1133 1685 1181 1712 cis
1218 1692 1280 1711 non
1318 1684 1455 1721 liquere,
1505 1689 1578 1712 utra
1611 1682 1795 1717 explicandi
1834 1682 1914 1712 ratio

1130 1728 1340 1763 praeferenda
1369 1729 1420 1757 sit.
1448 1744 1491 1748 —
1516 1731 1597 1757 Sunt
1630 1728 1693 1757 loci
1729 1727 1763 1755 in
1799 1727 1916 1762 mnibus

1130 1773 1211 1802 ratio
1238 1774 1365 1802 videtur
1402 1774 1552 1809 obtinere,
1590 1780 1671 1808 quae
1703 1773 1834 1808 signata
1868 1777 1917 1802 est

1131 1817 1184 1854 65,
1224 1823 1257 1847 ut
1300 1816 1336 1854 9,
1377 1816 1452 1847 592.
1504 1821 1538 1847 G.
1582 1817 1613 1854 3,
1657 1816 1738 1853 282ς
1788 1822 1917 1847 exstant

1131 1864 1227 1892 etiam
1254 1864 1286 1892 in
1304 1864 1420 1898 quibus
1442 1866 1656 1893 anacoluthon
1674 1863 1780 1893 inesse
1803 1864 1916 1893 videass

1131 1914 1191 1945 tur,
1217 1914 1249 1937 ut
1277 1908 1324 1947 10,
1349 1907 1413 1936 703
1439 1918 1509 1938 una
1532 1917 1629 1949 quem
1654 1911 1752 1938 nocte
1774 1905 1917 1938 Theano

1131 1952 1165 1983 z‘n
1192 1952 1297 1982 lucem
1325 1952 1480 1994 genitori
1504 1953 1628 1994 Amyco
1655 1951 1750 1983 dedit
1775 1955 1806 1983 et
1834 1953 1918 1992 face

1127 2008 1333 2039 praegnans
1378 1997 1503 2029 Cisseis
1542 1997 1668 2040 regina
1703 1996 1842 2036 Parim3
1888 2004 1918 2029 et.

1132 2043 1188 2083 12,
1221 2044 1279 2072 2111
1312 2055 1329 2074 ο
1367 2042 1497 2078 miseri,
1539 2053 1622 2084 quos
1648 2042 1822 2083 improbus
1855 2044 1920 2074 ad-

1130 2099 1216 2119 vena
1250 2088 1337 2118 bello
1372 2088 1508 2119 territat
1545 2087 1724 2119 invalidas
1759 2093 1796 2119 ut
1827 2099 1918 2127 oues,

1130 2138 1160 2165 et
1194 2133 1298 2164 litora.
1330 2138 1442 2164 vestra
1475 2133 1507 2164 vi
1536 2133 1693 2175 populat.
1718 2136 1918 2171 Quamquam

1131 2182 1230 2210 etiam
1258 2182 1289 2209 bi
1328 2182 1389 2210 loci
1422 2182 1462 2209 ad
1498 2183 1633 2210 alterurn
1675 2185 1779 2210 utrum
1817 2191 1918 2218 genus

1133 2232 1267 2262 possunt
1292 2227 1411 2255 referri.
1460 2227 1555 2255 Libro
1583 2225 1614 2261 9,
1642 2223 1706 2253 777
1737 2228 1777 2255 ad
1807 2228 1919 2256 retati-

1132 2281 1210 2301 vum
1235 2274 1315 2306 quod
1341 2277 1387 2301 est
1413 2269 1477 2299 775
1508 2281 1571 2300 non
1595 2272 1722 2301 videtur
1749 2273 1918 2311 pertinere,

1132 2319 1187 2347 sed
1211 2326 1265 2352 per
1287 2326 1321 2346 se
1346 2322 1502 2347 constare.

1179 2361 1254 2390 9⁴6.
1279 2360 1394 2391 hausit
1419 2359 1527 2391 oculis
1551 2362 1590 2392 cf.
1616 2359 1646 2395 4,
1672 2360 1747 2391 661.

1180 2406 1253 2436 947.
1280 2411 1314 2437 tn
1341 2424 1383 2427 —-
1411 2405 1540 2436 indute.
1608 2408 1655 2436 Cf.
1699 2407 1728 2444 2,
1764 2407 1839 2438 283.
1888 2407 1918 2447 9,

1135 2451 1208 2482 485.
1238 2450 1289 2491 10,
1312 2451 1386 2482 327.
1414 2455 1465 2482 Gr.
1484 2453 1515 2487 S.
1540 2451 1616 2489 252,
1642 2450 1671 2482 4.
1701 2469 1738 2474 —-
1765 2451 1919 2484 Meorum

1135 2500 1271 2534 pluralis
1297 2499 1329 2527 in
1352 2499 1540 2527 universum
1558 2499 1662 2527 dictus
1683 2499 1834 2528 maiorem
1860 2502 1919 2529 ba-

1135 2548 1184 2573 bet
1216 2547 1274 2573 boc
1300 2546 1369 2573 loco
1394 2544 1470 2580 vim,
1513 2552 1609 2579 quum
1638 2546 1747 2579 plures
1779 2545 1876 2574 etiam
1899 2553 1920 2575 a

1133 2591 1239 2619 Turno
1271 2590 1371 2619 occisi
1394 2589 1547 2618 dicantur.

1180 2633 1253 2663 948.
1287 2632 1407 2663 Pallas
1436 2632 1612 2663 immolat.-
1658 2636 1798 2664 Animae
1835 2637 1921 2665 enim

1136 2686 1330 2710 mortuorum
1361 2680 1493 2715 cupiunt
1523 2684 1622 2709 morte
1650 2681 1772 2716 placari
1798 2689 1919 2719 eorum,

1136 2727 1189 2762 qui
1212 2729 1409 2756 necaverunt
1432 2725 1471 2754 cf.
1499 2723 1551 2760 11,
1573 2722 1647 2754 180.

1180 2770 1253 2800 952.
1280 2773 1365 2800 Idem
1384 2779 1500 2799 versus
1519 2769 1571 2806 11,
1595 2767 1672 2800 831.
1698 2786 1735 2791 -
1763 2768 1836 2800 vita
1862 2779 1918 2806 pro

1135 2818 1243 2846 anima
1267 2817 1363 2846 etiam
1391 2814 1442 2852 10,
1467 2813 1543 2844 819.
1571 2831 1608 2836 —
1635 2818 1704 2846 Iam
1737 2816 1804 2846 fata
1827 2816 1917 2846 viam

1134 2863 1335 2891 invenerunt.
1365 2861 1534 2890 Fitfoedus
1549 2861 1649 2896 pactis
1671 2862 1918 2892 conditionibus:

1137 2909 1220 2937 ducit
1259 2908 1389 2936 Aeneas
1424 2908 1609 2943 Laviniam,
1660 2908 1764 2936 condit
1798 2909 1917 2941 urbem,

1137 2954 1279 2982 succedit
1303 2953 1336 2981 in
1351 2953 1460 2981 Latini
1478 2959 1624 2989 regnum3
1649 2953 1782 2987 eiusque
1799 2954 1915 2987 posteri

1137 3000 1273 3028 incolent
1298 2999 1432 3027 Romam
1459 3002 1630 3027 aeternam.
