2044 3329
701 100 935 135 AENEIDOS
964 104 1048 136 ΠΒ.
1076 105 1102 136 1.
1663 108 1711 145 21

88 215 298 269 Spemque
321 217 563 268 metumque
590 214 703 256 inter
727 213 863 266 dubii,
894 229 966 256 seu
992 216 1130 257 vivere
1163 216 1339 258 credant

87 273 184 314 Sive
212 276 402 314 extrema
427 272 519 324 pati
546 285 623 313 nec
649 272 735 313 iam
760 271 962 314 exaudire
986 277 1170 316 vocatos.

85 329 320 383 Praecipue
343 329 438 383 pius
467 328 631 370 Aeneas
656 343 767 370 nunc
790 330 902 371 acris
927 330 1089 381 Oronti,
1632 334 1714 373 220

85 387 208 428 Nunc
234 387 382 440 Amyci
411 400 556 427 casum
585 386 716 440 gemit
745 390 786 428 et
816 387 1006 429 crudelia
1034 401 1175 429 secum

84 444 192 485 Fata
223 445 324 498 Lyci
353 443 592 497 fortemque
619 442 740 498 Gyan
768 443 1007 498 fortemque
1032 445 1298 487 Cloanthum.

195 501 252 542 Et
275 501 359 542 iam
383 500 477 541 finis
503 504 612 552 erat,
645 516 772 554 quum
800 502 994 555 Iuppiter
1023 503 1194 544 aethere
1223 516 1384 544 summo

83 558 331 611 Despiciens
362 572 481 599 mare
508 558 734 599 velivolum
760 562 984 612 terrasque
1011 560 1197 602 iacentes

82 615 314 669 Litoraque
339 619 381 657 et
406 615 519 656 latos
548 616 747 669 populos,
778 617 838 657 sic
866 617 1022 658 vertice
1049 618 1156 658 caeli

85 672 287 714 Constitit
312 676 354 714 et
381 672 540 726 Libyae
567 672 714 714 defixit
742 674 904 715 lumina
927 674 1080 727 regnis.

80 729 219 783 Atque
242 730 362 771 illum
385 730 494 771 tales
522 731 753 772 iactantem
777 734 950 784 pectore
974 745 1098 773 curas

79 787 260 828 Tristior
285 791 327 829 et
357 788 544 829 lacrimis
573 788 719 830 oculos
747 788 907 830 suffusa
935 789 1128 840 nitentes,

78 843 340 898 Adloquitur
365 845 526 886 Venus:
562 845 595 887 O
628 846 701 899 qui
729 860 796 887 res
825 846 1125 899 hominumque
1151 844 1360 897 deumque

79 902 276 944 Aeternis
304 903 416 957 regis
441 903 652 957 imperiis,
684 906 726 945 et
757 902 932 945 fulmine
961 905 1108 954 terres,

77 1065 187 1099 signat
211 1066 403 1094 desiderium
426 1066 601 1101 sociorum,
636 1065 684 1093 sic
707 1065 772 1094 Cic.
801 1065 870 1093 Fin.

78 1110 108 1144 5.
135 1109 187 1139 20.
214 1119 258 1145 111.
284 1114 370 1139 Man.
400 1109 425 1139 1.
475 1113 522 1139 Ita
549 1118 715 1150 quaerere
736 1110 766 1144 5,
793 1107 869 1139 314.

77 1153 238 1185 virtutem
267 1153 439 1185 sublatam
473 1164 513 1185 ex
538 1153 647 1184 oculis
673 1153 871 1194 quaerimus

77 1203 151 1230 Hor.
186 1202 220 1230 C.
253 1199 288 1237 3,
323 1198 381 1238 24,
419 1199 470 1230 32.
534 1203 596 1230 Pro
631 1209 785 1230 sermone
818 1198 868 1230 Pl.

75 1247 157 1276 coni.
184 1243 343 1275 clamore.

121 1300 196 1331 219.
227 1300 394 1332 Extrema
414 1300 493 1343 pati
514 1303 534 1331 i.
551 1312 577 1331 e.
603 1303 700 1338 mori;
727 1303 868 1331 omnium

74 1349 159 1377 enim
179 1352 356 1377 extremum
372 1357 456 1377 mors
475 1354 530 1378 est.
574 1349 619 1377 Cf.
639 1348 668 1381 6,
691 1345 755 1376 457
776 1349 870 1384 ferro

74 1397 228 1423 extrema
255 1392 360 1434 sequi.
410 1391 462 1428 11,
488 1394 551 1422 8115
580 1393 811 1433 exspirantem
839 1397 869 1423 et

74 1443 225 1468 extrema
242 1441 444 1479 gementem.
481 1442 554 1469 Tac.
572 1441 610 1468 Η.
627 1438 656 1468 4.
670 1438 711 1467 59
724 1438 868 1475 famem,

68 1485 206 1524 serrum
234 1487 265 1514 et
298 1488 448 1514 extrema
471 1483 558 1525 pati.
609 1486 661 1514 sic
689 1486 785 1513 etiam
812 1494 868 1513 su-

70 1539 193 1571 prema
211 1535 238 1559 et
256 1528 379 1560 ultima
399 1536 516 1566 ponunt
535 1536 662 1566 poetae:
689 1534 747 1560 lioc
771 1531 867 1559 etiam

71 1577 199 1604 Livius
218 1592 255 1596 —
274 1579 429 1605 vocatos.-
451 1586 547 1612 quum
565 1578 672 1605 vocati
696 1581 780 1610 sunt,
805 1585 867 1605 non

71 1622 102 1650 si
120 1622 227 1651 vocati
242 1627 324 1651 sunt.
373 1623 453 1656 Quid
477 1624 561 1652 enim
584 1623 642 1654 fiet.
669 1623 697 1650 51
722 1630 785 1650 11011
808 1630 866 1650 1-0-

71 1669 206 1696 cantur?
265 1666 396 1697 l‘ocare
416 1676 538 1697 nomen
571 1668 685 1697 mortui
714 1669 865 1702 solemne,

71 1718 105 1742 ut
136 1717 218 1742 10010
241 1710 311 1742 Hn.
339 1711 395 1742 δ’ὁ.
425 1715 479 1748 qui
505 1714 591 1743 affert
617 1715 709 1748 Prop.
745 1711 783 1744 2.
815 1712 864 1750 10,

72 1757 115 1786 27
148 1757 198 1787 'ru
229 1767 308 1788 vero
333 1756 466 1788 nudum
487 1762 607 1799 pectus
632 1756 787 1788 lacerata
813 1767 864 1787 se-

71 1802 202 1843 queris,
243 1801 312 1833 Nec
335 1802 451 1842 fueris
473 1813 594 1834 nomen
619 1802 715 1833 lassa
742 1813 866 1834 vocare

70 1857 192 1878 meum.
241 1852 352 1884 ltaque
371 1859 403 1878 n.
423 1848 444 1879 i.
465 1859 490 1879 e.
512 1860 540 1880 v.
560 1861 603 1876 =
621 1859 694 1879 esse
710 1856 861 1879 mortuos.

117 1904 191 1934 220.
218 1907 354 1935 Nomina
383 1908 593 1936 Troianorum
624 1908 763 1942 plurima
788 1909 862 1944 Ygl.

69 1952 184 1985 fingere
208 1952 347 1988 cogitur,
372 1961 473 1987 neque
498 1954 581 1981 enim
605 1954 723 1981 fabulis
748 1954 865 1981 tradita

67 2003 169 2026 erant.
224 1999 270 2025 De
299 1994 426 2026 Oronte
464 1999 538 2027 vide
572 1996 644 2026 113.
702 2000 747 2027 De
775 2000 864 2033 geni-

68 2044 129 2071 tivi
151 2043 252 2071 forma
281 2041 332 2070 30.
362 2059 399 2062 -
427 2042 577 2083 Amycus
607 2044 701 2072 etiam
725 2044 761 2079 5,
787 2042 862 2072 373.

69 2086 122 2121 12,
148 2086 224 2122 509,
251 2089 401 2117 diversus
428 2092 467 2117 ab
490 2090 542 2118 iis.
572 2090 626 2123 (1111
650 2094 864 2118 1110111013111111·

68 2133 98 2163 9.
124 2132 199 2162 772.
240 2132 291 2168 10,
318 2132 394 2162 704.
417 2150 453 2154 -—
480 2132 588 2174 Lycus
605 2132 725 2171 9,5⁴5.
767 2132 861 2173 Gyas

67 2184 96 2209 et
127 2176 317 2208 Cloanthus
343 2179 380 2217 5,
409 2178 482 2208 118.

114 2235 188 2265 221.
215 2244 327 2265 secum
344 2234 453 2277 gemit
469 2237 506 2266 cf.
528 2236 580 2265 50.
616 2239 753 2274 „Secum
768 2245 860 2271 prop-

67 2287 113 2312 ter
136 2283 262 2312 socios*·
281 2284 311 2310 S.
333 2291 372 2311 110
388 2284 601 2319 desperarent,
626 2283 655 2310 si
677 2284 786 2311 ducem
808 2283 859 2311 vi-

67 2330 173 2357 derent
197 2328 424 2357 contristatum.

113 2383 188 2413 222.
208 2383 241 2422 f.
268 2382 309 2414 G.
329 2383 362 2421 f.
390 2383 425 2414 C.
464 2387 538 2414 Rau
559 2395 600 2415 ex
620 2394 651 2414 v.
675 2383 738 2414 612
765 2386 859 2413 111313

67 2434 164 2466 putat.

66 2534 95 2556 v.
122 2522 303 2554 223—53.
351 2523 517 2562 Queritur
541 2522 633 2565 apud
656 2524 774 2554 Iovem
791 2523 858 2554 Ve—

89 2577 173 2606 nus,
200 2568 294 2608 quod
315 2567 451 2600 Aeneas
476 2567 518 2600 ab
545 2569 646 2601 [talia
670 2573 837 2600 arceatur.

62 2641 186 2718 59323.
217 2641 263 2673 Et
288 2641 358 2673 iam
374 2641 464 2684 finis
487 2646 563 2674 erat
582 2660 619 2664 —
639 2652 742 2685 quum
768 2644 806 2673 cf.
830 2642 859 2681 3,

111 2744 186 2775 224.
220 2742 412 2775 l'elivolum
438 2748 539 2780 ..duas
562 2755 614 2775 res
635 2747 804 2783 significat,
831 2751 861 2775 et

63 2794 147 2827 qnod
170 2793 256 2821 velis
280 2794 410 2820 volatur
432 2792 451 2819 i.
475 2801 501 2820 0.
526 2796 718 2827 transeatur,
744 2797 776 2821 ut
801 2796 860 2822 1100

63 2840 134 2867 1000
159 2837 202 2873 [et
227 2839 320 2866 Lucr.
346 2837 377 2870 5,
407 2834 501 2865 1441.
550 2839 608 2865 Ov.
634 2839 722 2866 Pont.
749 2835 779 2873 4,
808 2836 857 2874 16,

66 2882 124 2919 21]
150 2888 179 2912 01
205 2885 285 2918 quod
312 2884 396 2912 velis
421 2885 526 2918 volat,
558 2888 591 2911 ut
614 2884 754 2917 Ennius,
787 2881 858 2913 Να-

63 2937 122 2958 ves
154 2926 340 2958 velivolas:
381 2929 434 2963 qui
469 2934 496 2957 01
528 2930 653 2963 proprie
678 2930 767 2958 dixit.
821 2932 858 2958 Et

63 2979 111 3003 est
144 2975 207 3003 ista
238 2975 402 3010 reciproca
437 2977 622 3009 metaphora
659 2975 794 3003 navium
830 2980 858 3004 et

64 3021 210 3050 avium*
264 3022 296 3049 S.
340 3020 379 3050 cf.
419 3018 456 3059 6,
493 3017 544 3049 16.
580 3035 618 3040 -
657 3017 859 3061 Respiciens

1625 901 1708 940 230

918 1065 1087 1101 „deorsum
1135 1063 1335 1097 adspiciens,
1386 1061 1467 1090 510111
1521 1058 1709 1100 suspiciens

919 1110 976 1144 (cf.
1011 1108 1095 1145 438)
1126 1117 1254 1137 sursum
1285 1107 1491 1142 adspiciens*b
1520 1110 1551 1135 S.
1608 1108 1709 1141 „Cum

917 1158 1082 1184 Moretano
1115 1155 1214 1190 primo
1241 1153 1407 1181 Leidensis
1439 1157 1542 1181 tuetur
1579 1150 1611 1183 l.
1644 1150 1707 1179 224

917 1199 1124 1240 dispiciens,
1156 1200 1237 1234 quod
1269 1199 1365 1228 ceteri
1394 1206 1502 1227 omnes
1531 1194 1706 1236 FMRybc.

915 1251 972 1276 etc.
1012 1252 1039 1275 et
1078 1245 1276 1283 grammatici
1313 1245 1346 1272 111
1383 1241 1574 1282 despiciens
1604 1248 1707 1272 muta-

915 1297 1008 1321 111111··
1057 1290 1119 1320 Ηὺ.
1195 1291 1305 1319 Potius
1356 1290 1471 1319 diceret
1516 1286 1707 1328 despiciens

918 1346 1029 1366 veram
1079 1338 1270 1372 scripturam
1313 1340 1493 1370 corruptam
1549 1343 1621 1363 esse
1674 1335 1707 1362 in

917 1380 1005 1423 disp.
1048 1399 1086 1402 —
1128 1386 1238 1412 terras
1283 1379 1433 1410 iacentes
1478 1381 1532 1410 ..iu
1578 1382 1707 1416 longum

915 1428 1103 1464 expositas‘'
1137 1431 1167 1457 S.
1201 1431 1376 1463 porrectas,
1411 1428 1526 1461 planas
1559 1424 1595 1460 3,
1631 1423 1705 1453 fiet).

916 1476 989 1504 Tac.
1034 1476 1072 1503 Η.
1120 1471 1153 1509 l,
1204 1472 1245 1501 &6
1297 1469 1427 1501 Tiberis
1474 1469 1625 1500 iacentia
1675 1474 1705 1499 et

913 1518 1024 1558 plana
1056 1517 1150 1548 urbis
1186 1517 1263 1547 loca
1301 1515 1469 1556 implevit.
1524 1518 1576 1546 sic
1610 1524 1706 1551 saepe

914 1568 997 1600 apud
1018 1568 1233 1600 geographum
1250 1565 1369 1592 Α1-1011,
1388 1564 1488 1592 deser.
1506 1568 1577 1591 terr.
1604 1572 1634 1591 1·.
1651 1560 1704 1590 39.

915 1610 988 1640 339.
1012 1610 1088 1640 525.
1137 1613 1187 1640 Ita
1213 1615 1319 1639 autem
1347 1607 1458 1638 iacere
1487 1610 1591 1637 omnis
1615 1609 1705 1637 vide-

912 1662 962 1686 tur
986 1662 1084 1691 terra,
1123 1659 1176 1686 vel
1209 1656 1345 1685 acclivis
1376 1662 1414 1683 ac
1442 1659 1628 1690 montuosa,
1665 1654 1704 1691 ei,

912 1704 966 1737 qui
990 1705 1027 1731 de
1051 1705 1139 1732 caelo
1164 1702 1308 1737 despicit,
1333 1705 1366 1730 ut
1387 1702 1551 1729 Phaethon
1573 1708 1623 1735 ap.
1644 1701 1702 1728 01.

910 1751 953 1776 Μ.
981 1747 1015 1781 2,
1043 1746 1104 1776 179
1133 1745 1288 1787 desperit
1312 1749 1422 1776 terras
1443 1743 1582 1786 penitus
1606 1743 1704 1785 peni-

908 1795 1030 1833 tusque
1056 1792 1214 1823 iacentes,

956 1838 1032 1868 225.
1063 1838 1138 1877 Sic,
1168 1844 1201 1867 ut
1223 1840 1307 1873 apud
1329 1840 1467 1867 Graecos
1492 1828 1610 1871 οὕτως
1634 1840 1705 1871 post

911 1886 1115 1920 participium
1152 1885 1349 1913 abundantia
1387 1884 1524 1918 quadam
1565 1882 1704 1916 positum

911 1936 968 1959 est.
1018 1931 1064 1960 Cf.
1094 1929 1130 1967 7,
1157 1929 1231 1958 668.
1257 1928 1293 1966 S,
1322 1927 1397 1958 488.
1439 1930 1522 1957 Flor.
1550 1925 1584 1961 l,
1609 1925 1646 1963 7,
1672 1925 1701 1955 7.

911 1977 1017 2004 simili
1040 1978 1130 2005 modo
1154 1973 1290 2011 deinde,
1317 1977 1386 2005 tum
1410 1979 1481 2010 post
1500 1974 1703 2009 participium

911 2022 947 2059 5,
976 2020 1026 2050 14.

956 2065 1031 2095 226.
1064 2064 1225 2096 Constitit
1254 2071 1287 2095 ut
1318 2066 1462 2095 homines
1487 2067 1588 2095 solent
1615 2064 1701 2100 cogi-

910 2113 1050 2141 tabundi.
1078 2128 1115 2132 —
1142 2109 1261 2152 regnis
1286 2109 1406 2150 defixit
1430 2111 1468 2140 cf.
1502 2109 1575 2139 193.

955 2156 1029 2185 227.
1062 2154 1179 2190 Tales,
1216 2159 1328 2191 quales
1352 2158 1459 2192 Libya
1492 2161 1520 2185 et
1552 2156 1700 2185 Troianis

907 2203 1086 2237 conspectis
1113 2202 1305 2230 oriebantur.
1334 2217 1370 2221 -
1392 2203 1473 2230 tales
1500 2199 1637 2230 iactans
1665 2197 1699 2229 in

905 2249 984 2277 coni.
1015 2245 1066 2276 Pl.

953 2291 1028 2321 228.
1054 2293 1180 2326 Venus,
1215 2292 1351 2327 pulchra
1373 2293 1447 2327 dea,
1482 2291 1642 2326 pulchrior
1667 2291 1697 2318 fit

906 2340 1035 2368 tristitia
1059 2343 1086 2367 et
1111 2338 1266 2367 lacrimis.
1285 2353 1322 2357 —-
1342 2334 1486 2375 suffusa
1509 2334 1624 2365 oculos
1645 2334 1697 2364 la-

908 2383 1023 2413 crimis
1048 2384 1086 2413 cf.
1112 2386 1170 2412 Ov.
1198 2386 1239 2411 Μ.
1270 2380 1305 2417 l,
1338 2380 1403 2410 484
1431 2378 1577 2420 pulchra
1603 2389 1696 2409 vere-

907 2428 1017 2459 cundo
1049 2427 1265 2468 suffunditur
1297 2436 1357 2456 ora
1391 2425 1521 2456 rubore.
1569 2428 1616 2455 De
1642 2434 1696 2455 ac-

906 2476 1053 2505 cusativo
1082 2483 1211 2511 graeco,
1243 2482 1333 2508 quem
1360 2474 1480 2509 dicunt,
1520 2473 1558 2501 cf.
1591 2475 1642 2501 Gr.
1673 2472 1695 2506 ς

905 2519 981 2550 304.

951 2564 1027 2595 229.
1057 2562 1266 2605 Alloquitur.
1343 2566 1598 2594 Consentaneum
1647 2568 1695 2591 est

904 2618 990 2642 1110111
1022 2612 1098 2648 angi
1128 2613 1300 2644 Venerem,
1340 2618 1438 2644 quum
1476 2610 1510 2638 in
1545 2609 1693 2637 hostilem

905 2659 1014 2687 videat
1054 2666 1130 2686 suos
1166 2657 1352 2691 pervenisse
1384 2660 1509 2684 terram.
1562 2655 1694 2683 Accedit

905 2706 1029 2732 Iovem.
1061 2703 1115 2737 qui
1139 2705 1207 2738 jam
1240 2702 1371 2738 cogitat,
1404 2702 1555 2736 quomodo
1582 2700 1691 2737 fatum,

905 2751 986 2784 quod
1011 2754 1076 2777 erat
1105 2750 1141 2776 de
1163 2749 1280 2780 Roma,
1314 2751 1453 2783 peragat.
1500 2748 1577 2775 Inde
1601 2747 1692 2775 datur

905 2795 1047 2827 occasio,
1083 2798 1115 2822 ut
1144 2794 1228 2822 filiae
1257 2800 1337 2821 suae
1357 2793 1496 2828 Iuppiter
1530 2793 1562 2820 id
1591 2791 1691 2821 fatum

902 2845 1052 2876 exponat.

951 2884 1025 2914 230.
1053 2880 1210 2914 Aeternis
1224 2879 1376 2921 imperiis
1389 2883 1622 2920 regitluppiter.
1658 2884 1690 2910 Is

905 2932 1020 2968 igitur,
1047 2930 1099 2965 qui
1121 2934 1167 2958 est
1190 2929 1404 2964 omnipotens,
1433 2930 1487 2963 11111
1514 2937 1603 2965 eum,
1635 2929 1689 2963 qui

904 2982 1014 3006 contra
1030 2980 1103 3010 stat,
1128 2975 1261 3004 fulmine
1278 2978 1379 3009 terret,
1403 2982 1441 3003 ne
1456 2975 1531 3009 quid
1549 2978 1688 3008 conetur,

904 3023 980 3058 quid
998 3022 1115 3051 timebit
1138 3023 1178 3050 ab
1197 3021 1326 3059 Aenea,
1350 3021 1477 3050 homine
1497 3020 1608 3057 debili,
1635 3020 1688 3055 qui
