2023 3350
115 236 250 290 Saepe
289 240 363 278 tuo
403 237 517 278 dulei
555 235 702 278 tristes
742 251 793 279 ex
836 252 909 280 ore
944 242 1175 281 recursent.

113 293 296 335 Ventum
328 294 381 336 ad
418 307 661 347 supremum
696 299 770 336 est.

113 351 320 393 Troianos
353 351 549 405 potuisti,

112 409 362 450 Deformare
394 408 565 449 domum
605 412 647 450 et
686 409 804 451 luctu
844 411 1020 453 miscere
1055 411 1330 465 hymenaeos:

110 466 298 508 Ulterius
339 468 505 507 tentare
537 469 644 507 veto.

110 523 180 565 Sic
217 523 298 564 dea
335 522 544 564 submisso
584 527 736 565 eontra
772 525 974 567 Saturnia
1010 525 1147 567 voltu:

107 582 197 622 Ista
235 579 406 633 quidem
450 580 551 634 quia
587 585 692 623 nota
729 582 832 623 mihi
870 586 962 634 tua,
1001 596 1170 635 magne,
1209 582 1417 634 voluntas,

106 637 314 691 Iuppiter,

354 641 396 679 et
435 637 622 680 Turnum
657 643 699 680 et
736 644 875 681 terras
909 640 1043 680 invita
1081 639 1250 692 reliqui.

104 695 193 736 Nec
232 698 280 736 tu
315 709 382 737 me
414 695 532 737 aeria
567 697 702 738 solam
743 711 854 738 nunc
892 696 991 738 sede
1025 696 1190 738 videres

104 752 245 806 Digna
280 751 458 806 indigna
496 754 608 807 pati:
647 754 720 795 sed
755 753 936 795 flammis
976 754 1118 795 cincta
1153 752 1232 795 sub
1268 753 1363 807 ipsa

103 809 273 851 Starem
311 810 420 861 acie,
457 811 759 864 traheremque
791 811 965 852 inimica
1004 813 1047 852 in
1082 811 1246 865 proelia
1280 812 1475 853 Teucros.

102 868 324 908 Iuturnam
357 868 533 919 misero,
571 869 728 919 fateor,
770 882 1019 909 succurrere
1056 867 1183 909 fratri

103 924 246 976 Suasi.
282 929 324 967 et
359 939 437 978 pro
471 926 560 966 vita
600 926 767 967 maiora
801 925 960 967 audere
996 925 1195 979 probavi;

101 982 197 1024 Non
229 985 278 1023 ut
310 983 398 1024 tela
438 986 597 1033 tamen,
637 997 722 1024 non
762 987 810 1024 ut
848 983 1125 1025 contenderet
1158 997 1326 1035 arcum,

100 1039 262 1081 Adiuro
303 1040 438 1094 Stygii
479 1043 608 1094 caput
645 1040 918 1094 implacabile
954 1041 1096 1086 fontis,

99 1097 196 1139 Una
231 1097 477 1150 superstitio
511 1098 676 1151 superis
709 1112 821 1151 quae
855 1098 1026 1140 reddita
1064 1099 1183 1140 divis.

98 1155 156 1196 Et
188 1169 299 1196 nunc
344 1154 447 1196 cedo
484 1155 681 1208 equidem
718 1170 971 1209 pugnasque
1009 1171 1139 1198 exosa
1178 1155 1389 1208 relinquo.

99 1211 212 1254 illud
250 1216 312 1264 te,
352 1213 473 1254 nulla
504 1213 585 1254 fati
627 1214 743 1267 quod
776 1214 869 1267 lege
903 1218 1085 1265 tenetur,

96 1270 179 1311 Pro
216 1270 340 1312 Latio
383 1269 594 1322 obtestor,
632 1285 711 1325 pro
752 1271 979 1313 maiestate
1016 1275 1210 1313 tuorum:

97 1328 236 1378 Quum
276 1327 363 1369 iam
402 1327 622 1370 connubiis
662 1343 811 1382 pacem
847 1328 1065 1380 felicibus,
1101 1332 1205 1380 esto,

98 1386 377 1439 Component,
415 1400 546 1440 quum
579 1386 665 1428 iam
701 1386 817 1440 leges
855 1390 897 1427 et
927 1386 1102 1427 foedera
1132 1386 1322 1440 iungent,

96 1443 160 1485 Ne
197 1446 319 1485 vetus
354 1443 577 1497 indigenas
615 1457 767 1485 nomen
805 1447 975 1484 mutare
1007 1443 1196 1494 Latinos,

95 1501 190 1543 Neu
228 1501 362 1543 Troas
397 1500 489 1542 fieri
524 1500 674 1542 iubeas
711 1501 983 1554 Teucrosque
1018 1500 1176 1551 vocari,

95 1560 183 1600 Aut
215 1572 361 1601 vocem
396 1562 564 1600 mutare
598 1559 730 1611 viros,
773 1561 851 1600 aut
887 1562 1054 1601 vertere
1091 1562 1262 1600 vestem.

698 122 935 158 AENEtnos
960 127 1044 159 ΜΒ.
1072 128 1151 160 Χιι.
1665 129 1745 169 629

830 296 971 338 Terris
1012 297 1178 350 agitare
1215 298 1279 340 ve]
1320 298 1446 341 undis

594 351 816 393 infandum
852 354 1084 395 accendere
1119 354 1288 407 bellum,

1658 414 1741 454 805

704 467 773 509 Sic
811 468 1005 522 Iuppiter
1042 482 1181 520 orsus3

1655 701 1738 740 810

1653 985 1736 1023 815

1650 1276 1735 1315 820

1650 1559 1733 1598 825

938 1736 1007 1763 delo
1040 1734 1079 1763 cf.
1107 1736 1157 1762 Gr.
1183 1734 1217 1769 §-
1243 1733 1318 1763 503.
1350 1750 1386 1755 ——
1417 1731 1568 1768 flammis
1600 1731 1733 1762 cincta:

92 1742 204 1774 neque
232 1730 279 1762 ad
316 1730 413 1763 sedes
444 1730 552 1763 victor
586 1731 744 1762 veherere
773 1736 892 1773 palor-

94 1787 182 1814 nas‚·
207 1787 310 1814 neque
334 1780 419 1808 enim
438 1788 493 1814 per
508 1787 618 1818 neque
632 1788 753 1808 novum
768 1780 891 1814 aliquid

95 1825 256 1861 adiicitur,
291 1826 347 1854 sed
370 1825 512 1854 eiusdem
537 1825 583 1854 rei
606 1833 683 1859 pars
708 1827 821 1854 altera.
849 1839 889 1845 —

96 1871 230 1906 Negatio
266 1872 356 1900 valet.
389 1871 486 1899 etiam
520 1871 553 1899 in
592 1873 693 1900 altero
725 1871 889 1900 enuntiato

96 1925 151 1952 per
187 1920 214 1945 el
250 1919 301 1945 vel
337 1924 401 1956 que
429 1917 578 1946 adiuncto
609 1917 647 1945 ef.
686 1926 715 1945 v.
741 1915 818 1945 824.
861 1915 891 1950 2,

96 1960 173 1991 534.
205 1959 254 1995 10,
273 1960 349 1990 610.
392 1963 483 1991 Adde
504 1963 596 1991 Hand
612 1964 704 1991 Turs.
729 1960 747 1989 2
767 1971 796 1997 ι).
812 1961 890 1990 536.

96 2007 214 2037 21..-
247 2006 314 2036 Nec
335 2011 384 2036 est
408 2009 440 2037 in
463 2011 511 2043 be,
537 2008 570 2036 in
594 2008 698 2047 MPZy
719 2012 767 2036 est
792 2016 834 2037 ne
858 2008 890 2036 in

96 2052 140 2083 Pl
176 2058 224 2082 est
257 2051 314 2087 ιιὶς
362 2051 445 2083 edat
475 2054 508 2082 in
541 2051 630 2083 Plbc
653 2062 703 2089 ap.
732 2055 835 2083 Dioni.
861 2059 890 2082 et

96 2103 186 2129 Serv.
213 2097 285 2128 edit.
310 2100 367 2128 sed
390 2100 608 2135 suprascripto
636 2108 655 2127 α
684 2101 740 2138 Py.
808 2100 891 2128 Hinc

100 2143 162 2174 Rb.
184 2147 238 2174 dat
270 2143 313 2172 M
339 2147 371 2174 te
396 2147 516 2174 tantus
542 2143 613 2174 edit
643 2150 670 2174 et
702 2145 794 2174 infert
825 2144 885 2174 801

95 2197 125 2221 et
150 2190 216 2219 ⁸02
244 2195 313 2226 post
339 2189 416 2228 832,
441 2192 527 2221 eiicit
552 2200 591 2220 ex
619 2194 678 2220 hoc
702 2193 780 2220 loco.

141 2246 219 2276 802.
247 2257 351 2276 curae
376 2250 575 2283 recursuum
602 2248 685 2277 idem
714 2245 743 2283 1,
769 2246 844 2276 662.

141 2302 218 2333 804.
241 2302 408 2344 potuisti:
434 2307 489 2334 sed
517 2305 580 2334 iam
606 2314 667 2334 non
693 2306 823 2340 poteris.
850 2322 886 2325 —

95 2348 283 2385 infandum
312 2348 450 2385 bellum.
483 2353 563 2385 quod
584 2357 632 2380 est
653 2352 777 2380 foedere
801 2356 890 2387 rupto

96 2401 222 2434 gestum
251 2400 278 2426 et
304 2398 387 2426 inter
410 2402 574 2433 cognatos.
624 2397 671 2426 cf.
699 2396 729 2430 2,
757 2397 785 2425 3.

141 2440 218 2470 8⁰⁵.
245 2440 443 2479 deformare
506 2440 643 2471 domum
700 2444 893 2480 „deformem

99 2489 229 2517 reddere
255 2497 310 2523 per
332 2486 474 2517 Ιιιοῑιιιιιιι
500 2491 534 2517 S.
549 2494 577 2517 et
593 2490 731 2518 Amatae
752 2490 893 2523 ignobile

97 2535 206 2563 let-um.
256 2535 310 2563 Sic
351 2531 517 2568 deformis
556 2535 576 2563 i.
619 2544 645 2563 e.
677 2537 893 2564 dehonestans

99 2577 198 2608 dolor
223 2587 273 2614 ap.
299 2581 376 2609 Luc.
407 2579 438 2615 8,
471 2578 524 2608 st.
575 2578 740 2614 deformis
773 2579 894 2621 aegri-

99 2623 216 2653 monia
240 2626 314 2654 Hor.
340 2627 396 2660 Ep.
434 2624 484 2661 13,
519 2624 570 2655 18.
617 2626 656 2655 cf.
687 2635 718 2655 v.
750 2626 826 2655 603.
852 2643 889 2647 -

99 2668 242 2699 miscere
255 2667 472 2709 hymenaeos,
497 2673 551 2706 qui
575 2672 639 2701 fato
657 2673 739 2703 fient.
762 2674 894 2702 Aeneae

100 2720 129 2746 et
149 2716 328 2752 Laviniae3
357 2713 451 2745 luctu
478 2717 499 2745 i.
525 2726 552 2746 e.
577 2722 676 2747 morte
702 2719 839 2748 aliorum
865 2724 894 2747 et

101 2763 250 2791 Amatae.

147 2806 224 2837 806.
253 2815 352 2835 orsus
378 2811 448 2842 post
472 2809 649 2838 orationem
674 2814 707 2838 ut
735 2808 766 2844 9,
793 2808 868 2837 656.

149 2852 226 2882 808.
259 2855 299 2881 Se
324 2853 465 2882 maxime
491 2855 686 2883 obedientem
716 2855 803 2891 fingit
828 2862 897 2884 tna-

104 2901 174 2934 r'tto,
197 2904 230 2928 ut
251 2907 334 2935 quae
358 2899 419 2928 sibi
445 2900 521 2934 petit
544 2905 747 2935 assequatur.

147 2944 224 2974 809.
257 2943 410 2973 'l'nrnnm
438 2943 565 2984 reliqui
594 2945 633 2974 cf.
657 2943 687 2979 9,
713 2944 778 2973 802
804 2954 850 2981 sq.

148 2988 224 3019 stt.
253 2988 367 3029 digna
398 2988 549 3030 indigna
580 2988 658 3030 pati
690 2992 829 3027 „omnia,
869 2997 899 3021 et

104 3037 350 3072 proverbialiter
383 3037 501 3066 dictum
533 3036 603 3066 est“
629 3039 661 3065 S.
710 3037 758 3066 De
795 3045 899 3073 asyn-

938 1780 991 1808 Dii
1032 1787 1148 1816 magno
1189 1782 1358 1815 splendore
1397 1780 1601 1809 divinitatem
1638 1786 1731 1807 suam

939 1827 1083 1862 produnt,
1127 1827 1269 1855 maxime
1302 1826 1332 1854 si
1377 1827 1459 1855 iram
1499 1833 1593 1855 suam
1618 1826 1731 1853 volunt

937 1873 1102 1900 ostendere
1125 1872 1163 1900 cf.
1189 1871 1222 1909 2,
1246 1870 1324 1900 616.

982 1927 1059 1957 512.
1086 1925 1255 1957 traherem
1304 1930 1384 1959 eta:

939 1975 1060 2009 proelio
1086 1982 1239 2011 pugnare.

982 2030 1058 2061 813.
1091 2029 1199 2060 Snasi
1239 2034 1302 2060 etc.
1342 2032 1382 2060 ad
1420 2039 1487 2059 rem
1515 2030 1554 2059 cs.
1592 2028 1653 2057 138
1681 2038 1729 2064 sq.

937 2076 1069 2107 suadeo
1096 2087 1121 2107 c.
1148 2078 1204 2106 inf.
1231 2082 1261 2106 et
1284 2085 1353 2106 aec.
1379 2081 1413 2105 ut
1437 2078 1471 2104 G.
1501 2075 1532 2114 4,
1556 2072 1632 2104 264.
1681 2075 1729 2104 Cf.

938 2122 967 2161 2,
995 2122 1047 2151 33.

983 2168 1059 2198 816.
1087 2166 1312 2209 implacabile
1336 2168 1564 2203 peierantibns.

983 2213 1059 2244 817.
1095 2212 1305 2255 Superstitio
1352 2215 1462 2243 eodem
1507 2214 1614 2248 modo,

938 2259 1066 2301 reliwio
1105 2269 1156 2296 ap.
1195 2261 1260 2290 Cic.
1303 2268 1350 2294 pr.
1388 2260 1459 2287 ΒΑ.
1485 2256 1525 2286 2-1
1559 2266 1729 2297 magnam

935 2304 1138 2347 religionem
1154 2302 1322 2355 possidet
1345 2307 1513 2344 paternus
1537 2306 1733 2332 maternus-

938 2362 1002 2391 que
1026 2349 1188 2391 santrm's
1220 2367 1257 2371 —
1292 2348 1434 2379 reddita
1463 2350 1503 2380 cf.
1529 2348 1559 2387 3,
1584 2346 1661 2377 717.
1689 2364 1726 2368 -

940 2400 986 2427 De
1008 2407 1040 2427 re
1064 2398 1102 2428 cf.
1131 2396 1162 2433 6,
1187 2396 1262 2426 324.

1431 1936 1575 1964 cogerem
1621 1928 1731 1962 iniquo

1669 2221 1730 2246 quo

985 2442 1061 2472 819.
1088 2445 1201 2473 Fatum
1224 2443 1339 2475 voluit,
1376 2443 1522 2471 Aeneam
1545 2442 1578 2470 in
1600 2440 1730 2469 ltaliam

940 2491 1051 2519 venire
1077 2491 1183 2525 ibique
1206 2497 1339 2525 regnum
1363 2489 1512 2522 condere·,
1556 2495 1617 2522 quo
1642 2487 1730 2514 inco-

938 2538 991 2565 lae
1018 2537 1145 2565 nomine
1170 2535 1365 2572 insigniendi
1383 2538 1491 2563 essent
1507 2533 1607 2564 siluit.
1632 2540 1731 2567 quare

940 2582 972 2610 in
998 2591 1034 2611 eo
1061 2586 1109 2611 est
1127 2582 1231 2610 libera
1256 2583 1383 2610 deornm
1409 2584 1561 2615 potestas,
1600 2582 1628 2607 et
1654 2586 1731 2607 con-

939 2629 1019 2657 cedit
1045 2628 1196 2663 Iuppiter,
1222 2632 1253 2655 ut
1276 2627 1398 2661 aliquid
1427 2626 1479 2654 fiat
1505 2629 1615 2655 contra
1637 2631 1729 2652 usum

941 2675 1095 2709 gentium,
1121 2674 1245 2703 scilicet
1269 2677 1303 2701 ut
1327 2673 1466 2701 victores
1492 2679 1612 2703 eorum,
1650 2677 1730 2703 quos

942 2720 1099 2753 vicerant,
1147 2728 1260 2748 nomen
1296 2723 1508 2747 assumerent.
1557 2717 1611 2745 Sic
1652 2717 1730 2742 Nor-

941 2766 1053 2795 manni
1077 2765 1152 2794 facti
1179 2769 1254 2793 sunt
1277 2764 1390 2800 Angli.

987 2809 1063 2839 820.
1090 2812 1239 2844 tuorum,
1280 2817 1355 2838 nam
1394 2816 1415 2836 a
1453 2810 1601 2837 Saturno.
1641 2805 1731 2834 Iovis

942 2861 1042 2893 patre,
1068 2856 1255 2885 Latinorum
1280 2863 1373 2891 reges
1394 2855 1511 2883 ducunt
1536 2852 1704 2889 originem.

989 2900 1065 2930 825.
1092 2902 1174 2930 Petit
1208 2910 1247 2929 ne
1277 2902 1435 2935 deponant
1466 2898 1575 2927 Latini
1606 2905 1730 2934 nomen,

942 2949 1098 2984 linguam,
1125 2947 1286 2975 vestitum.
1335 2948 1383 2974 Ita
1409 2946 1491 2979 quod
1517 2944 1636 2973 factum
1658 2951 1730 2972 esse

944 2999 1102 3028 narratur,
1122 2994 1250 3021 deorum
1273 2991 1501 3021 consultationi
1514 2991 1587 3026 Vgl.
1613 2989 1730 3018 tribuit.

945 3040 1031 3068 Bene
1055 3040 1085 3067 id
1110 3039 1254 3074 quidem;
1295 3044 1371 3066 nam
1399 3037 1468 3065 iure
1492 3036 1664 3073 quaeritur,
1701 3036 1730 3064 si
