2023 3350
249 133 302 172 (30
607 131 643 162 P.
669 128 862 162 VIRGILII
888 125 1096 161 MARONIS
1122 126 1351 161 AENEIDOS
1374 128 1460 160 LlB.
1486 128 1511 159 l.

342 251 375 276 ln
403 250 460 276 noc
484 248 565 275 libro
592 248 720 274 Aeneas
743 245 817 273 fatis
840 244 945 279 magis
972 251 1067 279 quam
1091 245 1183 274 factis
1207 247 1373 281 laudatur,
1408 245 1490 279 quod
1515 244 1558 272 dii
1584 243 1616 271 in
1641 252 1678 272 eo
1702 244 1864 273 servando

250 294 392 328 acclinati
426 297 514 323 sunt,
556 296 587 320 ιιι
618 291 790 325 aliquando
823 293 929 325 regnet
952 290 1136 326 Augustus;
1179 291 1290 319 deinde
1317 291 1386 325 ipse
1411 293 1563 318 constans
1588 289 1619 317 in
1646 290 1786 318 adversa
1805 289 1868 318 for-

250 345 324 367 tuna
357 338 490 367 suminis
521 337 669 365 laudibus
699 335 861 364 extollitur
893 342 911 363 a
944 335 1024 363 suis.
1073 336 1213 365 Tandem
1243 336 1312 371 ipse
1338 336 1448 371 prodit.
1498 336 1586 364 llaec
1612 334 1720 364 omnia
1742 336 1865 364 duobus

249 385 320 413 siunt
347 385 458 412 diebus
494 379 519 410 l.
552 379 701 409 1—305.
751 379 781 408 2.
808 377 1014 409 306—756.

843 476 1056 518 Excursus
1090 478 1145 520 ad
1174 493 1209 519 v,
1242 482 1278 520 2.

339 555 399 582 Diu
426 554 457 580 iu
483 551 574 579 editis
601 550 734 579 obtinuit
764 546 985 588 Lavinaque,
1013 551 1160 586 Heynius
1186 553 1268 581 dedit
1296 549 1462 587 Lauinia,
1484 552 1670 587 Wagnerus
1700 545 1869 578 Lavinia-

250 608 324 638 que.
372 600 466 633 Apud
487 597 633 625 Servium
658 599 736 624 llaec
759 596 920 629 leguntur:
951 591 1184 636 „Lavinaque
1207 595 1300 626 venit
1325 594 1448 631 litora;
1479 600 1558 626 haec
1583 596 1701 626 civitas
1726 595 1788 624 tria
1811 597 1870 623 ha-

251 647 314 674 buit
342 645 479 673 nomina.
529 644 607 670 Nam
632 642 769 675 primum
794 641 967 669 Lavinium
993 641 1109 670 dictum
1132 649 1152 671 a
1178 643 1333 678 Lavinio,
1364 643 1472 671 Latini
1497 643 1611 677 frati-03
1651 644 1763 676 postea
1782 641 1869 669 Lau-

251 696 372 719 rentum
396 697 415 717 a
437 691 543 723 lauro,
576 688 706 715 inventa
731 694 752 715 a
776 686 911 719 LatinO.v
937 687 1010 714 dum
1032 688 1143 722 adepto
1169 688 1301 723 imperio
1326 692 1395 723 post
1415 688 1525 717 fratris
1549 691 1682 717 mortem
1706 686 1870 715 civitatem

251 740 387 769 augeret.
437 735 551 762 Postea
582 733 755 761 Lavinium
785 739 806 760 a
831 731 988 767 Lavinia,
1027 740 1128 761 uxore
1152 734 1292 762 Aeneae.
1342 736 1423 769 Ergo
1455 730 1592 762 Lucina
1619 733 1786 768 legendum
1812 735 1871 768 est,

250 790 310 810 nou
337 777 507 814 Lavinia‚·
545 779 620 813 quia
653 782 722 813 post
753 778 925 805 adventum
954 778 1085 806 Aeneae
1109 779 1282 807 Lavinium
1304 787 1418 807 nomen
1446 779 1576 813 accepit.
1624 780 1660 806 Et
1690 781 1746 806 aut
1769 776 1871 805 Lavi-

250 835 324 855 nuin
351 825 455 854 debuit
482 824 603 858 dicere,
639 824 721 853 sieut
748 823 833 859 dixi,
879 827 933 851 aut
959 823 1185 853 Laurentui¹1“.
1234 825 1282 852 Ex
1312 824 1363 852 liis
1387 825 1496 852 verbis
1519 827 1598 853 llaec
1621 825 1681 852 duo
1705 825 1871 859 apparent,

251 873 387 907 primum
417 870 519 898 fuisse
544 879 580 899 eo
605 874 742 904 tempore
768 868 801 896 in
825 868 916 896 libris
939 869 1036 897 etiam
1063 866 1226 903 Lavinia,
1257 877 1319 897 non
1345 873 1466 898 tantum
1491 866 1643 906 Lavino,
1669 872 1700 897 et
1721 868 1868 897 Servium

251 920 309 947 lioc
336 916 504 952 praeferre,
531 916 666 945 sortasse
692 914 809 943 inferre
833 914 986 951 primum7
1008 922 1049 942 ex
1078 918 1247 949 praecepta
1272 921 1333 943 sua
1358 915 1495 950 ratione,
1519 915 1600 948 quod
1625 915 1774 948 temporis
1795 921 1867 948 pro-

253 964 369 998 lepsin,v
396 962 455 996 (cf.
479 963 518 990 ad
538 961 567 994 3.
588 960 639 997 6.)
666 960 856 994 saepissime
881 961 965 995 apud
989 960 1165 996 Virgilium
1187 960 1327 995 obviam,
1350 962 1409 989 hoc
1428 961 1496 989 loco
1518 960 1683 988 admittere
1703 967 1766 987 non
1790 960 1871 987 vult.

254 1009 372 1037 Deinde
397 1008 427 1036 id
451 1012 593 1042 apparet.
616 1007 816 1035 scribendum
839 1014 911 1034 esse
935 1012 1050 1039 supra:
1076 1013 1158 1034 nam
1184 1003 1333 1044 primum
1356 1002 1570 1034 Lauinum
1594 1002 1724 1033 dictum
1750 1012 1772 1033 a
1797 1000 1872 1032 La·

252 1052 369 1088 vino.v
396 1057 426 1082 ut
453 1061 535 1082 sana
556 1053 665 1081 verbis
689 1051 846 1079 sententia
873 1051 1065 1079 restituatur.
1114 1052 1233 1080 Nomen
1265 1055 1371 1080 autem
1399 1047 1570 1079 Lauinum
1596 1058 1660 1078 non
1680 1049 1762 1078 satis
1787 1052 1873 1079 certo

255 1102 322 1128 loco
347 1101 597 1133 demonstratum
628 1105 702 1126 nam
726 1097 888 1131 genitivus
916 1093 1043 1125 Lavini
1067 1097 1150 1125 Aen.
1177 1094 1205 1131 1,
1227 1094 1301 1125 258.
1328 1094 1402 1124 270.
1427 1098 1485 1125 Ov.
1510 1099 1584 1124 Met.
1611 1092 1663 1130 14,
1689 1092 1764 1123 728.
1801 1095 1870 1123 Tib.

252 1143 282 1181 1,
304 1144 335 1181 5,
360 1143 401 1173 49
432 1145 528 1173 etiarn
558 1151 578 1172 a
610 1140 792 1171 Lavinium
826 1146 908 1171 recte
940 1143 1118 1177 deducitur3
1157 1142 1325 1171 Iuvenalis
1357 1146 1464 1170 autem
1489 1143 1578 1171 locus
1611 1138 1661 1177 12,
1685 1138 1724 1168 71
1760 1138 1874 1179 Atque

252 1187 430 1219 novercali
455 1187 549 1218 sedes
570 1185 732 1228 praelata
760 1184 894 1216 Lavino
918 1187 1013 1215 etiam
1036 1184 1201 1225 Lavinio,
1227 1191 1259 1216 ut
1284 1188 1317 1216 in
1343 1188 1402 1216 fine
1425 1195 1555 1223 versus,
1585 1186 1721 1215 admittit
1745 1185 1803 1220 (cf.
1828 1187 1871 1213 M.

253 1239 283 1270 ς.
308 1233 378 1271 4.);
417 1240 445 1264 et
469 1243 487 1263 a
513 1235 661 1270 librario,
702 1233 755 1268 qui
781 1234 868 1269 leges
894 1241 1010 1261 versus
1035 1233 1212 1268 ignoraret,
1255 1229 1390 1261 Lavino
1414 1233 1539 1261 videtur
1562 1240 1633 1261 esse
1654 1231 1870 1260 substitutum.

256 1284 362 1316 Neque
382 1282 542 1309 adiectiva
570 1278 724 1309 Lavinas
754 1278 805 1312 (ut
831 1279 975 1313 Arpinas
1001 1279 1177 1307 Privernas
1201 1279 1279 1314 etc.)
1311 1282 1364 1307 aut
1393 1275 1566 1315 Lavinus,
1601 1284 1684 1312 quae
1705 1277 1778 1306 duci
1799 1283 1873 1312 pos-

255 1332 328 1355 sunt
355 1335 373 1355 a
397 1335 476 1356 voce
504 1322 695 1361 Lauinum,
732 1324 938 1358 reperiuntur.
988 1324 1110 1352 Unicus
1133 1326 1223 1353 locus
1246 1324 1421 1358 Propertii,
1448 1323 1503 1358 qni
1530 1326 1615 1352 hunc
1638 1326 1780 1351 nostrum
1799 1322 1874 1351 imi-

255 1378 338 1402 tatur
363 1370 392 1401 2.
419 1371 471 1406 25,
497 1369 539 1400 64
571 1369 733 1408 [actaque
762 1366 906 1397 Lavinis
939 1369 979 1403 (i.
1005 1378 1031 1397 e.
1057 1370 1228 1405 Laviniis)
1260 1366 1394 1398 moenia
1423 1365 1580 1397 litoribus
1608 1369 1642 1396 in
1670 1368 1800 1397 incertis
1825 1371 1875 1396 est

255 1424 284 1446 et
305 1428 344 1447 ex
366 1418 496 1454 Virgilii
520 1419 586 1446 loco
612 1416 851 1445 constituendus
875 1423 937 1443 non
961 1416 1047 1443 valet
1079 1416 1119 1443 ad
1149 1415 1234 1443 litem
1267 1415 1485 1443 dirimendam.
1536 1415 1654 1443 Contra
1681 1420 1763 1448 quae
1789 1413 1873 1441 iusto

252 1466 343 1493 modo
369 1465 564 1492 deducuntur
588 1470 608 1490 a
637 1458 840 1498 Lavinium,
875 1460 997 1489 scilicet
1028 1456 1197 1488 Lavinius
1223 1464 1253 1489 et
1282 1457 1502 1488 Lauiniensis
1528 1459 1709 1489 certissima
1731 1462 1804 1488 sunt
1835 1457 1872 1488 cf.

254 1511 310 1538 Sil.
342 1507 368 1538 1.
392 1507 433 1537 44
468 1508 679 1547 Sceptraque
698 1503 865 1543 fundarit
886 1502 994 1535 victor
1021 1502 1172 1533 Lavinia
1204 1502 1361 1540 '1'euc2-is;
1401 1507 1443 1534 al.
1474 1510 1502 1534 et
1531 1506 1635 1534 Varro
1663 1505 1702 1532 R.
1725 1505 1763 1532 R.
1797 1501 1828 1540 2,
1853 1501 1873 1531 4

252 1553 401 1594 „ltaque
425 1551 513 1594 quod
537 1548 768 1593 portenderit,
789 1549 923 1588 factum
953 1547 1057 1579 XXX
1080 1547 1193 1587 annis,
1221 1553 1258 1580 ut
1285 1547 1511 1579 Lauinienses
1537 1546 1752 1579 condiderint
1777 1546 1875 1588 oppi-

255 1598 335 1629 dum
357 1597 514 1628 Albam.“
544 1615 580 1618 —
607 1600 675 1627 Iam
699 1605 776 1625 vero
797 1605 893 1631 qutun
915 1593 1051 1624 Laviua
1075 1601 1102 1624 et
1123 1592 1274 1624 Lavinia
1298 1596 1394 1625 facile
1414 1596 1586 1631 permutari
1610 1595 1743 1632 possint,
1764 1595 1874 1631 magni

255 1651 302 1675 est
325 1646 489 1677 momenti.
517 1646 596 1679 quod
623 1643 745 1671 Gellius
773 1640 824 1678 10,
852 1639 903 1670 16.
937 1642 1042 1676 Quint.
1065 1638 1117 1677 11,
1141 1639 1171 1676 3,
1198 1639 1255 1677 37,
1289 1642 1343 1676 qui
1367 1644 1453 1671 hunc
1477 1649 1608 1670 versum
1631 1641 1781 1677 laudant,
1808 1647 1875 1679 que

256 1692 445 1726 particulam
469 1693 655 1725 agnoscunt.
704 1690 773 1717 Hac
797 1692 903 1716 autem
924 1688 1039 1721 copula
1062 1695 1142 1722 opus
1167 1691 1214 1715 est
1238 1690 1296 1716 hoc
1318 1689 1396 1721 loco,
1419 1694 1495 1715 nam
1519 1690 1566 1715 est
1591 1686 1780 1722 epexegesis
1805 1686 1825 1713 i.
1845 1694 1872 1714 e.

253 1738 361 1766 latiori
387 1737 505 1765 notioni
532 1735 699 1764 subiicitur
727 1734 843 1762 arctior
867 1737 894 1761 et
918 1732 1094 1770 angustior,
1119 1739 1182 1767 qua
1203 1733 1288 1767 prior
1309 1733 1492 1762 accuratius
1510 1732 1669 1768 definitum
1695 1731 1809 1766 quodsi
1831 1731 1873 1768 fit,

255 1787 338 1812 recte
363 1785 466 1811 locum
494 1784 586 1810 habet
610 1781 724 1814 copula
748 1779 785 1808 cf.
810 1776 860 1807 13.
887 1776 963 1806 554.
989 1776 1063 1806 569.
1097 1777 1127 1813 4,
1152 1776 1226 1806 236.
1252 1782 1310 1806 etc.

346 1831 455 1863 Itaque
481 1824 631 1855 Lavinia
657 1825 776 1853 omisso
797 1832 861 1863 qne
883 1824 1132 1859 improbandum,
1162 1827 1191 1851 et
1217 1832 1313 1858 quum
1342 1819 1481 1851 Lauina
1501 1824 1695 1852 vocabulum
1717 1830 1790 1851 esse
1814 1822 1873 1851 vix

256 1875 357 1909 possit
381 1873 635 1906 commonstrari„
673 1874 816 1904 superest
842 1866 1076 1907 Laviniaque,
1111 1870 1191 1903 quod
1223 1878 1264 1898 ex
1291 1869 1413 1897 ratione
1444 1869 1483 1897 ad
1516 1868 1547 1903 g
1575 1866 1628 1896 13.
1655 1868 1803 1902 exposita
1835 1869 1873 1898 ob

258 1926 390 1949 metrum
414 1924 513 1954 potest
540 1917 675 1952 probari.
724 1917 791 1944 Iam
818 1919 913 1943 restat
944 1919 976 1942 ut
1003 1914 1164 1950 dicamus,
1201 1915 1276 1948 quid
1304 1917 1383 1942 Mss.
1416 1916 1596 1948 praebeant.
1645 1914 1732 1947 Quod
1756 1921 1797 1942 ex
1821 1913 1873 1949 iis,

257 1974 339 2000 quae
365 1972 463 2000 supra
487 1965 638 1998 diximus.¹
659 1962 821 1997 probabile
847 1965 903 1996 est,
928 1960 1023 1988 etiam
1050 1960 1198 1988 Servium
1221 1960 1355 1995 legisse:
1386 1956 1603 1997 Laviniaque
1623 1962 1727 1987 exstat
1750 1959 1783 1987 in
1809 1966 1873 1987 uno

254 2013 351 2046 libr0‚
389 2012 422 2039 in
454 2012 495 2038 M.
528 2013 575 2037 est
611 2004 809 2037 Lavinia:-
845 2006 944 2041 (quod
969 2009 1014 2033 est
1039 2005 1165 2041 signum
1189 2006 1342 2041 litltrae]‚
1382 2005 1498 2039 reliqui
1528 2005 1603 2033 dant
1637 2001 1789 2033 Lavinia
1819 2007 1875 2032 aut

259 2055 482 2095 Lavinaque7
519 2059 587 2083 orta
608 2057 687 2083 haec
712 2062 729 2082 e
749 2053 868 2090 studio,
905 2060 965 2086 quo
991 2050 1103 2079 versui
1123 2055 1156 2079 ιιι.
1180 2051 1347 2079 videbatur
1369 2050 1528 2079 laboranti
1552 2050 1678 2079 librarii
1701 2049 1875 2079 subvenire

251 2104 430 2139 cupiebant.
