2023 3350
240 100 323 140 556
786 97 821 127 1‘.
849 97 1045 131 V1RG1L11
1074 100 1286 134 MARONJS

233 212 514 262 Quamquam,
548 220 590 257 o,
629 207 663 247 si
699 206 853 248 solitae
890 209 1124 263 quidquam
1159 214 1329 257 virtutis
1364 215 1545 268 adesset,
1575 239 1632 246 -—-
1776 219 1858 258 415

232 269 308 309 1116
343 266 444 307 1111111
481 267 580 305 ante
615 264 724 305 alios
760 264 1090 328 fortunatusque
1126 269 1334 324 laborum,

232 327 294 372 Ε
284 338 357 373 rfre
348 323 523 375 iusque
554 321 706 372 animi,
744 321 834 375 qui,
872 336 925 364 ne
961 324 1065 376 quid
1096 326 1182 367 tale
1219 329 1393 381 vider,et

232 359 463 422 Procubuit
496 378 680 419 1110116113
716 382 759 420 et
793 378 968 421 humum
1006 383 1136 423 semel
1174 397 1247 425 ore
1280 364 1520 429 moniotdit.

231 439 303 480 Sin
343 440 385 478 et
421 450 521 489 opes
561 435 684 476 nobis
724 439 767 477 et
803 436 943 478 adhuc
975 438 1139 481 intacta
1177 440 1385 496 iuventus,

231 494 483 547 Auxilioque
520 492 647 534 uibes
680 492 818 535 Italae
849 496 1081 549 populique
1119 503 1362 552 supersunt3
1775 503 1859 543 420

229 553 301 593 Sin
338 556 380 593 et
413 550 606 592 Troianis
641 564 735 591 cum
771 552 906 593 multo
949 553 1087 605 gloria
1123 555 1239 596 venit

229 609 463 662 Sanguine.
491 632 550 639 —
578 611 677 649 sunt
711 608 797 650 illis
833 623 910 651 sua
946 610 1119 663 funera,
1157 626 1320 666 paique
1356 627 1434 667 per
1471 592 1614 658 01111163

226 667 473 720 Tempestas
500 690 555 695 —
586 679 662 707 eur
695 665 917 709 indecores
956 668 1001 709 in
1038 645 1182 711 limine
1216 670 1354 723 primo

224 723 485 765 Defieimus‘?
522 737 598 764 cur
633 726 732 765 ante
772 723 921 765 tubam
958 729 1120 768 tremor
1160 731 1344 782 occupat
1377 728 1527 769 artus?

225 781 364 822 Multa
400 781 490 823 dies
526 780 719 834 variique
754 781 878 823 labor
916 783 1135 826 mutabilis
1173 785 1267 826 aevi
1773 789 1856 827 425

224 839 407 887 Rettulit
438 839 482 880 in
518 838 685 890 melius;
724 838 883 882 multos
920 840 1089 883 alterna
1127 842 1314 884 revisens

224 897 347 938 Lusit
385 899 427 938 et
462 896 507 937 in
546 895 681 937 solido
714 911 862 939 rursus
897 897 1089 941 Fortuna
1125 899 1296 942 locavit.

224 955 319 995 Non
361 954 442 995 erit
475 953 633 995 auxilio
668 953 790 996 nobis
826 955 1004 997 Aetolus
1038 960 1080 998 et
1113 957 1237 1011 Arpi:

223 1013 280 1052 At
319 1012 541 1065 Messapus
579 1011 682 1063 eiit,
719 1010 906 1066 felixque
939 1013 1208 1067 Tolumnius,
1248 1016 1293 1056 et
1329 1027 1438 1067 quos

223 1069 303 1110 Tot
340 1069 490 1123 populi
528 1069 680 1110 misere
718 1069 869 1112 duces:
905 1084 982 1113 nec
1018 1085 1152 1125 parva
1186 1074 1388 1127 sequetur
1772 1071 1856 1111 430

222 1126 371 1168 Glmia
409 1126 595 1168 delectos
636 1126 760 1168 Latio
798 1130 841 1169 et
877 1128 1162 1172 Laurentibus
1202 1129 1329 1183 agris.

222 1185 301 1225 Est
343 1188 385 1226 et
422 1184 675 1226 Volscorum
715 1185 887 1239 egiegia
926 1186 979 1228 de
1014 1190 1138 1240 gente
1178 1185 1369 1237 Camilla,

220 1242 383 1295 Agmen
423 1255 553 1295 agens
587 1241 777 1294 equitum
814 1246 856 1284 et
893 1242 1093 1286 fiorentes
1129 1259 1229 1287 aere
1268 1247 1474 1287 catervas.

222 1300 381 1351 Quodsi
419 1313 486 1342 me
522 1298 658 1341 solum
695 1300 845 1342 Teucri
878 1300 922 1342 in
958 1303 1194 1345 certamina
1228 1304 1422 1357 poscunt,

217 1472 354 1504 inertes.
402 1474 462 1504 His
501 1475 613 1504 verbis
650 1477 705 1504 vel
735 1476 793 1504 illa
822 1476 1008 1505 conditione

218 1521 372 1554 flagitium
397 1529 434 1549 se
454 1525 568 1556 putare
595 1522 726 1558 indicat,
752 1528 865 1557 pacem
883 1527 1008 1560 petere,

216 1572 248 1604 et
275 1567 411 1602 erumpit
436 1567 534 1595 animi
567 1567 639 1596 eius
663 1568 801 1598 affectus
829 1568 862 1596 in
887 1570 1007 1597 verba:

217 1620 428 1651 quamquam
450 1621 468 1641 o
494 1610 523 1641 si
547 1618 626 1641 etc.:
654 1613 683 1641 si
707 1621 770 1642 non
796 1613 881 1641 omni
914 1621 1008 1642 care-

216 1665 327 1686 remus
365 1658 502 1694 virtute,
538 1665 737 1686 moreremur
774 1659 894 1692 potius.
943 1660 1008 1687 Sed

217 1705 290 1731 dum
318 1703 448 1739 profert,
473 1703 571 1732 sentit
588 1705 670 1732 haec
686 1704 760 1732 aliis
776 1704 871 1732 nimis
887 1706 1008 1733 acerba

216 1749 326 1777 visum
363 1749 413 1777 iri.
460 1750 574 1783 Itaque
612 1750 770 1783 apodosin
813 1749 1004 1785 supprimit,

216 1795 302 1822 addit
336 1796 432 1823 modo
462 1802 523 1822 suo
560 1794 686 1829 quidem
718 1794 838 1823 iudicio
875 1797 1005 1824 beatum

216 1848 311 1877 esse,
351 1840 403 1875 qui
433 1840 639 1877 occubuerit,
681 1844 855 1874 antequam
881 1842 920 1869 de
946 1842 1006 1869 de-

213 1886 333 1914 ditione
380 1886 468 1915 facta
515 1886 557 1914 sit
608 1886 770 1920 quaestio.
840 1888 890 1915 Ita
933 1891 1006 1922 post

213 1939 426 1971 queamquam
450 1940 468 1960 ο
491 1931 704 1967 aposiopesis
732 1935 781 1961 est
806 1931 845 1961 cf.
870 1932 902 1967 5,
929 1932 1002 1961 195.

212 1981 244 2006 et
274 1985 316 2006 ex
340 1981 502 2007 commoto
527 1978 634 2006 animo
659 1982 748 2006 recte
773 1978 957 2006 admittitur.

258 2043 334 2074 416.
369 2041 457 2073 Mihi
476 2049 527 2073 est
552 2045 735 2075 fortunatus
759 2045 779 2074 i.
806 2053 834 2074 6.
857 2054 929 2074 11160
950 2046 1002 2074 iu·

213 2091 309 2126 dicio,
338 2087 405 2118 mir
429 2087 498 2131 gili
523 2099 579 2126 er,·
605 2092 737 2126 propria
760 2092 862 2120 dativi
885 2092 927 2120 vi.
954 2091 1000 2121 ef.

211 2138 248 2164 Ε.
274 2136 305 2172 3,
341 2134 415 2164 104.
464 2139 543 2171 Nep.
572 2137 672 2172 praef.
701 2134 750 2166 Hi
781 2134 812 2165 si
840 2134 1003 2166 memine-

211 2179 282 2210 rint
312 2189 381 2209 non
413 2179 532 2211 eadem
572 2180 728 2212 omnibus
756 2190 828 2211 esse
858 2179 1003 2212 honesta

210 2229 315 2266 atque
344 2225 475 2266 turpia.
524 2243 568 2248 —
598 2227 810 2266 fortunatus
835 2225 1004 2265 laborum,

211 2274 251 2301 de
276 2280 348 2307 gen.
375 2272 416 2301 cf.
447 2272 474 2311 1,
504 2272 553 2302 14.

253 2328 329 2358 418.
356 2327 477 2364 semel,
509 2327 637 2359 einmal
654 2329 722 2369 fiir
744 2328 905 2367 allemal,
931 2339 1002 2360 cum

208 2375 242 2404 vi
267 2375 506 2410 pronuntiatum
529 2376 561 2404 in
594 2384 646 2413 re,
687 2384 706 2405 a
737 2385 801 2412 qua
824 2385 1002 2412 regressus

208 2429 273 2449 non
294 2427 355 2457 est,
380 2426 411 2449 et
434 2429 518 2455 quae
545 2422 594 2450 bis
621 2431 685 2451 non
704 2422 744 2451 tit.
787 2424 884 2458 Prop.
900 2422 931 2461 4,
949 2422 1001 2461 11,

208 2464 227 2496 3
265 2463 378 2504 Quum
409 2464 512 2495 semel
546 2465 704 2503 infernae
736 2465 914 2497 intrarunt
938 2467 1002 2506 fu-

206 2520 292 2540 nera
318 2510 424 2553 leges.
447 2514 523 2541 Hor.
557 2514 592 2542 C.
620 2513 647 2550 l,
675 2512 729 2549 34,
756 2513 806 2542 16.
850 2529 894 2533 —
932 2523 1000 2542 me—

207 2554 335 2587 mordit
363 2557 406 2586 Pl
436 2566 502 2587 rec.
535 2556 595 2587 Hb.
617 2557 800 2588 momordit
814 2559 1001 2599 mpienybc.

275 2614 329 2642 20.
365 2612 470 2644 Urbes
492 2612 623 2644 Italae.-
664 2618 733 2644 Hoc
757 2616 848 2651 dicit3
890 2618 999 2646 Habe·-

206 2668 279 2689 mus
303 2662 401 2689 robur
423 2663 550 2699 Italum,
570 2670 633 2690 non
660 2664 822 2691 Graecum
853 2662 998 2700 militem,

207 2707 290 2734 Italo
317 2706 514 2736 inferiorem.

251 2761 327 2790 421.
353 2763 497 2792 Victoria
525 2764 675 2793 Troianis
701 2766 802 2793 mutto
834 2765 996 2799 sanguine

207 2812 298 2841 parta
323 2813 384 2846 est,
406 2809 515 2844 itaque
543 2813 574 2837 et
599 2810 620 2838 ii
645 2810 812 2839 debilitati.

251 2862 325 2892 423.
352 2862 387 2893 in
413 2863 655 2905 limineprimo
681 2875 727 2895 sc.
754 2867 830 2895 belli
851 2867 996 2896 animum

207 2909 399 2946 abiicimus;
438 2909 590 2950 Deficere
618 2916 649 2940 ut
679 2911 757 2940 231.
799 2911 851 2950 12,
874 2913 905 2941 2.
929 2914 997 2943 Cic.

207 2955 246 2981 ad
270 2955 334 2983 ΑΗ.
367 2955 396 2990 l,
424 2956 476 2991 16,
499 2956 520 2985 9
544 2965 586 2986 ne
605 2965 676 2986 una
705 2954 821 2998 plaga
853 2961 996 2997 accepta

205 3001 323 3038 patres
349 2999 534 3043 conscripti
560 3000 793 3040 conciderent,
817 3012 860 3033 ne
875 3001 999 3044 defice-

1054 1480 1152 1513 rent‚·
1189 1483 1220 1507 et
1248 1479 1373 1508 caesar
1403 1477 1551 1513 saepius.
1576 1491 1619 1495 ——
1643 1471 1762 1504 animo
1788 1472 1849 1504 de-

1045 1522 1155 1563 ficere
1179 1525 1245 1554 Cic.
1274 1526 1342 1553 RA.
1367 1521 1398 1552 4.

1098 1578 1174 1610 424.
1201 1583 1283 1611 aitte
1302 1578 1434 1617 tubam,
1459 1579 1500 1608 cf.
1521 1577 1552 1616 4,
1575 1577 1653 1607 663.

1100 1636 1177 1666 425.
1199 1639 1302 1666 Multa
1322 1641 1353 1666 et
1379 1642 1508 1671 tempus
1537 1633 1633 1672 (dies
1650 1635 1690 1664 cf.
1708 1634 1740 1672 6,
1759 1633 1845 1670 745]

1054 1687 1083 1711 et
1114 1683 1188 1711 aevi
1222 1683 1387 1711 mutabilis
1421 1682 1563 1711 variatio
1601 1681 1743 1710 correxit
1772 1680 1845 1717 (re-

1053 1725 1135 1756 tulit
1160 1725 1194 1756 in
1215 1726 1376 1763 melius];
1405 1732 1434 1756 et
1464 1727 1645 1756 viceversa
1664 1725 1845 1762 (alterna)

1048 1772 1197 1810 fortuna
1230 1775 1292 1802 hos
1329 1770 1413 1802 lusit
1442 1772 1557 1801 felices
1591 1770 1746 1801 revisens
1781 1772 1847 1808 [ita.

1045 1817 1196 1857 fortuna
1224 1816 1346 1848 revisit
1375 1816 1413 1855 3,
1445 1815 1520 1847 318.
1552 1822 1583 1845 et
1613 1819 1650 1846 Ε.
1677 1817 1706 1854 1,
1730 1815 1776 1845 28
1802 1815 1844 1846 li-

1050 1862 1164 1893 bertas
1189 1872 1277 1904 quae
1298 1872 1374 1893 sera
1390 1866 1508 1893 tamen
1520 1860 1669 1903 respexit
1682 1860 1848 1899 inertem,-

1051 1907 1171 1940 ludere
1213 1919 1271 1946 pro
1321 1911 1476 1939 deludere
1520 1908 1561 1938 cf.
1596 1908 1627 1946 1,
1663 1907 1768 1944 407);
1801 1925 1845 1929 —-

1049 1958 1111 1984 hos
1137 1953 1172 1984 in
1197 1953 1309 1984 solido
1334 1963 1456 1984 rursus
1481 1951 1610 1984 locavit
1636 1955 1658 1984 i.
1686 1963 1715 1983 e.
1740 1954 1772 1983 in
1795 1955 1845 1984 in—

1049 2007 1174 2037 tegrum
1199 2002 1348 2031 restituit.
1382 2017 1420 2021 —
1451 1997 1566 2030 Labor
1591 1997 1671 2029 aevi
1694 2005 1744 2029 est
1769 2008 1845 2035 per-

1049 2052 1167 2083 petuus
1204 2048 1259 2076 ille
1298 2051 1406 2076 motus
1448 2046 1541 2083 aevi,
1585 2047 1638 2080 qui
1677 2053 1842 2080 nunquam

1050 2098 1174 2123 cessat.
1224 2093 1277 2122 sic
1304 2100 1356 2128 ap.
1385 2094 1445 2121 Ov.
1474 2095 1550 2121 Met.
1585 2091 1637 2129 15,
1671 2089 1735 2120 179
1763 2088 1843 2131 ipsa

1050 2147 1184 2179 quoqne
1210 2135 1353 2168 assiduo
1375 2135 1542 2167 labuntur
1565 2139 1721 2177 tempora
1734 2140 1841 2168 motu.

1050 2186 1164 2215 Claud.
1188 2185 1221 2213 in
1242 2186 1329 2213 Eutr.
1356 2183 1385 2221 1,
1409 2182 1475 2212 287
1496 2180 1555 2212 Nil
1578 2179 1666 2211 adeo
1681 2180 1842 2220 foedum,

1051 2228 1142 2270 quod
1168 2239 1236 2259 non
1262 2232 1386 2259 exacta
1412 2230 1568 2258 vetustas
1593 2225 1742 2257 ediderit
1768 2226 1843 2258 lon-

1050 2273 1158 2315 ¹{itique
1187 2273 1284 2304 labor
1314 2272 1519 2304 commiserit
1545 2271 1707 2303 aevi.‘—-
1733 2277 1842 2310 Saepe

1051 2323 1137 2350 bona
1159 2321 1291 2350 fortuna
1314 2322 1345 2350 in
1378 2322 1518 2355 malam,
1553 2321 1640 2349 mala
1663 2321 1695 2349 in
1721 2323 1838 2350 honam

1049 2369 1202 2401 vertitur-3
1240 2375 1338 2400 auare
1364 2374 1528 2400 nunquam
1563 2371 1745 2396 excusatur
1768 2366 1841 2395 ani-

1049 2421 1133 2442 mum
1167 2413 1345 2442 demittere.
1386 2427 1423 2432 ·-
1462 2408 1556 2440 varii
1578 2411 1690 2441 MlPR
1718 2411 1841 2443 varius

1048 2458 1124 2498 Mey
1153 2467 1219 2487 rec.
1252 2456 1312 2487 Hb.

1091 2504 1166 2533 429.
1192 2501 1279 2539 felix
1310 2501 1381 2533 Tol.
1407 2504 1461 2538 qui
1485 2511 1582 2538 quum
1607 2511 1714 2539 augur
1736 2509 1839 2543 esset,

1044 2550 1077 2578 in
1102 2552 1220 2579 bellum
1245 2558 1310 2580 non
1331 2550 1427 2586 isset,
1464 2550 1550 2584 quod
1572 2550 1671 2579 sciret
1696 2550 1765 2579 fore
1788 2551 1837 2580 in-

1045 2595 1125 2624 felix
1160 2593 1219 2625 Fb.
1245 2591 1408 2630 explicat:
1450 2594 1570 2625 florens
1613 2596 1740 2630 opibus
1783 2594 1835 2628 Pl.

1045 2642 1130 2670 coni.
1149 2639 1258 2679 fidus.
1307 2641 1411 2676 Quid?
1436 2643 1516 2670 Num
1541 2642 1641 2670 ceteri
1661 2642 1768 2671 infidi?

1089 2686 1166 2716 433.
1191 2687 1274 2716 tuem
1305 2694 1336 2715 v.
1362 2688 1393 2724 7,
1415 2685 1493 2716 804.

1088 2730 1165 2762 434.
1194 2729 1326 2770 Quodsi
1367 2732 1527 2767 particula
1560 2733 1703 2762 maxime
1726 2734 1836 2769 logica

1043 2786 1108 2807 non
1146 2778 1272 2806 videtur
1298 2782 1374 2813 apta
1405 2787 1484 2808 esse
1512 2779 1730 2814 carminibu83
1774 2781 1833 2809 sed

1043 2824 1198 2853 Horatius
1222 2824 1327 2853 intulit
1351 2826 1404 2852 vel
1430 2824 1556 2862 lyricis,
1581 2825 1613 2854 in
1637 2824 1753 2859 quibus
1777 2826 1835 2854 de—

1043 2870 1112 2898 cies
1135 2869 1262 2904 septies
1281 2879 1319 2899 se
1339 2870 1465 2905 legisse
1483 2870 1623 2899 meminit
1647 2870 1834 2900 Ditlenhur-

1043 2923 1118 2951 ger;
1147 2923 1246 2950 quare
1272 2924 1336 2945 non
1359 2916 1527 2954 miramur,
1553 2916 1582 2945 si
1604 2917 1676 2949 vgt.
1699 2916 1732 2944 in
1758 2924 1832 2946 ora-

1043 2961 1147 2998 tione,
1186 2968 1270 2995 uuae
1305 2962 1446 2991 maxime
1476 2961 1676 2996 argumentis
1711 2961 1832 3001 nititur,

1043 3014 1084 3036 ea
1109 3007 1269 3043 particula
1294 3014 1376 3038 usus
1403 3011 1463 3037 est.
1507 3007 1560 3036 sic
1577 3005 1609 3044 6,
1637 3004 1712 3036 133.
