2023 3350
237 142 316 181 180

807 136 843 168 P.
870 135 1063 170 V1RG1L11
1088 136 1301 172 MARONIS

232 252 330 305 Ipse
370 249 481 304 iugis
520 247 676 303 Cynthi
715 246 928 301 graditur,
967 249 1173 303 mollique
1208 250 1410 293 fluentem

232 306 401 350 Fronde
440 306 598 360 premit
637 305 798 346 crinem
836 304 1001 358 fingens
1038 309 1168 360 atque
1205 308 1400 362 implicat
1436 320 1564 360 aur03

233 365 334 406 Tela
371 366 525 405 sonant
559 362 770 404 humeris:
808 362 927 404 haud
964 362 1039 405 illo
1077 364 1248 417 segnior
1280 365 1373 409 ibat

231 424 415 471 Aeneas;
458 422 631 461 tantum
667 420 839 473 egregio
881 420 1013 461 decus
1049 421 1182 462 enitet
1226 435 1311 464 ore.

1797 422 1878 461 150

232 479 464 531 Postquam
501 477 613 518 altos
647 480 821 518 ventum
851 476 896 519 in
928 481 1098 519 montes
1140 481 1270 531 atque
1304 479 1420 522 invia
1449 479 1602 530 lustra,

232 536 343 576 Ecce
384 534 523 585 ferae,
566 534 661 575 saxi
692 534 884 577 deiectae
920 535 1097 586 vertice,

1151 549 1307 589 caprae

235 593 473 633 Decurrere
509 591 640 645 iugis,
687 592 774 633 alia
809 591 862 633 de
899 595 1024 646 parte
1056 595 1254 646 patentes

232 649 547 691 Transmittunt
588 662 715 690 cursu
751 663 926 703 campos
965 653 1097 703 atque
1139 651 1312 704 agmina
1354 650 1468 692 cervi

232 705 532 748 Pulverulenta
566 706 670 759 fuga
702 706 944 760 glomerant
975 710 1230 760 montesque
1264 708 1527 762 relinquunt.

1798 708 1877 747 155

234 765 289 806 At
322 777 429 818 puer
466 764 675 805 Ascanius
710 764 862 806 mediis
895 765 939 806 in
975 764 1161 806 vallibus
1197 765 1288 807 acri

233 821 403 863 Gaudet
440 834 572 873 equo;
618 821 791 875 iamque
824 822 903 864 hos
941 836 1090 874 cursu,
1134 822 1221 864 iam
1257 822 1469 876 praeterit
1506 821 1618 873 illos,

234 879 597 932 Spumantemque
634 878 730 920 dari
768 893 930 933 pecora
965 880 1079 921 inter
1112 880 1270 922 inertia
1303 880 1414 921 votis

235 936 370 990 Optat
410 949 580 989 aprum,
624 940 702 977 aut
742 936 906 978 fulvum
944 937 1201 979 descendere
1239 941 1385 979 monte
1419 937 1598 979 leonem.

347 993 520 1035 Interea
555 1007 710 1046 magno
749 995 919 1036 misceri
959 1009 1177 1037 murmure
1217 995 1382 1037 caelum

1797 994 1880 1033 160

236 1051 413 1104 Incipit,
454 1050 696 1104 insequitur
732 1053 965 1094 commixta
1003 1053 1213 1106 grandine
1249 1052 1431 1094 nimbus.

236 1109 292 1150 Et
323 1107 440 1162 Tyrii
480 1109 657 1149 comites
700 1110 863 1162 passim
904 1114 946 1152 et
980 1110 1170 1152 Troiana
1206 1110 1404 1152 iuventus

235 1165 569 1219 Dardaniusque
602 1179 736 1219 nepos
777 1167 957 1209 Veneris
999 1167 1169 1209 diversa
1207 1181 1285 1222 per
1320 1179 1449 1220 agros

235 1223 367 1264 Tecta
400 1226 518 1264 metu
557 1223 739 1276 petiere,
784 1228 918 1266 ruunt
958 1223 1011 1266 de
1051 1224 1270 1266 montibus
1310 1237 1470 1266 amnes.

236 1280 492 1334 Speluncam
530 1279 642 1321 Dido
685 1280 771 1321 dux
808 1285 851 1323 et
882 1282 1091 1330 Troianus
1129 1281 1309 1324 eandem

544 1337 690 1379 Prima
723 1342 765 1380 et
801 1338 942 1381 Tellus
981 1343 1024 1381 et
1059 1339 1258 1394 pronuba
1294 1340 1400 1381 Iuno

234 1337 486 1379 Deveniunt.

287 1497 360 1529 147.
389 1500 509 1536 Cynthi
533 1502 673 1538 „montis
693 1500 797 1531 Deli.“
821 1505 852 1531 S.
883 1518 919 1523 —-
952 1500 1034 1532 Fin-

236 1543 293 1586 git
337 1543 484 1582 crinem
531 1554 606 1576 nam
652 1547 685 1576 in
726 1549 875 1578 omnibus
917 1549 1035 1578 statuis

237 1592 404 1626 Apollinis
444 1591 549 1621 crines
582 1593 732 1622 videmus
768 1598 917 1623 accurate
946 1595 1034 1624 fictos

239 1641 269 1665 et
304 1638 515 1673 compositos,
552 1643 675 1668 coercet
714 1644 821 1668 autem
854 1641 975 1669 crinem
1005 1644 1035 1669 et

238 1682 364 1719 fronde,
410 1684 523 1721 lauro,
562 1688 593 1712 et
626 1684 805 1714 diademate
841 1693 950 1714 aureo.
994 1701 1031 1705 -

240 1724 433 1765 Fluentem,
460 1725 649 1757 wallenrles
673 1727 789 1768 Haar,
814 1735 848 1759 ut
870 1738 920 1766 ap.
939 1732 1034 1765 Prop.

237 1771 268 1810 2,
294 1770 323 1810 2,
350 1771 391 1800 25
422 1781 483 1802 uec
515 1771 557 1802 cle
591 1782 685 1803 more
716 1783 832 1804 comae
853 1784 916 1816 per
941 1773 1034 1805 levia

236 1814 326 1847 colla
341 1815 505 1856 fluentes.
554 1819 600 1848 Cf.
636 1816 669 1856 1,
698 1818 762 1848 320
794 1823 902 1850 vestes
917 1819 1035 1860 fluen-

237 1865 297 1892 tes.
346 1864 439 1892 Adde
464 1865 502 1892 de
524 1865 692 1899 Apollinis
715 1867 862 1895 caesarIe
886 1874 968 1902 quae
994 1869 1034 1896 ad

238 1906 268 1945 1,
289 1906 364 1937 590.
396 1909 506 1938 Minus
527 1914 636 1944 aptum
660 1914 710 1939 est
736 1912 901 1946 explicare
916 1910 1035 1950 fluen-

238 1956 301 1983 tem
330 1959 581 1991 unguentatum3
622 1962 821 1992 unguentum
858 1958 945 1987 enim
975 1958 1035 1987 mi-

236 1999 322 2027 nime
346 2004 457 2034 aptum
479 2001 636 2029 venatori.

283 2041 357 2072 149.
384 2041 481 2073 haud
515 2044 668 2086 segnior.
731 2048 829 2082 Apud
866 2048 1032 2077 Romanos

236 2089 403 2126 fortitudo,
441 2091 632 2128 strenuitas,
674 2094 877 2127 pulchritudo
922 2094 1033 2123 iuncta

237 2135 427 2171 cogitantur.
473 2151 511 2155 —
548 2137 589 2165 Ut
621 2140 680 2167 hoe
708 2140 778 2168 loco
813 2144 1034 2173 comparatum

237 2181 472 2215 comparationi
496 2183 658 2216 praecedit
682 2187 711 2212 et
735 2185 957 2221 subsequitur,
989 2186 1035 2214 ita

236 2223 268 2263 2,
292 2223 357 2253 377
382 2234 428 2261 sq.
467 2225 497 2263 5,
525 2224 589 2256 583
617 2236 665 2263 sq.
708 2227 759 2267 12,
784 2227 802 2256 9
831 2238 879 2265 sq.
929 2231 1034 2265 Quare

236 2271 269 2299 in
304 2278 344 2300 ea
373 2272 563 2306 repetitione
594 2280 717 2303 caussa
748 2275 853 2310 posita
884 2284 948 2304 non
975 2280 1034 2313 est,

235 2320 269 2345 ut
300 2319 401 2346 verba
428 2313 526 2346 haud
552 2333 590 2338 —-
618 2327 676 2348 ore
705 2322 744 2349 ah
774 2321 840 2350 alio
873 2329 947 2351 esse
978 2323 1036 2351 ad-

236 2362 322 2391 iecta
346 2363 493 2397 opinetur
521 2360 572 2391 Pl.

282 2403 358 2435 152.
388 2404 572 2446 Deiectae,
592 2417 675 2444 quae
698 2418 733 2439 se
756 2411 954 2448 deiecerant,
981 2413 1033 2440 de-

236 2452 411 2489 siluerant,
454 2453 492 2482 cf.
528 2451 565 2490 2,
590 2452 654 2482 707
690 2460 718 2484 et
746 2453 811 2484 511
842 2456 961 2493 fertur
998 2454 1033 2485 in

235 2494 368 2527 hostem
394 2501 423 2527 et
448 2496 478 2534 6,
501 2495 563 2526 184
589 2497 804 2540 accingitur.
835 2499 901 2530 528
925 2509 1034 2530 comes

236 2540 394 2572 additur.
443 2544 601 2573 Romanis
631 2545 719 2574 enim
748 2547 884 2575 Passivi
912 2546 1033 2576 formae

236 2592 266 2616 et
286 2588 385 2617 Medii
410 2595 505 2624 pares
532 2594 616 2618 sunt.
655 2590 701 2619 Cf.
727 2593 780 2620 Gr.
803 2591 824 2627 g
854 2589 925 2627 142,
954 2590 983 2621 3.

281 2630 358 2662 154.
389 2630 647 2664 Transmittunt
683 2644 823 2676 campos
866 2638 1036 2674 „celeriter

236 2676 436 2708 transeunt.“·
464 2681 495 2708 S.
535 2680 573 2709 cf.
607 2681 700 2710 Lucr.
731 2679 768 2719 2,
795 2680 861 2710 325
892 2680 941 2712 Et
967 2681 1033 2711 cir-

236 2721 464 2754 cumvolitant
497 2723 629 2764 equites
659 2723 858 2766 mediosque
893 2730 1035 2767 repente

241 2764 498 2798 Transmittunt
530 2768 650 2800 valido
678 2770 873 2811 quatientes
907 2770 1033 2812 impete

236 2820 386 2852 campos.
440 2814 493 2844 Sic
533 2816 648 2845 dicitur
687 2814 850 2846 traiicere
883 2825 1030 2850 amnem.

238 2872 275 2877 —-
309 2858 397 2892 Quod
421 2860 511 2887 cervi
535 2861 599 2889 sint
624 2862 659 2890 in
682 2861 798 2892 Africa
831 2863 870 2893 cf.
901 2860 928 2901 1,
957 2862 1028 2893 184.

282 2900 357 2931 155.
386 2900 439 2932 Pl.
467 2906 547 2934 coni.
569 2905 755 2946 fontesque
774 2915 800 2936 r.

283 2945 357 2977 158.
386 2945 515 2978 Pecora
542 2948 670 2981 inertia
694 2959 734 2981 ea
758 2957 848 2989 sunt,
871 2961 954 2988 quae
978 2962 1027 2983 re-

237 2993 351 3022 sistere
372 3001 436 3022 non
462 3001 607 3033 possunt,
631 2997 763 3033 ignava.
813 2999 902 3033 Quod
919 3000 1025 3028 Asca-

238 3038 311 3065 nius
330 3043 540 3077 memoratur,
559 3046 592 3070 ut
616 3050 645 3071 v.
665 3041 726 3077 84,
745 3048 829 3073 recte
850 3044 897 3077 fit;
923 3045 1026 3074 Amor

1797 1280 1878 1320 165

1082 1505 1169 1533 enim
1201 1498 1293 1533 modo
1321 1512 1377 1539 per
1408 1510 1508 1532 unum
1538 1502 1624 1530 diem
1648 1500 1720 1529 eius
1745 1499 1880 1528 formam

1082 1550 1238 1578 induerat.

1132 1593 1205 1624 159.
1239 1592 1336 1625 Votis
1377 1596 1498 1634 optare
1536 1592 1654 1629 legitur
1704 1589 1763 1629 10,
1802 1587 1880 1619 279.

1083 1642 1168 1670 Vota
1194 1641 1266 1669 sine
1285 1640 1380 1669 dubio
1399 1639 1525 1668 Dianae
1546 1638 1622 1667 fiunt
1639 1636 1679 1667 cf.
1696 1639 1764 1667 Ecl.
1778 1634 1810 1674 7,
1825 1634 1879 1664 29.

1085 1715 1287 1748 160—172.
1337 1714 1428 1747 Dido
1458 1713 1649 1766 etheneas
1674 1715 1710 1746 in
1740 1717 1881 1746 antrum

1369 1765 1592 1793 conveniunt.

1127 1817 1204 1848 160.
1234 1816 1376 1849 Misceri
1396 1827 1571 1849 murmure
1592 1819 1631 1850 cf.
1656 1817 1686 1857 2,
1711 1816 1788 1848 298.

1129 1862 1204 1894 166.
1236 1862 1354 1894 Tellus
1390 1872 1473 1900 quae
1510 1870 1558 1894 est
1593 1862 1710 1904 prima
1750 1866 1881 1894 deorum

1083 1911 1121 1940 cf.
1157 1909 1195 1948 7,
1227 1908 1287 1938 136
1324 1915 1353 1939 et
1388 1908 1475 1940 Iuno
1506 1918 1589 1945 quae
1622 1914 1671 1939 est
1705 1906 1880 1950 pronuba,

1083 1958 1158 1985 dant
1189 1957 1336 1992 signum,
1367 1957 1425 1985 sed
1449 1958 1544 1991 quale
1573 1957 1605 1986 id
1631 1957 1702 1985 est?
1749 1957 1882 1986 Scilicet

1083 2003 1166 2037 quod
1186 2002 1345 2036 sequitur:
1372 2002 1513 2031 fulmina
1535 2006 1593 2031 etc.
1636 1998 1776 2030 Primae
1797 2001 1879 2031 coni.

1083 2045 1134 2076 Hs
1168 2056 1229 2077 rec.
1256 2048 1366 2076 Bothe.
1397 2062 1435 2068 —
1463 2049 1585 2085 Tellus,
1610 2051 1644 2077 ut
1668 2054 1752 2082 quae
1773 2055 1880 2077 rerum

1085 2093 1127 2121 sit
1155 2094 1263 2129 origo,
1295 2100 1378 2128 quae
1404 2093 1508 2128 prima
1536 2093 1731 2123 connubium
1763 2093 1882 2122 inierat

1083 2146 1155 2168 cum
1172 2139 1292 2176 Urano,
1315 2139 1430 2174 poterit
1455 2139 1540 2168 inter
1559 2139 1744 2174 nuptiarum
1765 2139 1880 2174 auspi-

1081 2192 1135 2213 ces
1174 2192 1263 2221 esse3
1305 2184 1392 2213 addit
1429 2187 1535 2213 tamen
1567 2185 1724 2214 Servius:
1768 2185 1880 2222 „Satis

1081 2230 1181 2265 perite
1206 2229 1364 2265 loquitur3
1396 2236 1471 2258 nam
1500 2231 1678 2259 secundum
1706 2231 1879 2260 Etruscam

1082 2275 1288 2310 disciplinam
1318 2275 1402 2303 nihil
1427 2278 1493 2304 tam
1518 2275 1731 2312 incongruum
1753 2279 1877 2306 nuben-

1082 2321 1178 2357 tibus,
1205 2327 1299 2355 quam
1324 2324 1428 2349 terrae
1451 2324 1557 2350 motus
1582 2323 1637 2350 vel
1660 2318 1777 2351 caeli.“
1807 2323 1876 2351 Ita*

1081 2374 1143 2400 que
1167 2373 1248 2400 quae
1278 2368 1338 2395 hoc
1364 2367 1433 2395 loco
1465 2371 1697 2405 memorantur,
1729 2367 1877 2397 infausta

1080 2418 1154 2439 esse
1175 2411 1271 2447 signa
1293 2415 1391 2446 putat.
1441 2413 1501 2440 Sed
1521 2413 1744 2448 Nympharum
1765 2415 1876 2442 ulula-

1079 2460 1147 2485 tum
1184 2464 1247 2485 non
1288 2465 1362 2486 esse
1403 2457 1438 2485 in
1474 2460 1569 2487 rebus
1599 2458 1754 2488 infaustis
1787 2460 1878 2488 docet

1080 2502 1235 2539 Ovidius,
1269 2503 1324 2537 qui
1360 2505 1444 2532 hunc
1482 2505 1589 2533 locum
1626 2505 1805 2540 respiciens
1837 2506 1876 2534 de

1079 2548 1190 2576 eadem
1230 2556 1264 2576 re
1311 2548 1459 2583 scripsit:
1506 2546 1701 2579 Audieram
1749 2558 1876 2588 vocem,

1085 2589 1263 2632 Nymphas
1290 2591 1446 2622 ululasse
1472 2593 1617 2634 putam)-
1661 2593 1878 2625 Eumenides

1074 2635 1168 2674 fatis
1206 2636 1314 2679 signa
1350 2636 1475 2668 dedere
1513 2637 1608 2669 meis.
1659 2642 1734 2670 Her.
1759 2639 1796 2679 7,
1821 2639 1874 2671 95.

1078 2684 1130 2712 Ita
1156 2685 1237 2713 Iuno
1261 2692 1325 2713 non
1355 2688 1405 2713 est
1433 2685 1575 2715 adversa
1605 2686 1643 2716 cf.
1671 2687 1744 2716 Her.
1773 2685 1804 2725 6,
1831 2685 1874 2716 45

1080 2727 1126 2758 Ac
1148 2726 1234 2758 mihi
1255 2738 1322 2758 non
1352 2727 1448 2766 Iuno,
1473 2738 1535 2759 nec
1557 2728 1705 2771 Hymen,
1728 2728 1789 2761 sed
1812 2729 1875 2762 tri-

1077 2771 1140 2802 scis
1170 2772 1298 2814 Erinys
1326 2773 1500 2814 praetulit
1523 2773 1702 2812 infaustas
1726 2775 1876 2818 sangui-

1075 2816 1218 2849 nolenta
1242 2819 1346 2856 faces
1377 2826 1408 2849 et
1432 2819 1461 2859 2,
1489 2817 1552 2849 117
1586 2818 1750 2852 Pronuba
1787 2820 1876 2852 Tisi-

1074 2861 1188 2903 phone
1209 2862 1244 2894 iu
1273 2862 1441 2895 thalamis
1465 2863 1618 2896 ululavit
1637 2871 1695 2897 etc.
1725 2869 1807 2897 adde
1829 2871 1872 2898 M.

1077 2907 1106 2946 6,
1126 2907 1202 2938 428.
1228 2925 1266 2930 -
1295 2912 1400 2945 Quare
1418 2913 1478 2940 hoc
1497 2913 1567 2941 loco
1593 2912 1703 2942 omina
1727 2913 1873 2943 infausta

1074 2963 1137 2983 non
1173 2956 1305 2994 dantur,
1346 2957 1402 2985 sed
1435 2957 1533 2986 dubia
1565 2956 1669 2986 fuisse
1705 2959 1873 2995 videntum

1074 3000 1122 3029 sic
1146 3002 1292 3030 ululatus
1311 3006 1342 3030 et
1365 3003 1557 3031 laetantium
1581 3007 1631 3032 est
1653 3008 1687 3032 ut
1721 3001 1774 3042 11,
1801 3002 1868 3033 662

1073 3050 1101 3074 et
1134 3047 1389 3076 lamentantium.
1445 3048 1484 3076 Et
1521 3056 1619 3083 quum
1654 3050 1762 3079 adsint
1794 3051 1873 3079 deae
