2023 3350
219 73 297 113 156

775 72 814 104 P.
843 65 1039 107 lefflLu
1071 73 1282 109 MARoms

216 184 422 227 Audimus
454 183 581 238 longe
619 182 866 238 fractasque
904 184 960 227 ad
997 185 1128 229 litora
1165 202 1312 242 voces,

216 242 529 294 Exsultantque
569 240 680 281 vada
720 245 853 294 atque
884 245 1009 283 aestu
1047 244 1279 288 miscentur
1314 260 1481 289 arenae.

215 301 270 341 Et
304 302 428 352 pater
465 298 692 339 Anchises:
738 299 950 340 Nimirum
990 299 1061 341 hic
1097 301 1174 342 illa
1213 303 1470 359 Charybdis:

214 356 304 398 Hos
340 355 525 396 Helenus
563 355 775 408 scopulos,
823 356 929 398 haec
965 370 1070 398 saxa
1107 357 1322 402 horrenda
1359 362 1551 404 canebat.

213 413 399 466 Eripite,
440 425 464 453 o
507 412 632 464 socii,
672 413 921 467 pariterque
961 413 1171 467 insurgite
1208 418 1347 459 remis.

1761 420 1843 459 560

214 470 342 511 Haud
379 469 516 510 minus
554 483 605 511 ac
642 469 746 511 iussi
782 471 966 523 faciunt,
1002 471 1251 526 primusque
1290 475 1511 517 rudentem

214 527 433 569 Contorsit
465 526 607 568 laevas
642 541 816 580 proram
852 528 1078 570 Palinurus
1115 529 1170 570 ad
1207 530 1370 583 undas3

211 585 395 626 Laevam
432 587 586 625 cuncta
627 584 780 627 cohors
811 586 939 628 remis
975 586 1199 640 ventisque
1236 588 1398 641 petivit.

210 643 417 684 Tollimur
452 641 497 683 in
535 642 698 684 caelum
735 648 912 685 curvato
953 644 1141 697 gurgite,
1179 647 1221 685 et
1257 645 1373 687 idem

213 699 432 742 Subducta
470 699 526 740 ad
560 700 708 742 Manes
748 701 855 743 imos
887 700 1126 743 desedimus
1157 701 1284 744 unda.

210 758 291 799 Ter
325 756 487 810 scopuli
525 757 756 800 clamorem
789 759 903 801 inter
941 772 1045 800 cava
1082 772 1187 800 saxa
1221 759 1399 812 dedere,

211 816 292 857 Ter
324 829 518 868 spumam
552 815 701 857 elisam
735 820 777 858 et
817 817 1014 859 rorantia
1048 815 1230 858 vidimus
1271 821 1402 859 astra.

324 873 494 914 Interea
531 872 665 915 fessos
703 878 852 917 ventus
885 889 979 916 cum
1012 873 1099 915 sole
1131 874 1315 928 reliquit,

210 931 440 985 Ignarique
472 931 565 972 viae
605 931 835 985 Cyclopum
861 932 1106 974 adlabimur
1149 932 1246 973 oris.

209 989 364 1030 Portus
401 987 456 1029 ab
490 1002 663 1030 accessu
694 993 919 1031 ventorum
947 990 1150 1031 immotus
1187 993 1228 1031 et
1260 989 1409 1042 ingens
1759 991 1840 1029 ι»70

210 1046 330 1100 Ipse,
373 1045 448 1087 sed
484 1045 694 1089 horrificis
733 1048 854 1089 iuxta
887 1052 1013 1090 tonat
1048 1045 1188 1088 Aetna
1218 1044 1371 1099 ruinis,¹

209 1215 274 1240 tur.
308 1212 345 1239 ob
371 1209 443 1238 soni
470 1210 731 1249 similitudinem,
762 1217 790 1242 et
816 1214 898 1248 quod
923 1221 998 1243 sen-

209 1257 268 1286 tire
291 1258 406 1286 molem
427 1264 479 1284 res
503 1256 666 1285 inanimae
690 1259 847 1295 finguntur
869 1260 907 1289 cf.
932 1258 998 1288 577

207 1308 236 1332 et
262 1305 320 1332 Ον.
344 1304 386 1330 Μ.
414 1298 444 1337 4,
467 1298 530 1329 449
564 1299 672 1331 Sacro
705 1312 727 1332 α
759 1313 899 1344 corpore
925 1305 999 1341 (Iu-

206 1349 320 1383 nonis)
365 1354 520 1387 pressum
572 1344 743 1388 ingemuit
790 1347 903 1380 limen.
956 1366 998 1370 —

211 1391 359 1424 Puteum
386 1400 472 1421 sara
498 1392 653 1422 fluctibus.

253 1438 328 1468 556.
351 1437 489 1476 fractas
509 1435 555 1466 ad
575 1435 679 1467 litora
700 1447 808 1468 voces.
834 1442 1000 1479 „FractaS,

206 1487 341 1518 nimiaS.
366 1489 397 1513 ut
425 1483 479 1518 (G.
509 1481 538 1519 4,
561 1481 623 1519 72)
657 1493 722 1514 vox
741 1484 879 1523 fractos
907 1485 998 1515 soni-

206 1533 262 1561 tus
285 1527 423 1559 imitata
443 1526 645 1558 tubarum.“
672 1532 703 1558 S.
746 1527 893 1560 Fractae
913 1533 999 1562 enim

209 1585 305 1606 voces
330 1580 403 1604 suut
430 1583 492 1603 non
531 1575 716 1612 continuae,
757 1578 813 1605 sed
836 1585 918 1612 quae
943 1587 998 1613 per

207 1624 381 1651 intervalla
412 1621 598 1655 audiuntur,
637 1625 668 1649 ut
693 1622 818 1650 sonitus
844 1624 898 1652 ille
922 1625 997 1652 alli-

206 1676 315 1697 sarum
334 1668 493 1696 undarum
516 1670 570 1694 aut
593 1669 741 1696 tubarum
763 1672 791 1696 et
813 1670 994 1698 tonitruum.

205 1716 282 1743 Inde
321 1714 446 1747 fragor,
493 1708 662 1740 Gekrach.
716 1713 860 1742 Audiunt
900 1716 997 1751 igitur

206 1761 307 1789 maris
330 1759 487 1795 fragorem
510 1758 550 1785 ad
578 1757 673 1786 litora
700 1761 839 1793 appulsi.
874 1776 911 1780 -
948 1758 995 1790 ad

206 1803 330 1834 litora:
367 1804 527 1833 Audimus
552 1802 709 1839 fragorem
740 1812 812 1834 esse
839 1807 879 1834 ad
907 1807 993 1835 litus.

207 1853 267 1879 Sed
289 1859 385 1886 quum
401 1847 446 1877 ad
466 1846 488 1879 l.
515 1856 575 1876 nou
599 1850 714 1885 locum,
731 1859 791 1884 quo
808 1852 882 1886 quid
899 1857 994 1889 esset,

206 1899 262 1926 sed
278 1905 337 1932 quo
355 1896 428 1931 quid
444 1895 582 1923 tenderet
596 1895 778 1931 significare
796 1902 917 1931 putaret
932 1899 994 1927 ali-

205 1944 288 1977 quis,
308 1943 476 1976 magisque
496 1941 677 1974 exspectari
701 1950 908 1976 repercussas
932 1944 996 1973 dici

203 1997 302 2017 voces
327 1995 421 2022 quam
452 1987 624 2023 appulsas,
666 1988 801 2016 mutavit
833 1997 853 2017 α
881 1986 993 2027 litore,

205 2036 287 2069 quod
312 2038 357 2062 est
385 2034 418 2061 in
439 2034 518 2060 MSS.
544 2033 638 2065 alqt..
681 2035 764 2067 quod
788 2039 850 2063 est:
889 2036 993 2064 Audi-

206 2088 277 2109 mus
303 2087 321 2108 a
348 2080 438 2107 litore
463 2085 670 2112 repercussas
694 2087 800 2108 voces.
832 2081 875 2108 At
893 2086 993 2115 potest

206 2128 264 2155 hoc
289 2126 385 2154 etiam
410 2124 455 2152 ita
479 2123 654 2158 explicari:
680 2125 842 2154 Audimus
860 2133 880 2155 a
904 2127 996 2156 litore

203 2171 224 2199 i.
256 2182 282 2200 e.
314 2175 435 2199 stantes
469 2169 502 2197 in
533 2170 634 2197 litore.
683 2171 788 2204 Quare
816 2169 862 2199 nd
889 2170 992 2202 litora

203 2217 260 2245 erit
288 2217 493 2245 retinendum.
523 2230 560 2234 —
592 2223 688 2244 voces
713 2216 752 2245 cf.
774 2215 849 2245 669.

251 2260 326 2290 557.
353 2269 482 2291 arenae
517 2261 554 2289 cf.
597 2257 628 2296 1,
663 2259 736 2290 107.
784 2264 859 2298 Ipse
894 2264 994 2292 maris

202 2308 321 2337 fundus
347 2311 437 2336 aestu
463 2307 638 2335 extollitur.
689 2307 804 2337 Confer
822 2311 902 2338 haec
922 2318 995 2339 cum

201 2354 256 2388 iis.
282 2361 363 2389 quae
385 2353 449 2381 iam
475 2354 512 2381 de
537 2353 700 2387 Charybdi
726 2354 817 2383 dixit.
848 2352 923 2383 420.

247 2409 322 2438 558.
348 2407 402 2438 hic
435 2406 498 2437 illa
531 2406 589 2438 Ch.
621 2410 690 2437 MP.
733 2406 817 2438 hacc
848 2419 878 2450 γ.
930 2407 995 2439 Hic

201 2461 247 2484 est
275 2453 338 2484 illa
364 2451 424 2483 Ch.
450 2462 545 2489 quam
571 2454 650 2482 (lixit
673 2455 825 2483 Helenus.
860 2453 914 2484 hic
932 2465 993 2486 rec.

208 2499 271 2529 La.
311 2499 394 2529 haec
417 2498 486 2529 Hn.
514 2498 598 2540 ls'g.
625 2496 688 2528 Rb.
724 2502 792 2528 Non
815 2502 922 2530 minus
946 2506 993 2530 est

202 2549 351 2581 probum:
392 2548 480 2575 Haec
512 2547 568 2574 Ch.
598 2552 694 2579 quam
721 2546 887 2582 videmus,
927 2544 992 2576 illa

202 2596 260 2626 est,
287 2600 382 2626 quam
404 2592 483 2620 dixit
509 2593 662 2620 Helenus,

249 2647 322 2676 560.
351 2646 472 2687 eripite
511 2648 548 2677 ef.
582 2645 619 2683 2,
653 2644 727 2675 492.
771 2662 808 2666 —
845 2644 990 2685 pariter,

201 2700 266 2721 una
293 2702 412 2722 omues.
439 2709 476 2713 —
505 2690 682 2733 insurgite
705 2692 743 2721 cf.
768 2692 799 2728 5,
828 2689 901 2720 189.

249 2746 323 2776 561.
351 2746 527 2777 rudentem
553 2757 715 2788 proram:
739 2749 943 2777 ..stridentem
963 2752 991 2777 et

203 2798 368 2822 sonantem
391 2795 423 2822 iu
446 2795 650 2830 tempestate*
667 2794 740 2830 (S.)
760 2795 864 2823 subito
885 2798 989 2822 traus-

202 2847 341 2867 versam.

246 2893 321 2923 563.
354 2892 467 2923 Remis
496 2894 671 2935 ventisque
700 2897 720 2925 i.
748 2905 773 2925 e.
802 2903 897 2930 quam
923 2903 991 2924 ma-

202 2940 291 2968 xima
312 2945 453 2974 poterant
480 2943 652 2979 celeritate,
679 2947 711 2971 ut
737 2943 819 2970 Flor.
839 2940 868 2975 2.
895 2939 924 2978 2,
951 2939 990 2969 18

201 2992 278 3013 mor
319 2983 427 3014 veritis
468 2984 635 3026 remisque
661 2988 887 3028 properatum
927 2988 989 3016 est.

1046 1209 1113 1241 Cic.
1139 1212 1228 1241 Fam.
1255 1209 1308 1249 12,
1335 1210 1388 1248 25,
1415 1209 1433 1239 3
1465 1207 1577 1240 ventis
1603 1206 1773 1249 remisque
1803 1205 1839 1237 in

1043 1254 1198 1298 patriam
1224 1254 1425 1298 properavi.

1091 1300 1167 1331 564.
1195 1301 1283 1332 idem
1311 1303 1330 1331 i.
1357 1312 1383 1332 e.
1410 1303 1514 1331 iidem.

1091 1347 1165 1377 565.
1196 1345 1402 1377 Desedimus
1418 1349 1549 1386 MPybc,
1560 1342 1751 1375 desidimus
1766 1346 1838 1381 duo,

1047 1390 1297 1428 descendimus,
1323 1391 1532 1423 discedimus
1554 1394 1686 1427 pejores.
1710 1390 1840 1420 Scilicet

1046 1446 1201 1473 praeseus
1225 1440 1464 1469 desiderabatur
1488 1442 1557 1473 post
1584 1434 1756 1473 tollimur,
1780 1434 1839 1464 de-

1047 1482 1198 1512 sedimus·
1226 1490 1333 1514 autem
1357 1485 1530 1520 perfectum
1554 1487 1602 1512 est
1631 1483 1722 1512 verbi
1748 1479 1838 1510 desi-

1047 1526 1138 1567 dere,
1158 1534 1186 1558 et
1205 1538 1301 1564 quum
1325 1531 1365 1559 sit
1387 1528 1500 1559 sidere
1519 1528 1724 1559 causativum
1746 1527 1838 1556 verbi

1044 1572 1175 1612 sedere,
1190 1581 1272 1604 recte
1291 1576 1462 1611 perfectum
1479 1575 1603 1604 dicitur.
1637 1570 1835 1610 cf.10,301.

1090 1618 1165 1649 566.
1198 1618 1390 1650 Clamorem
1413 1619 1511 1656 dare,
1537 1620 1575 1650 cf.
1601 1617 1632 1655 ⁸2,
1655 1617 1729 1647 698.
1760 1620 1837 1648 Cla-

1043 1673 1111 1694 mor
1144 1670 1250 1695 autem
1280 1668 1377 1696 etiam
1407 1675 1512 1695 rerum
1543 1665 1758 1694 inanimatum
1789 1668 1837 1694 est

1043 1711 1082 1740 cf.
1104 1712 1181 1741 Luc.
1210 1710 1239 1746 6.
1269 1711 1341 1741 146.
1367 1714 1441 1741 Hor.
1470 1713 1503 1741 C.
1534 1710 1563 1749 3,
1584 1708 1638 1748 29,
1664 1709 1706 1738 38
1736 1710 1775 1739 cf.
1801 1719 1834 1739 v.

1043 1756 1118 1785 555.
1147 1755 1175 1794 2,
1198 1755 1273 1786 488.

1089 1800 1163 1831 567.
1189 1800 1350 1832 rorantia
1381 1799 1534 1831 vidimus
1574 1803 1690 1830 astra.-
1733 1802 1836 1836 Quum

1042 1850 1166 1882 placeat
1197 1850 1329 1884 grandis
1363 1849 1469 1885 imago
1503 1847 1744 1883 exsurgentium
1775 1855 1834 1876 un-

1045 1895 1157 1922 darum
1176 1892 1259 1932 574,
1282 1897 1342 1924 hoc
1359 1899 1386 1923 et
1404 1894 1537 1923 nimium
1561 1898 1608 1922 est
1632 1898 1661 1922 et
1682 1893 1833 1922 ieiunum.

1244 1971 1309 2004 568
1326 1989 1370 1994 —
1385 1970 1461 2003 588.
1508 1968 1631 2002 Aetna.

1086 2029 1161 2060 568.
1189 2032 1310 2059 ventus
1338 2038 1411 2059 cum
1447 2026 1526 2058 sole.
1578 2031 1692 2059 Cuivis
1723 2034 1833 2059 notum

1041 2081 1089 2106 est
1115 2078 1155 2105 ad
1180 2084 1352 2112 vesperum
1376 2080 1509 2104 ventum
1531 2076 1687 2105 remittere
1713 2077 1831 2112 solere3

1042 2130 1140 2157 quare
1164 2131 1227 2151 non
1252 2123 1377 2150 videtur
1408 2129 1480 2149 esse
1508 2129 1588 2156 opus
1619 2130 1660 2150 ex
1691 2121 1831 2156 antiquis

1042 2169 1073 2196 id
1102 2170 1236 2203 probare
1264 2167 1483 2202 scriptoribus,

1086 2212 1162 2242 569.
1192 2210 1318 2253 Ignari
1348 2211 1427 2240 viae
1459 2219 1556 2246 quum
1584 2220 1748 2249 essemuS,
1791 2213 1831 2242 ad

1041 2260 1119 2288 litus
1145 2259 1325 2294 proximum
1356 2257 1552 2294 appulimus,
1581 2259 1662 2292 quod
1687 2262 1754 2287 erat
1779 2259 1831 2286 Si-

1041 2305 1146 2339 ciliae,
1170 2312 1271 2338 eaque
1293 2304 1327 2331 in
1350 2307 1448 2339 parte,
1472 2310 1533 2337 qua
1558 2304 1716 2339 Cyclopes
1738 2305 1830 2332 habi-

1040 2353 1158 2378 tabant.
1220 2349 1259 2377 Ut
1297 2350 1461 2383 appellant
1497 2348 1593 2386 facit,
1632 2351 1715 2383 quod
1750 2350 1829 2378 fessi

1041 2400 1124 2431 sunt,
1150 2396 1231 2429 quod
1258 2396 1306 2423 sol
1331 2395 1454 2425 occidit.
1476 2396 1558 2429 quod
1580 2399 1698 2424 ventus
1721 2396 1829 2424 remit-

1040 2441 1085 2473 tit.
1110 2441 1192 2475 quod
1214 2441 1303 2469 viam
1330 2440 1486 2476 ignorant.

1086 2484 1162 2514 570.
1189 2487 1335 2523 Portum,
1375 2486 1429 2521 qui
1455 2487 1602 2515 hocloco
1625 2490 1827 2524 memoratur,

1037 2532 1143 2560 Aetna
1172 2532 1324 2566 opplevit.
1364 2547 1401 2551 —-
1446 2533 1561 2560 Portus
1591 2539 1612 2560 a
1644 2531 1702 2567 (cf.
1728 2534 1779 2561 Gr.
1805 2532 1826 2567 S

1039 2576 1124 2613 352)
1150 2578 1258 2605 ventis
1282 2577 1431 2606 immotus
1456 2581 1485 2606 et
1517 2577 1630 2611 ingens
1663 2581 1729 2614 est,
1765 2578 1826 2606 ita-

1037 2631 1097 2657 que
1122 2623 1203 2651 satis
1226 2627 1328 2656 tutus.
1366 2628 1399 2651 ut
1424 2623 1601 2657 periculum
1626 2623 1825 2652 metuendum

1037 2676 1099 2697 nou
1126 2669 1184 2704 sitg
1214 2670 1269 2697 sed
1294 2671 1456 2697 horrorem
1479 2672 1609 2697 movent
1630 2669 1755 2696 Aetnae
1777 2671 1824 2696 to-

1036 2715 1152 2742 nitrua.
1202 2715 1285 2747 „Pro
1313 2711 1438 2755 ingens
1463 2714 1664 2743 scribendum
1689 2713 1825 2742 arbitror

1037 2757 1182 2788 undicst‘
1207 2756 1261 2788 Pl.

1084 2802 1159 2833 571.
1192 2802 1302 2834 Τοπαι
1347 2804 1483 2833 terribili
1529 2803 1669 2840 fragore,
1729 2803 1823 2838 quasi

1037 2858 1128 2879 mons
1154 2850 1286 2885 saepius
1310 2855 1477 2879 corrueret.
1525 2850 1571 2877 De
1595 2857 1625 2877 v.
1654 2845 1756 2877 ruina
1782 2849 1820 2879 cf.

1040 2893 1068 2924 1.
1095 2893 1174 2929 122st
1206 2897 1243 2924 de
1266 2896 1384 2930 plurali
1410 2895 1447 2924 cf.
1473 2894 1503 2929 5,
1527 2891 1602 2922 359.
1636 2909 1673 2913 —
1715 2895 1822 2924 Aetna

1037 2941 1225 2970 describitur
1250 2948 1270 2969 a
1296 2941 1420 2969 Lucilio
1443 2939 1584 2969 carmine
1614 2940 1770 2974 peculiari
1792 2945 1821 2970 et

1037 2993 1057 3015 a
1083 2987 1196 3015 Claud.
1224 2987 1291 3014 ΒΡ.
1321 2983 1356 3024 1,
1388 2983 1450 3014 160
1474 2992 1521 3020 sq.

1974 684 1991 898 „Mt-fh:
1982 663 1988 674 ι,
1986 643 1987 646 Α
1978 608 1980 612 ·

1969 3032 1985 3086 xm.
