2023 3350
204 181 284 222 108

764 179 802 211 P.
827 178 1023 214 VIRGILII
1049 180 1257 216 MARONIS

202 292 409 334 Lambere
444 291 615 334 flamma
652 304 796 333 comas
834 295 876 333 et
911 292 1069 335 circum
1106 297 1302 349 tempora
1338 296 1469 350 pasci.

198 351 285 392 Nos
320 349 464 403 pavidi
502 347 720 402 trepidare
756 351 871 390 metu
910 349 1153 404 crinemque
1191 352 1443 407 flagrantem

1744 355 1826 394 685

199 408 410 449 Excutere
449 408 492 447 et
528 408 700 447 sanctos
735 406 999 459 restinguere
1034 407 1222 450 fontibus
1261 411 1391 464 ignes.

198 465 257 505 At
295 467 418 517 pater
454 463 658 504 Anchises
694 462 838 504 oculos
874 462 930 504 ad
969 463 1109 506 sidera
1141 465 1280 508 laetus

199 520 383 571 Extulit,
425 523 468 561 et
501 520 617 561 caelo
655 520 821 573 palmas
859 534 953 562 cum
990 535 1092 563 voce
1128 523 1333 566 tetendit:

197 577 390 631 Iuppiter
428 577 710 630 omnipotens,
753 577 949 632 precibus
989 579 1024 620 si
1059 578 1240 621 flecteris
1275 581 1387 633 ullis,

197 635 383 688 Adspice
414 648 512 686 n0s;
550 634 632 676 hoc
667 637 835 677 tantum
867 639 910 678 et
941 636 977 677 si
1006 636 1167 690 pietate
1201 650 1423 690 meremur,

1743 639 1827 678 690

198 693 264 734 Da
296 690 448 733 deinde
479 692 698 744 auxilium,
740 696 881 747 pater,
924 697 1054 748 atque
1086 693 1191 736 haec
1223 695 1365 737 omina
1400 695 1538 737 firma.

310 749 392 790 Vix
429 762 479 790 ea
510 749 623 791 fatus
664 754 757 792 erat
799 751 959 803 senior,
1003 751 1231 806 subitoque
1266 751 1439 806 fragore

196 805 387 848 Intonuit
422 805 605 859 laevum,
651 811 694 849 et
727 807 778 850 de
817 808 935 850 caelo
975 808 1098 862 lapsa
1133 823 1210 863 per
1244 809 1419 851 umbras

196 863 330 905 Stella
363 863 500 905 facem
535 864 692 907 ducens
726 866 863 908 multa
897 880 993 907 cum
1025 866 1119 908 luce
1150 867 1350 909 cucurrit.

192 921 318 962 Illam
352 936 518 963 summa
553 937 681 976 super
716 923 931 965 labentem
971 923 1156 966 culmina
1192 925 1296 966 tecti

196 978 414 1021 Cernimus
451 979 582 1022 Idaea
621 980 781 1023 claram
821 995 864 1023 se
902 982 1085 1024 condere
1122 981 1239 1034 silva,

243 1131 316 1161 685.
342 1130 467 1172 pavidi
513 1135 604 1163 metu
649 1131 844 1173 trepidare.-
904 1136 986 1163 Nota

197 1181 366 1207 verborum
387 1179 573 1215 congeriem.
599 1180 646 1208 De
664 1180 821 1209 infinitivo
847 1180 885 1209 cf.
909 1178 982 1209 132.

239 1222 313 1252 656.
341 1226 477 1254 sanctos
500 1226 647 1264 mlpvy.
684 1234 799 1254 sacros
820 1228 878 1255 bc..
903 1235 983 1261 quos

195 1269 315 1298 violari
346 1270 437 1298 nefas
460 1274 517 1299 est.
571 1268 737 1299 Sanctum
763 1271 862 1308 enim,
901 1274 983 1307 quod

192 1320 240 1344 est
272 1316 333 1343 diis
359 1316 503 1353 dignum,
529 1321 669 1353 castum,
697 1317 899 1353 inviolatum,
926 1327 981 1353 op-

191 1361 318 1396 ponitur
349 1359 504 1400 polluto,·
542 1370 676 1390 sacrum
705 1366 752 1391 est
777 1364 880 1397 ..quod
908 1364 980 1392 deo-

191 1415 262 1435 rum
292 1409 445 1435 hahetur‘*
472 1411 500 1435 61
526 1408 694 1442 opponitur
714 1407 885 1447 profano,·
909 1409 981 1438 inde

190 1453 287 1481 etiam
310 1456 357 1481 est
382 1449 547 1489 verllucht
571 1454 632 1481 diis
660 1454 866 1482 commissum
891 1459 922 1483 ut
950 1454 980 1491 3,

190 1495 232 1525 57
266 1495 345 1526 auri
377 1506 477 1526 sacra
505 1497 633 1535 fames.
682 1500 814 1534 Templa
847 1508 980 1529 sacran-

191 1546 251 1579 tur,
277 1545 365 1580 leges
392 1544 590 1572 sanciuntur.
630 1546 766 1573 Sanctus
791 1546 980 1580 Apostolus.

237 1599 311 1630 6238.
337 1597 475 1639 palmas
501 1609 575 1629 cum
601 1598 741 1637 (01572)
768 1610 847 1630 voce
873 1604 982 1631 teten-

193 1643 254 1674 dit.
303 1647 407 1675 Verbo
445 1644 583 1675 tendere
614 1647 759 1675 dativum
794 1648 893 1684 iungit
927 1649 982 1677 Ci—

189 1700 261 1720 cero
289 1700 333 1726 pr.
360 1693 446 1720 Font.
476 1689 532 1720 17:
575 1689 698 1721 'l'emlit
723 1691 770 1721 ad
798 1702 855 1721 vos
878 1692 980 1733 virgo

194 1735 345 1766 Vestalis
370 1746 493 1766 manu-t
516 1735 698 1776 supplices,
721 1736 868 1774 casdem,
895 1748 982 1778 quas

185 1790 248 1821 pro
294 1780 387 1812 vobis
434 1780 502 1810 diis
546 1781 798 1812 immortalibus
842 1782 981 1813 tendere

188 1826 403 1857 commonia-⁴
453 1829 545 1857 Caes
578 1830 640 1857 BG.
670 1827 706 1866 7,
733 1827 774 1857 48
811 1827 980 1858 Romanis

187 1870 229 1901 cle
260 1881 356 1902 muro
388 1882 511 1902 manus
543 1872 741 1903 tendebant.
791 1875 881 1910 Calp.
916 1876 976 1905 Sic.

185 1917 215 1954 3,
244 1917 284 1946 36
328 1918 357 1948 A
388 1921 419 1947 te
452 1922 633 1959 coeperunt
663 1922 724 1949 cua
759 1918 898 1959 iurgia,
941 1923 978 1950 tu

184 1962 282 2004 prior
304 1962 360 1993 illi
381 1962 490 1994 victas
514 1963 615 1994 tende
635 1974 770 1997 manus,
793 1967 838 1996 Cf.
856 1967 886 2003 5,
903 1964 977 1995 451.

235 2019 308 2049 690.
338 2018 524 2060 Adspicere
561 2023 598 2051 de
631 2023 694 2051 diis
733 2025 891 2052 humanas
927 2033 978 2052 res

184 2067 441 2101 respicientibus.
472 2067 510 2096 cf.
536 2066 565 2103 9.
595 2066 668 2096 209.
723 2066 837 2097 Schau
862 2066 977 2109 (gmi-

185 2109 271 2151 dig)
295 2110 358 2149 aus
387 2120 452 2140 uns
474 2109 597 2143 hcrab.
632 2111 704 2142 und
730 2122 828 2143 ‘werin
854 2113 917 2142 wir
942 2123 977 2143 so

183 2155 251 2185 viel
282 2154 388 2186 durch
413 2166 535 2186 umere
563 2156 812 2198 Frijmmigkeit
844 2158 976 2188 verdie-

180 2210 259 2234 nen.
285 2200 346 2242 gib
373 2211 436 2231 uns
454 2200 563 2236 Halfe
587 2202 659 2232 und
683 2202 856 2244 bestritige
883 2203 976 2235 diece

186 2245 347 2278 Zeichen.
401 2246 444 2277 Et
470 2249 560 2277 tertio
584 2255 630 2278 est
657 2251 736 2287 1060,
761 2256 793 2280 111
823 2249 874 2287 12,
897 2249 973 2289 381,

182 2294 314 2328 saepius
339 2295 423 2329 apud
449 2299 564 2338 poetas·
584 2296 677 2324 alios.

229 2347 302 2379 691.
330 2353 533 2380 ..Secundum
582 2353 797 2382 Romanorum
851 2362 969 2383 morem

182 2397 268 2431 petit.
295 2401 329 2425 ut
357 2398 432 2426 visa
456 2398 623 2426 firmentur.
673 2401 741 2427 Non
766 2400 851 2428 enim
870 2408 968 2428 imum

181 2443 349 2476 augurium
372 2443 497 2472 vidisse
520 2444 653 2476 sufficit.
685 2445 749 2473 nisi
771 2446 970 2474 confirmetur

180 2496 222 2516 ex
253 2489 370 2521 simili;
410 2496 485 2517 nam
511 2489 538 2517 si
565 2490 740 2519 dissimilia
767 2494 840 2518 sunt
864 2496 969 2525 poste-

181 2533 284 2562 riora.
323 2535 493 2563 solvuntur
523 2534 651 2569 priora“
686 2537 717 2563 S.
768 2536 830 2564 Sic.
865 2534 901 2572 8.
926 2534 967 2563 79

175 2576 321 2617 propius
347 2581 408 2608 tua
433 2578 579 2608 numina
593 2578 728 2619 firmes,
771 2582 828 2609 Sil.
855 2578 968 2609 4.127

178 2621 304 2659 Adsis,
345 2633 362 2652 ο
392 2623 580 2664 firmesque
617 2628 698 2654 tuac
732 2629 834 2666 pater
874 2624 971 2655 alitis

181 2676 288 2696 omen.
310 2685 347 2689 —
378 2668 567 2699 auxilium:
592 2669 781 2710 angurium
807 2673 887 2701 coni.
917 2669 969 2700 Pl.

185 2710 243 2743 Gt.
267 2716 382 2749 recepit
418 2713 479 2747 Ld,
513 2717 578 2745 iam
603 2718 800 2753 propositum
825 2725 845 2746 a
869 2718 968 2746 Vale-

181 2758 228 2785 rio
254 2760 362 2788 Probo.
885 2762 889 2766 '

178 2831 380 2865 692-746.
420 2837 569 2870 Firmato
593 2839 709 2870 omine
733 2837 819 2870 urbe
845 2848 965 2870 omncs

342 2881 524 2921 excedunt,
554 2885 680 2916 Creusa
705 2884 801 2926 perit.

224 2934 297 2965 692.
325 2935 382 2966 vis
407 2953 450 2959 ——
473 2950 535 2979 que
563 2944 600 2972 cf.
625 2943 663 2978 5,
687 2941 764 2972 857.
804 2959 840 2963 —-
878 2940 964 2972 Fra-

1032 1137 1206 1164 habehatur
1230 1137 1316 1171 apud
1338 1136 1502 1164 Romanos
1536 1134 1575 1164 cf.
1604 1130 1643 1171 9,
1668 1128 1743 1160 631.
1785 1133 1821 1160 G.

1031 1179 1061 1217 4,
1089 1179 1124 1217 73
1162 1183 1308 1211 dextrum
1338 1182 1422 1217 apud
1450 1183 1597 1209 Graecos.
1647 1177 1762 1207 confer
1785 1178 1824 1206 de

1030 1233 1070 1254 ea
1114 1227 1330 1261 discrepantia
1375 1228 1589 1261 disputantem
1636 1224 1823 1253 Ciceronem

1029 1272 1104 1301 Div.
1130 1270 1160 1309 2,
1186 1270 1239 1308 39,
1261 1270 1314 1301 82.
1364 1274 1463 1301 Stella
1485 1273 1580 1307 longo
1605 1271 1695 1299 sulco
1721 1272 1822 1297 tracto

1029 1318 1069 1345 ad
1100 1319 1189 1346 Idam
1221 1326 1377 1354 pergens,
1413 1317 1568 1346 indicavit
1595 1316 1704 1353 viam,
1738 1321 1821 1349 quae

1027 1367 1113 1391 esset
1148 1364 1296 1392 ineunda.
1345 1365 1406 1391 Per
1437 1364 1568 1399 singula
1602 1364 1682 1390 haec
1720 1367 1820 1394 expo-

1027 1408 1091 1436 suit
1129 1410 1219 1437 Serv.
1260 1409 1353 1438 cuius
1389 1408 1524 1437 rationis
1566 1411 1601 1436 ut
1637 1407 1819 1440 exemplum

1028 1454 1238 1491 proferamuS,
1264 1455 1334 1483 eius
1358 1456 1458 1483 verba
1482 1454 1654 1482 addamus:
1681 1448 1820 1488 „Idaea

1029 1496 1160 1528 clarum
1192 1508 1226 1528 se
1252 1498 1398 1528 condere
1430 1496 1540 1534 silva3
1577 1499 1692 1527 stellae
1721 1496 1821 1525 huius

1029 1553 1143 1573 cursus
1170 1546 1215 1574 ita
1247 1545 1405 1582 significat
1427 1545 1584 1574 Troianos
1612 1544 1819 1579 conglobatos

1027 1591 1067 1618 ad
1104 1592 1229 1620 domum
1268 1592 1401 1620 Aeneae
1435 1592 1526 1620 Idam
1566 1594 1680 1625 petere.
1729 1588 1819 1622 Quod

1027 1636 1100 1664 dicit
1138 1634 1249 1666 multa
1283 1645 1358 1665 cum
1394 1634 1486 1674 luce,
1526 1635 1664 1664 ostendit
1693 1635 1818 1669 clar0s3

1027 1683 1110 1715 quod
1148 1679 1345 1721 signrmtcm
1383 1680 1481 1719 vias,
1521 1681 1682 1710 scintillas
1718 1686 1817 1714 quas-

1028 1728 1099 1755 dam
1136 1728 1210 1756 «licit
1241 1728 1389 1765 relictaS,
1429 1734 1511 1762 quae
1544 1727 1729 1761 ostendunt,
1765 1733 1816 1753 re-

1026 1780 1196 1801 mansuros
1243 1774 1276 1801 111
1317 1773 1458 1802 diversis
1499 1773 1644 1807 partibus
1691 1770 1816 1806 soci0s;

1025 1819 1106 1852 quod
1128 1816 1234 1859 longo
1259 1816 1381 1853 limite,
1406 1819 1541 1847 ostendit
1565 1824 1711 1853 errorem,
1734 1817 1816 1850 quod

1026 1861 1156 1892 sulcum
1204 1865 1293 1901 dicit,
1341 1864 1498 1901 significat
1540 1866 1670 1900 longum
1715 1862 1816 1890 maris
1851 1883 1854 1885 Α

1024 1916 1143 1943 aequor
1175 1911 1348 1945 arandum,
1390 1911 1471 1944 quod
1509 1910 1555 1938 ait.
1585 1905 1721 1944 sulfure
1755 1906 1815 1945 fu-

1024 1956 1141 1991 mant,
1188 1955 1291 1984 divini
1322 1956 1406 1992 ignis
1436 1957 1512 1984 odor
1540 1954 1731 1989 ostenditur3
1771 1962 1814 1982 ex

1022 1999 1110 2029 fumo
1144 2006 1250 2029 autem
1284 2010 1369 2030 mors
1406 2001 1590 2037 Anchisae,
1631 2000 1714 2029 sicut
1742 1999 1815 2028 eius

1023 2046 1124 2074 oratio
1161 2055 1299 2081 sequens
1341 2047 1476 2076 indicat:
1525 2044 1606 2075 cedo
1644 2042 1813 2085 equidem,

1023 2092 1117 2125 quasi
1142 2092 1215 2120 licet
1239 2093 1341 2121 sciam
1365 2101 1415 2122 me
1439 2101 1511 2121 esse
1539 2088 1748 2121 moriturum“
1779 2092 1811 2119 S.

1023 2138 1121 2165 'l'ales
1153 2139 1386 2172 explicationes
1418 2147 1504 2167 nunc
1532 2138 1630 2166 nimis
1663 2137 1813 2165 videntur

1023 2183 1200 2217 quaesitae,
1225 2185 1254 2212 si
1279 2189 1383 2213 tamen
1406 2185 1497 2212 illam
1522 2186 1715 2212 ostentorum
1737 2182 1811 2210 doc-

1023 2229 1139 2257 trinam
1171 2230 1380 2266 respicimus,
1420 2237 1482 2265 qua
1513 2230 1566 2258 vel
1597 2227 1730 2257 minima
1754 2228 1810 2255 oh-

1020 2277 1236 2304 servabantur
1263 2276 1521 2310 accuratissime,
1558 2282 1619 2302 non
1653 2275 1808 2302 absonum

1018 2325 1081 2354 est.
1121 2325 1248 2354 poetam
1280 2322 1377 2350 etiam
1402 2321 1533 2357 singula
1560 2321 1661 2348 verba
1682 2326 1810 2347 summa

1017 2373 1095 2394 cura
1120 2367 1268 2399 elegisse.

1063 2408 1137 2438 694.
1164 2409 1267 2440 stella
1291 2409 1400 2441 facem
1426 2407 1569 2439 ducens.-
1598 2406 1705 2438 Faces
1726 2410 1810 2438 tales

1016 2455 1050 2483 in
1076 2457 1236 2485 ominibus
1262 2461 1351 2485 erant
1377 2456 1416 2485 cf.
1441 2456 1513 2484 Liv.
1542 2452 1656 2491 43,13
1681 2462 1808 2484 earum-

1017 2509 1078 2535 que
1100 2502 1274 2531 doctrinam
1301 2503 1426 2530 exhibet
1454 2502 1537 2530 Plin.
1566 2503 1602 2529 N.
1629 2501 1668 2529 Η.
1695 2498 1731 2538 2,
1754 2498 1806 2529 25.

1018 2562 1056 2565 —-
1088 2544 1139 2575 De
1165 2545 1256 2576 coelo
1282 2545 1382 2587 lapsa
1404 2555 1466 2587 per
1485 2543 1640 2576 umbras:
1664 2546 1711 2575 ita
1733 2546 1806 2574 Liv.

1017 2589 1070 2625 41.
1098 2589 1139 2619 21
1179 2590 1285 2621 Faces
1317 2591 1438 2622 eadem
1470 2595 1567 2621 nocte
1594 2589 1712 2631 plures
1743 2598 1807 2631 per

1017 2635 1149 2665 caelum
1181 2636 1302 2676 lapsae
1334 2640 1434 2673 sunt3
1468 2639 1618 2667 videntur
1641 2637 1727 2666 enim
1751 2645 1806 2672 per

1015 2685 1140 2712 caelum
1165 2685 1336 2713 volitantes
1356 2685 1476 2713 sensim
1496 2684 1694 2713 descendere.
1727 2683 1803 2710 Inde

1015 2726 1058 2756 de
1085 2726 1179 2758 caelo
1205 2727 1320 2758 delabi
1351 2731 1432 2759 satis
1461 2734 1509 2759 est
1544 2730 1705 2758 usitatum.
1755 2727 1802 2756 Cf.

1014 2775 1079 2803 Cic.
1103 2776 1141 2803 ad
1168 2776 1201 2810 Q.
1229 2777 1278 2804 Fr.
1309 2775 1340 2813 1,
1366 2774 1401 2813 1,
1424 2774 1442 2803 2
1473 2772 1600 2804 Gracci
1624 2772 1671 2802 sic
1696 2775 1727 2801 tc
1752 2770 1802 2801 ita

1011 2817 1182 2849 viventem
1218 2818 1463 2857 intuebuntur,
1503 2823 1541 2850 ut
1566 2816 1737 2860 quendam
1764 2826 1804 2847 ex

1011 2863 1193 2895 annalium
1219 2865 1400 2903 memoria,
1428 2868 1490 2896 aut
1515 2863 1617 2895 ctiam
1644 2861 1685 2892 de
1708 2861 1802 2892 caelo

1012 2907 1167 2940 {livinum
1203 2908 1371 2941 hmm‘ncm
1409 2920 1480 2941 esse
1519 2908 1552 2939 ἰη
1587 2906 1801 2949 provinciam

1011 2952 1191 2996 delapsum
1215 2959 1346 2995 putmzt.
1388 2967 1433 2993 pr.
1457 2959 1541 2986 Man.
1563 2953 1615 2993 14,
1631 2953 1668 2983 41
1702 2951 1801 2983 Pom-

179 2989 247 3021 ἔον
279 2983 406 3012 au‘fflus
439 2986 533 3015 estam
568 2990 715 3027 saepiu&
750 2990 779 3017 δί
804 2989 887 3026 gl⁰bi
914 2992 963 3018 ¹¹¹·
1007 2998 1142 3040 pelam,
1176 2999 1263 3031 sicut
1288 3000 1437 3043 aliquem
1468 3011 1535 3030 uon
1561 3009 1600 3030 ex
1627 2997 1690 3029 hac
1720 2998 1802 3030 urbe

178 3032 284 3055 centes
307 3036 472 3063 apparent.

223 3081 296 3113 693.
326 3082 478 3116 Intonuit
509 3085 663 3125 laevum3
701 3090 781 3120 felix
809 3091 841 3119 id
871 3098 963 3120 omen

1011 3043 1165 3083 missum,
1192 3045 1251 3076 scd
1281 3045 1322 3077 de
1345 3045 1440 3078 caelo
1462 3045 1641 3087 delapsum
1666 3045 1801 3076 intuen-

1011 3093 1078 3121 tur.
