2023 3350
144 230 404 272 Caelicolum
442 229 534 283 regi
567 230 814 273 mactabam
848 232 892 273 in
926 232 1055 275 litore
1092 237 1275 275 taurum.

141 289 272 330 Forte
302 288 383 330 fuit
420 288 544 330 iuxta
581 288 787 340 tumulus,
837 304 920 344 quo
966 305 1120 333 cornea
1160 306 1324 333 summo

142 346 341 400 Virgulta
379 349 422 387 et
457 345 598 387 densis
631 346 860 389 hastilibus
901 348 1079 390 horrida
1116 353 1295 404 myrtus.

140 404 333 455 Accessi,
379 402 644 457 viridemque
679 404 734 446 ab
768 405 897 447 humo
936 406 1171 449 convellere
1207 408 1357 449 silvam

141 461 348 512 Conatus,
394 462 525 503 ramis
560 464 749 515 tegerem
785 467 833 504 ut
864 463 1162 507 frondentibus
1201 479 1313 517 araS,

139 519 413 560 Horrendum
450 523 492 561 et
525 519 643 561 dictu
680 521 803 562 video
842 521 1039 564 mirabile
1073 527 1321 565 monstrum.

138 577 265 628 Nam,
311 590 421 630 quae
456 577 596 631 prima
630 578 722 619 solo
760 579 898 633 ruptis
929 580 1147 622 radicibus
1183 581 1312 623 arbos

137 634 338 686 Vellitur,
381 634 480 676 huic
519 639 614 677 atro
655 636 880 690 liquuntur
916 639 1121 691 sanguine
1159 642 1307 692 guttae

136 692 194 734 Et
231 695 394 734 terram
427 692 530 735 tabo
568 694 798 736 maculant.

136 749 332 792 Membra
368 751 527 804 quatit,
577 751 827 806 gelidusque
864 753 950 794 coit
986 753 1214 796 formidine
1253 754 1437 808 sanguis.

136 809 300 850 Rursus
335 811 377 850 et
416 808 592 851 alterius
632 809 795 851 lentum
834 811 1071 853 convellere
1107 813 1247 853 vimen

135 866 342 920 Insequor
381 870 423 907 et
464 881 637 909 caussas
677 868 847 921 penitus
887 872 1056 911 tentare
1092 870 1293 912 latentes:

135 924 241 965 Ater
277 927 320 965 et
355 924 532 966 alterius
566 926 761 979 sequitur
799 925 850 967 de
891 927 1051 968 cortice
1081 928 1266 981 sanguis.

135 981 275 1023 Multa
311 995 482 1024 movens
521 984 662 1025 animo
698 983 919 1037 Nymphas
955 985 1192 1026 venerabar
1228 987 1433 1038 agrestes,

731 117 966 152 AENEIDos
997 121 1084 153 Lm.
1108 122 1173 153 111.
1698 126 1775 164 119

1724 469 1774 506 25

857 695 964 736 Mihi
1002 695 1182 750 frigidus
1218 697 1372 738 horror

1721 754 1774 794 30

1720 1042 1771 1080 35

136 1039 454 1094 Gradivumque
487 1044 672 1094 patrem,
714 1041 875 1082 Geticis
908 1042 980 1094 qui
1017 1042 1235 1095 praesidet
1269 1042 1395 1092 arvis,

134 1097 231 1140 Rite
265 1097 551 1140 secundarent
585 1099 698 1140 visus
738 1112 946 1152 omenque
982 1099 1185 1141 levarent.

134 1215 334 1254 ignorantia,
372 1218 427 1245 sed
452 1220 485 1246 ut
511 1218 615 1246 locum
640 1221 779 1245 monstro
806 1216 927 1246 faceret

133 1262 314 1291 secuturo.“
364 1264 425 1290 Sed
447 1269 568 1291 vanum
592 1265 660 1297 1106,
687 1263 846 1297 siquidem
869 1270 929 1291 vo-

133 1309 250 1337 cabula
274 1310 398 1337 taurus
420 1313 449 1337 et
475 1306 640 1337 iuvencus
660 1310 697 1336 de
723 1309 837 1337 iisdem
862 1310 929 1337 bel-

133 1355 198 1383 luis
228 1355 377 1390 leguntur
402 1352 432 1391 6,
459 1352 524 1382 243
551 1358 579 1383 et
604 1352 678 1382 253.
722 1370 759 1373 -
806 1351 928 1382 Nitens

131 1404 241 1429 autem
263 1401 389 1429 videtur
413 1408 486 1429 esse
517 1408 579 1429 non
609 1402 731 1435 colore.
774 1401 829 1428 sed
858 1401 928 1435 pin-

132 1446 284 1482 guedine;
318 1447 364 1475 ita
388 1447 520 1481 saepius
544 1443 674 1480 nitere3
706 1450 734 1475 et
757 1453 808 1481 ap.
835 1447 925 1475 Hom.

130 1493 169 1520 11.
196 1489 226 1526 2,
253 1490 316 1520 402
344 1487 433 1532 βοῦς
455 1488 548 1521 πίων
574 1492 645 1520 Iovi
669 1493 879 1521 sacrificatur.

179 1535 232 1566 22.
258 1539 414 1567 Tumulus
434 1542 522 1567 ortus
547 1542 596 1567 est
619 1546 728 1572 arena,
746 1546 828 1573 quae
847 1547 927 1567 ven-

133 1583 175 1612 tis
212 1585 336 1619 corpori
368 1584 522 1620 Polydori
560 1584 680 1613 iniecta
718 1588 783 1621 est,
825 1592 927 1619 neque

130 1629 216 1658 enim
250 1630 280 1659 is
322 1633 369 1659 est
400 1630 484 1659 iusto
517 1630 630 1659 funere
668 1632 830 1667 sepultus.
869 1632 926 1659 sed

130 1675 230 1711 iacet,
263 1676 318 1705 ubi
348 1676 422 1705 telis
451 1678 584 1705 obrutus
613 1677 759 1706 concidit.
808 1677 857 1705 Ex
884 1676 925 1704 iis

130 1725 236 1750 autem
259 1722 332 1751 telis
348 1722 421 1750 iam
444 1722 530 1752 facta
554 1727 626 1751 sunt
652 1722 831 1751 viridantia
856 1722 926 1751 vir-

128 1769 229 1804 gulia.

175 1811 228 1842 23.
254 1814 304 1841 Ex
327 1818 432 1849 myrto
450 1819 480 1843 et
504 1823 597 1844 corno
621 1815 727 1843 iacula
746 1814 832 1843 facta
853 1818 929 1842 sunt.

128 1858 167 1888 cf.
193 1861 227 1888 G.
256 1856 286 1893 2,
311 1857 376 1887 448
403 1859 447 1888 At
475 1863 605 1900 myrtus
633 1858 763 1889 vali‹1i‹
789 1858 929 1888 hastili-

129 1903 190 1932 bus
216 1907 247 1933 et
274 1903 363 1933 bona
389 1903 477 1933 betto
505 1914 639 1937 cornus.
674 1922 711 1925 ——
745 1907 838 1936 Litus
869 1914 927 1934 311-

129 1955 193 1979 tem
218 1955 305 1979 amat
330 1956 455 1987 myrtus
485 1952 524 1980 cf.
552 1954 586 1980 G.
615 1950 644 1987 2,
678 1950 751 1980 112.
786 1951 815 1981 4.
844 1950 926 1987 1243

130 1997 206 2026 hinc
231 1994 356 2025 litorea
376 1998 490 2026 dicitur
513 2000 571 2026 ov.
599 1999 672 2026 Am.
707 1996 733 2032 1,
758 1994 788 2032 1,
814 1996 867 2026 29.

175 2039 229 2071 24.
259 2041 395 2081 Accessi
425 2051 509 2076 „non
539 2045 580 2072 ad
611 2052 757 2077 cornum,
796 2045 851 2072 sed
885 2045 926 2072 ad

129 2092 287 2125 myrtum,
315 2096 397 2123 quae
422 2089 503 2118 inter
529 2086 694 2118 verbenas
719 2090 790 2117 651“
820 2091 851 2117 S.
885 2089 924 2118 cf.

128 2132 171 2163 12
208 2132 283 2162 120.

175 2157 228 2209 ⁷25.
255 2181 450 2214 Frondibus,
483 2181 614 2210 corollis
639 2184 668 2209 et
693 2180 789 2209 sertis
815 2181 847 2208 in
872 2187 925 2209 sa-

129 2226 194 2254 cris
218 2229 388 2255 utebantur
412 2227 450 2256 cf.
478 2225 507 2262 2,
535 2225 610 2255 24⁹.
641 2242 677 2246 —
714 2229 841 2262 Myrtus
867 2234 925 2255 311-

130 2274 192 2300 tem
216 2273 336 2301 Veneri
361 2273 503 2302 iucunda
527 2277 556 2301 et
580 2280 675 2301 sacra
698 2273 736 2301 cf.
759 2272 790 2308 5,
814 2270 866 2300 72.

176 2315 228 2345 26.
258 2315 361 2347 Dictu
384 2316 542 2348 mirabile
568 2322 757 2346 monstrum
788 2319 870 2347 idem
896 2316 927 2352 2,

131 2360 206 2391 680.
255 2364 364 2399 „Bene
387 2367 588 2401 monstrum,
615 2372 690 2393 11301
717 2365 825 2393 statim
851 2365 925 2399 quid

129 2412 217 2437 esset
243 2408 413 2443 apparuir‘
433 2413 464 2439 S.
498 2411 551 2440 Sic
578 2409 607 2447 2,
634 2409 708 2439 171.
737 2409 768 2445 7,
790 2407 843 2439 81.
878 2410 925 2439 Cf.

130 2455 261 2483 Festum
286 2463 314 2489 p.
345 2453 405 2482 135
429 2459 489 2484 Μ.;
525 2459 726 2494 „Monstrum
751 2461 783 2485 ut
808 2457 926 2485 Aelius

130 2500 211 2528 Stilo
244 2501 467 2535 interpretatur
492 2510 512 2531 a
538 2500 708 2531 monendo
733 2503 852 2532 dictum
879 2507 927 2531 est

128 2547 221 2575 velut
258 2549 478 2576 monestrum.
526 2550 605 2577 Item
641 2549 774 2577 Sinnius
813 2549 926 2583 Capito

129 2593 213 2626 quod
243 2596 395 2621 monstret
425 2593 569 2623 futurum
598 2598 628 2623 et
652 2598 779 2623 moneat
806 2597 924 2623 volun-

128 2642 227 2666 tatem
253 2638 415 2667 deorumst‘

177 2682 228 2712 28.
256 2684 362 2713 Simili
387 2686 478 2713 modo
503 2694 520 2714 6
543 2685 681 2720 plantis,
702 2685 736 2713 in
760 2693 842 2720 quas
868 2688 925 2715 ho-

127 2730 233 2759 mines
268 2730 381 2759 mutati
411 2734 502 2767 sunt,
542 2739 633 2760 cruor
657 2735 767 2760 manat
789 2739 840 2766 ap.
865 2733 923 2761 Ov.

128 2779 171 2804 M.
194 2778 224 2809 S,
250 2774 325 2804 762.
354 2774 384 2810 9,
412 2773 486 2804 344.
537 2778 656 2813 „Tabo,
679 2782 824 2812 corrupto
849 2785 924 2807 san-

128 2823 234 2858 guine.
285 2822 344 2857 (cf.
381 2820 456 2851 626.
497 2820 529 2856 8,
559 2820 631 2851 197.
656 2820 732 2851 487.
772 2821 803 2859 9,
827 2820 924 2860 472.)

128 2869 166 2896 Et
197 2873 244 2897 est
277 2877 392 2897 nomen
425 2876 523 2898 63505
553 2868 681 2903 septimi
714 2873 851 2904 tantum,
892 2874 926 2899 ut

128 2918 203 2943 sunt
228 2917 367 2954 sponte,
403 2917 512 2950 natu,-
552 2915 634 2949 quod
660 2915 690 2943 si
715 2915 802 2944 velis
828 2917 925 2945 decli-

127 2967 222 2996 0316,
251 2957 336 2989 haec
362 2958 474 2996 labes,
505 2957 609 2989 huius
635 2957 727 2989 tabis
751 2960 865 2991 dicis.“
893 2964 924 2991 S.

129 3007 190 3034 Sed
213 3004 310 3035 tabes
333 3011 381 3035 est
405 3009 534 3036 morbus
560 3005 599 3036 cf.
622 3005 653 3043 6,
674 3004 750 3035 442.
799 3009 926 3049 guttae

132 3053 209 3081 atro
229 3050 309 3082 tabo
331 3052 370 3082 cf.
397 3050 472 3081 618.

1023 1216 1076 1246 30.
1103 1218 1254 1247 Horroris
1279 1222 1307 1246 et
1331 1217 1465 1252 pavoris
1485 1216 1578 1252 signa
1598 1216 1671 1251 Vgl.
1693 1217 1773 1243 11360

977 1266 1086 1292 habet:
1127 1265 1209 1299 quod
1241 1265 1314 1299 quis
1346 1260 1553 1302 obstupescit
1599 1261 1656 1296 [cf.
1691 1259 1772 1297 48);

974 1311 1057 1345 quod
1082 1308 1263 1339 solvuntur
1283 1306 1425 1349 frigore
1449 1305 1597 1337 membra
1625 1308 1670 1342 (1,
1692 1305 1772 1343 92];

974 1358 1030 1385 vel
1054 1358 1143 1385 calor
1172 1363 1251 1384 0553
1276 1355 1423 1390 relinquit
1456 1353 1507 1389 (3,
1535 1351 1639 1389 308);
1679 1353 1772 1389 frigi-

975 1403 1034 1431 dus
1061 1405 1172 1431 horror
1202 1405 1342 1430 membra
1372 1402 1488 1436 turatit:
1529 1400 1663 1436 sanguis
1688 1400 1771 1428 deri-

975 1449 1075 1483 gescit
1117 1447 1174 1482 (3,
1208 1446 1283 1476 259.
1313 1445 1415 1483 308);
1460 1443 1565 1475 sudor
1588 1443 1674 1484 fluit
1720 1442 1771 1481 (7,

974 1493 1078 1529 459];
1122 1496 1218 1524 stant
1250 1501 1367 1522 comae
1399 1491 1458 1527 (2,
1482 1490 1558 1520 774.
1594 1490 1629 1527 3,
1657 1488 1710 1519 48.
1741 1490 1772 1527 4,

975 1538 1051 1569 280.
1079 1538 1130 1575 12,
1153 1538 1255 1576 868);
1283 1541 1362 1574 quod
1387 1548 1452 1568 vor
1476 1535 1604 1577 deficit,
1624 1538 1772 1566 faucibus

973 1587 1096 1623 haesit,
1136 1586 1238 1621 [locis
1269 1586 1333 1614 iam
1372 1585 1535 1619 laudatis)
1577 1588 1606 1613 et
1632 1581 1668 1621 4,
1694 1581 1771 1619 279,

974 1632 1131 1662 obmuluit
1170 1640 1299 1662 amens,
1333 1633 1416 1666 quod
1448 1631 1522 1666 quis
1553 1627 1660 1670 longo
1693 1631 1772 1669 post

974 1680 1128 1718 tempore
1150 1677 1254 1715 fatur
1276 1676 1327 1714 (3,
1357 1675 1459 1712 309);
1485 1677 1567 1711 quod
1593 1676 1666 1711 quis
1689 1675 1772 1704 labi-

972 1729 1022 1753 tur
1047 1723 1098 1759 (3.
1119 1722 1217 1760 309).
1270 1721 1323 1753 Pl.
1349 1724 1448 1758 iungit
1481 1720 1656 1762 Insequar,
1684 1719 1772 1751 alte-

974 1769 1048 1799 rins
1069 1776 1096 1799 et
1125 1778 1207 1805 quae
1235 1770 1340 1799 media
1363 1770 1443 1798 inter
1469 1776 1507 1797 ea
1531 1773 1615 1800 sunt.
1639 1768 1735 1797 eiicit.

1020 1825 1073 1856 33.
1098 1824 1240 1862 „Multa
1266 1835 1406 1855 711ου6115
1433 1823 1568 1863 animo,
1610 1834 1672 1853 non
1696 1825 1773 1854 dicit

974 1882 1073 1908 quae.
1117 1875 1171 1901 sed
1214 1882 1255 1901 ex
1297 1873 1504 1907 sequentibus
1548 1871 1770 1907 intelligimus.

975 1921 1162 1954 Cogitabam
1192 1920 1311 1953 inquit,
1350 1928 1389 1947 ne
1415 1919 1492 1947 forte
1519 1919 1656 1952 sanguis
1686 1921 1772 1945 esset

974 1974 991 1994 6
1016 1967 1184 2001 Nymphis.
1234 1967 1311 1994 Item
1334 1965 1533 2001 cogitabam,
1561 1972 1600 1992 ne
1626 1963 1704 1992 forte
1729 1972 1770 1992 ex

974 2016 1059 2040 terra
1084 2012 1200 2040 Martis
1229 2011 1298 2040 iure
1325 2011 1462 2045 sanguis
1490 2010 1641 2039 efflueret.
1689 2011 1769 2037 Nam

973 2059 1055 2092 quod
1088 2058 1182 2092 dicit,
1221 2060 1301 2086 haec
1334 2066 1369 2086 se
1400 2061 1588 2085 veneratum
1613 2063 1686 2084 esse
1710 2064 1769 2084 nu-

972 2104 1079 2139 mina,
1105 2104 1183 2132 illas
1207 2107 1335 2132 constat
1358 2103 1579 2138 praecessisse
1602 2101 1771 2138 cogitatio-

972 2150 1052 2178 nes“
1074 2150 1105 2177 S.

1021 2202 1072 2233 34.
1099 2207 1144 2234 Ob
1168 2205 1271 2233 dirum
1293 2213 1385 2233 omen
1410 2208 1584 2233 veneratur
1613 2213 1655 2233 ex
1683 2212 1770 2233 more

973 2251 1118 2283 numina,
1147 2258 1228 2285 tntae
1253 2251 1376 2287 regioni
1403 2254 1565 2285 praesunt.

1021 2307 1072 2337 35.
1101 2308 1264 2337 Gradivus
1299 2312 1345 2335 est
1381 2309 1481 2335 Mars.
1525 2306 1572 2335 Cf.
1606 2303 1665 2343 10,
1691 2303 1767 2334 542.

973 2357 1009 2383 Et
1037 2355 1133 2383 Marti
1162 2354 1302 2382 Thracia
1334 2360 1427 2381 sacra
1464 2356 1531 2380 erat
1560 2352 1599 2381 cf.
1634 2349 1684 2379 13.
1727 2367 1764 2371 —-

978 2398 1107 2429 Geticis
1139 2408 1194 2435 pro
1218 2399 1383 2432 Thraciis:
1424 2400 1521 2426 Getae
1546 2399 1632 2427 ultra
1656 2399 1768 2426 Dauu-

973 2448 1061 2476 bium
1097 2447 1301 2480 habitabant,
1341 2445 1484 2474 'Pliraces
1512 2444 1600 2472 citra.
1650 2445 1769 2472 Poetae

972 2494 1058 2522 enim
1074 2493 1212 2521 Romani
1232 2492 1265 2519 in
1284 2491 1411 2526 populis
1431 2489 1653 2519 remotioribus
1673 2491 1768 2524 plura

973 2540 1036 2568 sibi
1067 2539 1166 2567 licere
1197 2540 1367 2573 putabant3
1404 2536 1450 2564 ita
1468 2537 1625 2573 Thraces,
1659 2537 1767 2574 Getae,

973 2588 1158 2621 Sarmatae,
1208 2586 1347 2619 Scythae
1390 2597 1427 2601 —-
1469 2582 1597 2619 Parthi,
1634 2582 1766 2619 Persae,

971 2632 1068 2665 Medi,
1095 2630 1241 2666 Hyrcani
1266 2633 1322 2658 etc.
1348 2629 1581 2663 miscebantur3
1609 2634 1682 2656 nam
1708 2628 1767 2657 vix

972 2677 1095 2712 singuli
1127 2677 1280 2705 doctiores
1313 2677 1373 2703 llas
1401 2678 1511 2710 gentes
1539 2677 1623 2703 recte
1645 2674 1766 2703 uiscer-

971 2726 1098 2752 nebant.
1149 2722 1195 2751 Cf.
1222 2721 1249 2753 1.
1273 2718 1349 2748 235.
1383 2717 1415 2754 7,
1439 2717 1492 2748 47.

1018 2778 1071 2808 36.
1101 2776 1182 2809 Rite
1211 2779 1307 2807 etiam
1338 2778 1371 2805 in
1404 2777 1465 2805 diis
1498 2777 1612 2806 dicitur
1643 2777 1681 2806 cf.
1712 2774 1765 2814 10,

973 2822 1049 2854 254.
1077 2827 1151 2854 Hor.
1179 2825 1212 2854 C.
1240 2826 1270 2852 S.
1296 2820 1347 2851 13.
1374 2823 1412 2852 cf.
1441 2820 1515 2851 369.
1552 2839 1589 2842 —
1636 2820 1765 2852 Secun-

974 2869 1059 2900 dare
1085 2871 1247 2906 proprium
1273 2870 1305 2897 in
1328 2871 1389 2897 1136
1414 2877 1447 2897 re
1471 2868 1508 2898 cf.
1535 2867 1565 2904 7,
1592 2867 1666 2897 259.
1706 2869 1763 2897 Sil.

970 2915 1002 2955 S,
1030 2915 1091 2945 125
1131 2914 1173 2945 Ut.
1208 2913 1285 2943 visa
1320 2911 1504 2943 secundent
1534 2923 1592 2943 oro
1620 2911 1765 2943 caelico-

971 2960 1035 2992 las.
1065 2977 1105 2981 —
1136 2959 1271 2998 „Visus
1300 2968 1354 2995 pro
1380 2957 1457 2989 visa
1483 2959 1619 2995 posuitf‘
1645 2962 1676 2988 S.
1716 2959 1763 2988 cf.

972 3006 1003 3045 7,
1030 3005 1105 3036 102.
1143 3022 1179 3027 -—
1218 3003 1325 3035 Omen
1352 3003 1470 3035 levare
1492 3010 1540 3035 est
1563 3007 1670 3035 levius
1694 3007 1763 3034 red-

973 3055 1055 3091 dere,
1080 3055 1201 3091 tollere,
1227 3060 1409 3087 removere,
1433 3056 1466 3082 ut
1490 3054 1564 3082 Hor.
1592 3053 1625 3081 C.
1655 3050 1684 3090 2,
1713 3049 1763 3089 17,
