2023 3350
696 97 937 131 AENEIDOS
964 99 1050 132 L1B.
1082 100 1141 132 Vl.
1660 101 1742 139 325

793 224 1027 267 Exeursus.

176 307 290 347 Quem
316 305 381 339 hoe
405 304 495 338 libro
520 305 692 348 Virgilius
718 305 907 348 descripsit
932 306 1073 339 Aeneae
1101 307 1142 339 ad
1172 306 1309 339 lnseros
1336 306 1547 339 descensum
1574 309 1658 338 sunt
1683 304 1741 347 qui

82 352 206 385 multis
238 352 379 394 quidem
406 351 568 394 partibus
596 352 735 394 egregie
755 352 990 394 descriptum,
1022 357 1137 385 ortum
1167 358 1285 385 tamen
1311 352 1463 385 habeant
1489 362 1527 384 ex
1552 351 1659 384 nimia
1683 351 1743 383 illa

83 399 229 431 Homeri
256 408 323 440 qua
351 398 545 439 ssagraxerit
568 398 729 430 imitandi
757 398 966 440 cupiditate:
996 399 1083 431 nihil
1112 400 1204 431 enim
1235 409 1274 431 eo
1292 398 1413 441 profici
1438 398 1480 431 ad
1502 407 1617 431 rerum
1644 407 1741 430 sum-

83 454 196 483 mam,
230 454 343 486 neque
376 444 510 476 discere
540 443 697 476 Aeneam
731 444 823 486 apud
855 445 1010 484 Inferos,
1051 456 1140 488 quae
1177 455 1246 477 non
1283 455 1320 477 ex
1350 444 1486 476 Heleno
1520 449 1580 476 aut
1609 443 1741 486 Sibylla

82 491 221 532 cognita
248 490 426 528 habuerit;
454 495 489 522 at
517 500 608 531 vere,
636 491 665 522 si
697 490 865 522 voluisset
893 501 1074 523 recensere
1105 491 1216 523 claros
1244 493 1441 529 Romanos,
1469 489 1572 522 facile
1598 495 1740 531 poetam

83 537 242 579 potuisse
271 546 331 578 per
360 546 526 569 somnum
554 545 614 568 eos
641 536 781 568 Aeneae
810 536 1000 577 adducere,
1035 547 1122 579 quae
1153 538 1241 569 ratio
1271 541 1303 569 et
1329 536 1528 578 simplicior
1554 536 1681 568 suisset
1707 539 1742 567 et

81 582 307 614 verisimilior
340 587 373 613 et
403 581 446 613 ab
473 582 550 614 aliis
580 582 694 624 poetis
722 587 877 615 tractata.
939 583 1041 623 Quod
1076 584 1183 624 igitur
1214 583 1255 615 ad
1289 591 1429 615 caecum
1460 582 1549 614 illud
1576 582 1741 614 attineret

80 628 242 660 imitandi
268 628 446 667 studium,
474 638 542 669 quo
571 633 779 670 sequeretur
804 630 1000 661 Homerum
1024 630 1216 671 Virgilius,
1256 638 1467 670 quamquam
1495 632 1650 667 constat,
1686 637 1739 659 ra-

81 675 176 706 tione
201 674 236 706 id
263 674 376 706 fuisse
403 674 487 706 satis
518 679 750 716 temperatum
777 675 827 707 vel
855 676 973 716 potius
1009 675 1164 714 nullum,
1197 685 1306 716 quum
1334 676 1532 706 Romanum
1560 673 1738 715 Virgilius,

79 721 257 752 Homerus
282 720 453 752 Graecum
479 724 626 752 secutus
652 726 745 753 esset
774 731 925 753 morem:
961 726 1078 754 tamen
1104 731 1174 753 non
1204 720 1322 763 putaxi
1347 719 1390 752 ab
1420 730 1455 752 re
1481 729 1559 752 esse
1585 719 1640 751 hic
1664 729 1739 751 mo-

81 775 162 798 nere
190 766 232 798 de
257 766 394 806 ordine,
420 776 489 808 quo
517 766 654 808 singula
682 771 826 799 tractata
850 772 986 808 essent,
1012 772 1046 799 et
1072 767 1115 799 de
1141 767 1248 799 totius
1272 766 1353 799 libri
1380 765 1527 799 consilio
1554 775 1738 808 exponere,

79 822 149 854 quo
175 812 288 854 magis
314 822 378 844 suo
402 818 539 855 poetam
569 813 709 853 ingenio
736 822 791 845 res
818 814 1062 855 composuisse
1086 813 1380 854 intelligeremus.

170 858 344 891 Homines
371 859 465 891 vivos
491 859 525 890 in
549 859 679 891 Orcum
703 860 882 900 ingressos
907 859 1105 892 incolumes
1127 869 1164 891 ex
1191 869 1230 890 co
1254 859 1387 891 redisse
1404 863 1475 890 tam
1502 867 1608 899 saepe
1632 857 1738 889 tradi-

79 908 155 936 tum
183 909 253 944 est,
280 909 384 946 atque
411 905 457 936 ita
484 910 645 947 acceptae
672 909 770 936 erant
796 915 856 937 eae
881 905 1035 944 fabulae,
1062 911 1100 937 ut
1120 904 1171 937 vel
1200 905 1294 937 Plato
1322 904 1552 946 philosophus
1573 903 1616 936 ad
1642 913 1736 936 coni-

78 950 279 993 probandas
306 960 389 983 suas
413 951 453 983 de
471 950 560 982 Orco
581 951 765 993 opiniones
791 956 943 983 extremo
969 951 1071 989 libro,
1098 960 1205 993 quem
1222 950 1264 982 de
1290 949 1471 992 republica
1495 950 1648 991 scripsit,
1675 948 1736 981 ali-

83 1006 189 1038 quem
217 996 258 1028 ad
288 996 432 1029 umbras
459 997 661 1038 pervenisse
697 996 886 1038 omniaque
912 997 958 1029 ibi
994 997 1124 1029 vidisse
1150 1002 1181 1028 et
1209 996 1351 1028 audisse
1370 996 1569 1027 narraverit.
1620 996 1736 1034 Quare

76 1043 215 1075 Aeneae
233 1043 334 1075 etiam
354 1047 394 1074 ut
423 1042 569 1083 tingeret
596 1042 739 1084 aliquod
766 1053 826 1085 per
843 1043 971 1074 Orcum
992 1044 1074 1081 iter,
1108 1042 1208 1074 facile
1232 1046 1333 1083 pocta
1356 1046 1492 1083 poterat
1510 1040 1649 1081 adduci,
1676 1051 1735 1072 ne—

79 1099 147 1131 que
167 1093 221 1121 est
248 1088 567 1130 reprehendendus,
594 1088 787 1120 dummodo
813 1089 862 1120 ita
888 1099 958 1121 rem
983 1098 1083 1120 suam
1111 1087 1388 1125 conformaverit,
1415 1091 1455 1118 ut
1481 1096 1625 1119 caussae
1651 1087 1736 1117 satis

77 1144 210 1178 graves,
238 1139 276 1166 ut
310 1135 408 1166 locus
441 1140 683 1177 opportunus,
714 1139 754 1165 ut
786 1139 925 1176 tempus
964 1134 1131 1166 idoneum
1165 1133 1276 1165 fuisse
1316 1133 1485 1165 videatur.
1569 1131 1673 1171 Quod
1706 1132 1735 1164 si

79 1185 217 1223 ceperat
243 1180 449 1221 consilium,
478 1190 566 1222 quae
593 1185 686 1212 crant
715 1180 758 1211 ab
783 1180 860 1211 aliis
889 1181 1002 1222 poetis
1033 1184 1066 1212 et
1096 1181 1251 1211 Homero
1278 1179 1321 1211 de
1349 1179 1436 1210 locis
1461 1178 1582 1210 inseris
1609 1178 1735 1210 tradita

78 1232 111 1261 et
136 1228 173 1259 in
202 1225 295 1267 tulgi
321 1227 489 1268 opinione
513 1231 660 1268 recepta,
687 1236 756 1257 non
780 1225 929 1257 debebat
954 1226 999 1257 ita
1027 1226 1212 1266 negligere,
1241 1230 1279 1257 ut
1306 1225 1449 1257 omnino
1474 1234 1544 1256 non
1566 1224 1736 1266 reciperet

78 1278 138 1306 aut
160 1273 331 1305 contraria
360 1282 398 1305 ac
424 1273 559 1304 diversa
592 1272 790 1313 contingere
814 1277 1008 1304 conaretur.
1080 1274 1203 1313 ltaque
1239 1271 1332 1314 apud
1368 1270 1552 1311 Virgilium
1588 1269 1629 1302 de
1655 1270 1733 1301 Orci

79 1319 298 1357 fluminibus,
326 1318 367 1350 dc
385 1317 560 1351 Charonte
587 1322 619 1350 et
636 1318 798 1356 Cerbero,
823 1318 865 1349 de
890 1319 1033 1349 'l'artato
1056 1323 1086 1350 et
1117 1318 1247 1360 Elysio,
1272 1318 1314 1349 de
1335 1322 1408 1349 rota
1428 1317 1559 1348 Ixionis
1587 1316 1734 1358 aliisque

79 1365 219 1408 poenis,
246 1365 288 1397 de
323 1364 444 1396 multis
480 1369 655 1406 praeterea
689 1364 794 1396 rebus
828 1363 946 1396 eadem
978 1364 1049 1396 sere
1084 1364 1252 1403 legimus,
1284 1373 1373 1405 quae
1408 1363 1464 1395 alii
1502 1362 1733 1394 tradiderunt.

78 1411 145 1444 Sed
173 1411 239 1443 hoc
264 1410 352 1442 libro
379 1415 480 1452 poeta
509 1415 690 1453 praecepta
717 1410 922 1452 complexus
957 1415 1009 1442 est
1037 1420 1094 1451 ea,
1125 1420 1216 1452 quae
1253 1415 1389 1452 praeter
1415 1409 1480 1441 alia
1515 1408 1625 1440 voluit
1655 1418 1734 1440 esse

78 1458 155 1489 suis
170 1456 400 1500 popularibus
424 1465 590 1498 persuasa
618 1462 651 1488 et
680 1456 825 1490 credita:
859 1466 969 1499 eaque
998 1467 1067 1488 non
1095 1461 1271 1497 tamquam
1300 1455 1340 1487 de
1365 1465 1428 1487 sua
1454 1455 1627 1487 sententia
1654 1464 1733 1497 pro-

76 1504 156 1542 lata,
183 1503 244 1535 sed
273 1503 372 1544 quasi
399 1502 490 1545 apud
512 1503 652 1534 Int'eros
679 1512 793 1535 reiera
822 1502 940 1535 audita
966 1507 996 1534 et
1024 1513 1041 1534 a
1069 1502 1136 1535 diis
1158 1503 1246 1545 ipsis
1270 1502 1433 1534 mandata
1450 1501 1581 1533 retulit.
1631 1502 1733 1533 Prae-

77 1554 168 1582 terea
195 1559 305 1591 quum
334 1548 477 1581 Aeneas
506 1549 574 1581 iam
602 1558 639 1581 ex
664 1548 800 1581 Heleno
827 1554 859 1580 et
885 1548 1015 1591 Sibylla
1044 1559 1106 1581 sua
1133 1549 1245 1591 ipsius
1269 1548 1336 1580 fata
1355 1548 1589 1588 cognovisset,
1619 1546 1734 1579 noluit

76 1596 112 1628 in
139 1596 268 1627 Orcum
297 1595 522 1630 descendere,
548 1600 587 1627 ut
616 1595 737 1627 eadem
765 1595 899 1627 audiret
927 1595 1052 1627 iteruin
1081 1606 1121 1627 ex
1146 1600 1260 1637 patre;
1297 1595 1356 1627 sed
1388 1594 1482 1637 quod
1512 1594 1579 1625 iani
1609 1595 1640 1633 5,
1668 1594 1730 1625 737

76 1641 221 1684 abipso
247 1646 343 1684 patre
368 1651 486 1683 genus
526 1652 628 1673 omne
660 1652 770 1672 sunm
804 1644 841 1672 eh
881 1652 975 1683 quae
1008 1642 1144 1673 (lentur
1173 1643 1313 1672 moenia
1345 1641 1479 1673 discere
1515 1641 1635 1672 iussus
1668 1644 1730 1671 est.

76 1689 149 1720 lam
189 1697 269 1720 vero
310 1697 398 1730 quae
435 1693 570 1729 poterat
604 1687 718 1719 fatalis
753 1689 882 1719 Romae
913 1688 1022 1719 maior
1048 1687 1201 1719 laudatio
1229 1687 1395 1720 imeniri.
1428 1696 1533 1729 quam
1567 1685 1661 1727 quod
1696 1686 1731 1717 in

74 1734 206 1776 Elysio,
233 1734 302 1766 diis
328 1735 415 1776 ipsis
435 1733 661 1765 ducentibus
690 1734 803 1773 gentis
829 1734 988 1765 conditor
1006 1743 1105 1764 suam
1131 1738 1291 1765 nosceret
1319 1730 1549 1775 progeniem?
1577 1733 1621 1763 [t
1645 1731 1732 1763 urbs

75 1782 203 1816 Roma,
228 1784 265 1812 ut
292 1790 377 1821 gens
409 1784 534 1819 togata,
559 1785 598 1811 ut
626 1779 728 1811 divus
754 1781 940 1819 Augustus
973 1784 1144 1817 oreretur,
1179 1780 1245 1810 iam
1281 1778 1323 1811 ab
1351 1789 1466 1811 rerum
1488 1778 1588 1810 initio
1615 1787 1633 1809 a
1662 1777 1731 1809 diis

77 1827 257 1869 provisum
281 1831 351 1862 cst;
386 1825 467 1857 inde
497 1826 551 1862 tit,
587 1830 625 1857 ut
657 1835 734 1857 cum
770 1825 877 1857 totius
916 1825 1038 1857 mundi
1072 1825 1204 1865 origine
1232 1829 1265 1857 et
1299 1825 1433 1856 ratione.
1458 1824 1596 1857 Aeneas
1622 1823 1730 1855 simul

76 1872 219 1913 accipiat
257 1871 310 1903 sui
346 1871 484 1912 generis
523 1870 601 1903 fata.
674 1872 864 1912 Propterea
904 1871 1013 1911 igitur
1047 1871 1088 1903 ad
1130 1870 1260 1903 inferos
1291 1870 1428 1903 Aeneas
1461 1869 1662 1909 descendit,
1693 1873 1732 1901 ut

76 1923 239 1960 posteros
266 1926 349 1949 suos
378 1922 614 1955 cognosceret,
640 1922 678 1948 ut
704 1919 835 1949 Romae
863 1917 1160 1959 magnificentiam
1191 1918 1309 1949 animo
1338 1915 1666 1958 comprehenderet,
1693 1920 1732 1947 ut

75 1963 156 1995 inde
183 1969 341 1995 sumeret
365 1964 519 2000 animos,
551 1968 589 1994 ut
615 1962 692 2000 illa,
726 1973 813 2004 quae
848 1963 882 1994 in
909 1963 1002 1995 bello
1034 1973 1094 2005 per
1120 1963 1229 1995 libros
1269 1967 1459 2004 sequentes
1495 1962 1526 1993 ei
1552 1961 1731 1993 toleranda

76 2014 186 2049 erant,
212 2009 347 2041 sortiter
378 2008 554 2051 perferret.
631 2009 698 2040 Sed
727 2009 768 2041 de
795 2018 833 2041 ea
860 2019 912 2046 re,
945 2020 1050 2052 quan]
1076 2010 1143 2041 iam
1170 2009 1362 2052 attigimus,
1404 2018 1514 2052 quum
1550 2017 1640 2050 opus
1665 2007 1730 2039 hoc

76 2055 325 2099 praesaremur,
351 2056 437 2086 satis
465 2060 516 2087 est
537 2055 694 2097 legentes
719 2055 911 2086 monuisse.

168 2102 306 2134 Aeneas
331 2101 546 2142 simulatque
573 2103 770 2132 Cumanum
798 2101 882 2132 litus
907 2101 1042 2143 attigit,
1075 2100 1116 2132 ad
1146 2101 1319 2142 templum
1345 2100 1525 2142 Apollinis
1551 2099 1731 2132 contendit

75 2153 109 2180 et
135 2158 195 2190 per
222 2148 377 2180 Achaten
407 2148 535 2179 arcessi
560 2146 657 2179 iubet
691 2146 872 2189 Sibyllam.
930 2147 1045 2178 Sacris
1078 2146 1178 2178 factis
1208 2147 1348 2178 Troiani
1383 2146 1553 2188 templum
1587 2146 1730 2184 intrant,

77 2195 153 2233 (41)
180 2195 215 2226 in
246 2194 345 2226 cuius
372 2200 523 2226 extrema
552 2198 647 2235 parte
673 2193 789 2225 aditus
817 2197 888 2224 erat
915 2193 949 2224 in.
976 2198 1115 2224 antrum
1143 2191 1378 2233 Sibyllinum,
1403 2192 1527 2223 multis
1556 2194 1730 2231 (centum)

76 2239 309 2272 foraminibus
335 2245 478 2282 patens.
510 2250 548 2271 ex
581 2239 714 2281 quibus
737 2248 906 2281 responsa
935 2238 1088 2278 Sibyllae
1113 2237 1358 2270 audiebantur.
1424 2237 1491 2269 sbi
1521 2247 1560 2268 eo
1586 2241 1729 2268 ventum

76 2291 143 2323 cst,
177 2286 340 2327 precibus
367 2286 432 2318 deo
461 2285 561 2318 sactis
583 2291 723 2317 antrum
751 2285 921 2327 aperitur.
957 2285 1048 2326 quod
1076 2283 1205 2326 Sibylla
1232 2292 1416 2325 pererrans
1443 2281 1634 2314 furibunda
1658 2282 1731 2313 edit

77 2332 268 2364 oraculum.
325 2332 463 2363 Aeneas
497 2336 613 2364 autem
652 2341 760 2373 quum
797 2342 866 2363 non
902 2336 970 2363 tam
1003 2330 1119 2362 sutura
1147 2331 1235 2362 scire
1270 2334 1428 2371 cuperet,
1463 2338 1568 2370 quam
1594 2332 1729 2370 patrem

76 2388 182 2410 suum
217 2378 353 2410 arderet
385 2379 587 2415 comenire,
624 2379 749 2409 iterum
784 2378 903 2420 petiit,
937 2381 973 2408 ut
1007 2376 1048 2409 ad
1080 2386 1158 2407 eum
1188 2376 1452 2418 perduceretur,
1488 2374 1582 2416 quod
1617 2383 1729 2415 quum

76 2429 287 2467 precaretur,
316 2433 409 2455 aram
434 2423 575 2456 tenebat
602 2425 709 2466 (quae
730 2429 798 2455 erat
818 2424 852 2455 in
878 2422 1008 2465 templo
1026 2422 1230 2464 Apollinis),
1279 2421 1411 2464 Sibylla
1431 2425 1547 2453 autem
1569 2429 1618 2459 ea,
1639 2429 1728 2462 quae

74 2470 215 2502 Aeneas
242 2469 411 2511 gloriatus
439 2474 526 2510 erat,
564 2469 763 2512 approbans
789 2479 868 2502 eum
897 2472 978 2500 sale
1006 2471 1186 2510 sanguine
1214 2468 1332 2499 (Ilvam
1361 2466 1527 2509 appellat,
1554 2465 1728 2508 docetque

76 2525 152 2549 esse
178 2516 214 2547 in
242 2515 328 2548 silva
354 2525 498 2548 aureum
524 2525 671 2555 ramum,
701 2526 806 2558 quem
825 2516 853 2547 si
874 2515 1063 2556 reperIsset
1090 2524 1128 2546 ac
1147 2514 1333 2556 decerpere
1349 2513 1534 2555 potuisset.
1562 2511 1648 2543 deos
1676 2512 1729 2543 in-

75 2562 194 2595 fernos
221 2562 440 2604 permittere,
473 2566 512 2593 ut
538 2562 668 2594 Orcum
703 2562 829 2593 adiret:
864 2561 925 2593 sed
949 2566 1029 2593 ante
1057 2570 1147 2603 opus
1178 2570 1271 2598 csse,
1309 2564 1347 2591 ut
1380 2563 1558 2591 mortuum
1591 2558 1728 2590 socium

75 2607 258 2650 sepeliret,
299 2607 489 2640 Misenum.
521 2626 564 2629 ——
596 2609 689 2640 Dum
716 2608 791 2639 eius
825 2616 934 2649 rogus
959 2611 1120 2649 paratur,
1162 2606 1238 2648 ipse
1268 2605 1405 2638 Aeneas
1447 2604 1489 2637 ad
1533 2603 1728 2636 caedendas

75 2654 218 2687 arbores
245 2653 367 2686 silvam
394 2653 588 2695 ingressus,
616 2657 656 2685 ut
681 2663 815 2685 ramum
845 2653 1060 2695 conspiceret
1084 2652 1176 2695 apud
1201 2661 1237 2684 se
1265 2655 1434 2694 precatur.
1484 2650 1574 2682 Ecce
1598 2649 1730 2682 adsunt

76 2700 262 2733 columbae
288 2699 409 2732 matris
448 2699 594 2731 Veneris
629 2709 780 2741 eumque
807 2699 849 2731 ad
884 2698 1043 2731 arborem
1072 2698 1281 2741 perducunt.
1338 2698 1449 2729 Ramo
1476 2700 1576 2739 capto
1601 2700 1637 2728 et
1661 2696 1728 2728 Mi-

75 2756 162 2779 seno
195 2746 335 2788 sepulto
362 2745 453 2778 redit
477 2744 520 2776 ad
549 2744 732 2787 Sibyllann
766 2745 939 2778 accedunt
963 2745 1006 2777 ad
1031 2749 1188 2785 antrum,
1222 2753 1292 2786 quo
1323 2743 1366 2775 ad
1392 2742 1522 2775 Orcum
1548 2742 1648 2783 (237)
1674 2742 1728 2774 in-

75 2793 202 2825 troitus
234 2797 297 2832 est,
324 2802 342 2823 a
365 2791 480 2834 priore
495 2791 686 2827 diversum
712 2792 781 2823 iam
796 2791 857 2832 qui
880 2801 937 2823 aer
961 2801 999 2823 ex
1026 2800 1065 2823 eo
1087 2794 1235 2828 emanat,
1268 2788 1420 2821 Orcinus
1436 2794 1499 2821 est.
1523 2807 1567 2811 ——
1593 2790 1727 2820 Iterum

75 2838 181 2870 sacris
207 2838 324 2870 media
351 2842 453 2869 nocte
478 2836 578 2869 factis
605 2841 636 2869 et
671 2837 738 2869 diis
765 2837 913 2869 infernis
934 2837 1128 2874 invocatis,
1162 2837 1293 2867 Hecate
1327 2845 1364 2868 se
1390 2835 1526 2868 aditum
1562 2833 1729 2876 praebere

76 2883 260 2925 significat,
286 2888 319 2917 et
343 2884 457 2926 primo
485 2893 587 2915 mane
615 2882 746 2925 Sibylla
774 2893 853 2915 cum
878 2882 999 2915 Aenea
1030 2887 1168 2915 antrum
1195 2882 1312 2913 intrat.

167 2931 238 2962 Iam
266 2931 296 2962 si
322 2929 406 2962 haec
431 2929 686 2972 comparaveris
710 2939 789 2961 cum
817 2930 1015 2961 narratione
1044 2928 1206 2967 Homeri,
1241 2926 1335 2958 hunc
1359 2925 1495 2958 itineris
1521 2929 1728 2967 apparatum

76 2974 227 3007 multum
255 2975 395 3008 differre
423 2975 594 3008 concedes
621 2974 664 3007 ab
690 2975 752 3014 iis,
777 2985 865 3016 quae
892 2974 974 3007 facit
997 2974 1126 3014 L‘lixes,
1152 2983 1266 3014 neque
1294 2971 1441 3004 Homeri
1467 2971 1728 3013 simplicitatem

77 3030 156 3053 cum
184 3020 248 3054 hac
270 3021 409 3065 Virgilii
436 3021 616 3064 diligentia
649 3024 683 3054 et
713 3022 881 3064 gravitate
907 3030 985 3054 esse
1018 3019 1301 3063 comparandam.
1357 3019 1474 3050 Locus
1500 3022 1633 3057 autem,
1667 3016 1729 3050 ubi
