2023 3350
259 55 342 95 528

257 167 378 208 Nune
415 165 525 215 vivo,
566 176 703 216 neque
735 161 877 203 adhuc
914 162 1107 205 homines
1147 163 1369 217 lucemque
1407 160 1625 215 relinquo!

639 219 775 262 Simul
810 219 890 260 1100
926 219 1072 261 dicens
1109 221 1272 262 attollit
1305 221 1349 261 in
1382 232 1560 272 aegrum

257 224 340 266 Sed
376 223 579 275 linquam.

805 50 841 82 Ρ.
869 50 1065 82 VIRGILI!
1094 49 1311 82 MARONIS

258 282 310 323 Se
348 279 504 329 femur,
541 281 602 325 et,
642 290 905 331 quamquam
941 277 1003 318 vis
1041 277 1132 319 alto
1166 278 1338 319 volnere
1375 277 1538 327 tardet,

258 337 384 379 Haud
424 335 632 386 deiectus,
671 349 824 388 equum
864 333 962 375 duci
997 333 1128 376 iubet.

257 395 350 435 Hoc.
391 393 585 434 solamen
624 396 735 443 erat3
773 391 898 433 bellis
936 391 1018 433 1100
1052 392 1189 434 victor
1223 392 1373 434 abibat

258 451 477 493 Omnibus.

536 449 799 503 Adloquitur
833 453 1095 490 maerentem
1144 453 1186 491 et
1214 449 1375 491 talibus
1411 447 1536 490 infit:

256 508 447 560 Rhaebe,
486 507 579 558 diu,
618 521 686 548 res
721 507 756 548 si
796 520 881 561 qua
918 506 992 548 diu
1028 506 1282 549 mortalibus
1319 506 1409 548 ulla
1447 509 1528 558 est,

257 567 462 608 Viximus.

520 566 608 606 Aut
646 564 775 606 hodie
810 564 947 605 victor
980 564 1120 618 spolia
1160 565 1236 606 illa
1266 568 1443 606 cruenta

257 625 313 666 Et
354 626 483 678 eaput
520 623 689 664 Aeneae
726 621 902 673 referes,
941 622 1158 675 Lausique
1197 621 1392 664 dolorum

256 682 384 724 Ultor
422 681 505 723 eris
540 694 726 732 mecum,
763 683 859 731 aut,
901 679 1042 733 aperit
1082 680 1118 721 si
1156 679 1275 721 nulla
1307 679 1419 720 viam
1455 677 1539 727 vis,

257 739 491 781 Occumbes
525 738 708 792 pariter3
748 750 885 790 neque
924 737 1051 788 enim,
1090 737 1339 788 fortissime,
1380 734 1520 786 oredo,

255 798 378 839 Iussa
417 797 556 838 aliena
590 795 682 849 pati
721 799 763 836 et
800 794 996 836 dominos
1037 793 1271 848 dignabere
1311 794 1511 836 Teucros.

256 855 395 906 Dixit,
435 857 478 895 et
516 856 719 907 exceptus
754 856 876 905 tergo
921 856 1127 893 consueta
1164 852 1325 894 locavit

256 912 467 964 Membra,
500 923 738 964 manusque
772 909 922 951 ambas
951 909 1114 951 iaculis
1157 909 1350 951 oneravit
1379 905 1538 957 acutis,

256 973 366 1012 Aere
405 972 535 1023 caput
569 968 758 1022 fulgens,
798 967 1018 1021 cristaque
1052 967 1245 1009 hirsutus
1284 965 1452 1020 equina.

257 1029 327 1071 Sic
361 1041 532 1070 cursum
563 1026 608 1067 111
642 1025 806 1067 medios
843 1025 1020 1079 rapidus
1056 1024 1184 1067 (ledit.

257 1202 324 1233 375
353 1200 515 1232 Animam
541 1209 604 1242 per
632 1200 715 1240 fera
748 1197 881 1230 tristem
912 1198 1061 1230 vulnera

259 1247 388 1278 reddit.

305 1318 382 1347 856.
408 1313 512 1345 simul
538 1313 600 1346 hoc
625 1313 744 1345 dicens
765 1316 786 1344 i.
806 1324 834 1344 e.
861 1315 1061 1350 simulatque

259 1366 322 1392 1100
353 1363 445 1399 dicit,
482 1363 614 1391 attollit.
666 1362 707 1390 cf.
735 1362 807 1390 Liv.
839 1360 901 1398 22,
929 1360 949 1388 3
974 1358 1060 1389 haec

261 1407 365 1438 simul
388 1406 574 1448 increpans
609 1416 713 1446 quum
754 1405 789 1435 in
820 1414 942 1445 equum
975 1404 1061 1435 insi-

260 1453 381 1484 luisset
405 1455 469 1482 etc.
493 1455 527 1482 et
547 1453 586 1489 9,
622 1450 687 1481 391
714 1454 748 1481 et
773 1451 831 1487 12,
861 1449 929 1480 758
954 1449 1059 1479 simul

253 1498 417 1541 fugiens,
445 1497 549 1528 simul
579 1497 758 1537 increpat,
803 1497 924 1531 duplici
947 1497 1057 1533 simul,

260 1549 295 1576 et
320 1543 424 1574 simul
447 1542 500 1574 his
524 1541 626 1573 dictis
650 1544 687 1579 5,
712 1541 788 1572 357.
825 1540 876 1580 11,
899 1539 976 1570 827.
1014 1557 1058 1561 -

261 1591 297 1621 in
322 1591 459 1630 femur,
502 1591 534 1619 in
570 1598 632 1625 quo
673 1591 867 1618 vulneratus
909 1593 978 1616 erat
1017 1589 1057 1616 ab

260 1640 389 1667 Aenea.

308 1702 384 1733 857.
417 1701 475 1731 sis
494 1700 615 1732 tardat
636 1699 776 1731 vnlnere
793 1703 813 1731 i.
838 1711 865 1731 e.
889 1703 985 1731 tarda
997 1706 1058 1738 051,

260 1751 397 1785 languet
434 1749 477 1777 ita
510 1748 617 1783 (Cic.)
658 1749 700 1776 ad
732 1749 823 1776 Brut.
865 1747 900 1785 1,
939 1747 977 1775 18
1012 1755 1059 1775 an

261 1792 408 1825 tardare
441 1797 473 1824 et
504 1791 711 1822 commorari
743 1795 775 1822 te
800 1790 924 1822 melius
957 1794 1056 1821 esset.

261 1841 303 1870 cf.
335 1839 363 1878 1,
392 1839 469 1876 104;
508 1840 593 1875 apud
620 1839 812 1869 Ciceronem
839 1840 893 1867 est
915 1838 1062 1868 transiti-

261 1895 354 1923 vum,
406 1888 441 1915 et
476 1882 526 1914 Pl.
554 1884 639 1913 coni.
665 1882 826 1924 quamvis
852 1882 952 1914 dolor
987 1881 1062 1913 alto

259 1932 401 1962 volnere
418 1928 536 1961 tardet
549 1939 593 1959 sc.
606 1931 805 1959 Mezentium
821 1938 886 1958 rec.
899 1928 981 1965 Rb.;
998 1926 1061 1967 Hs.

261 1980 345 2007 coni.
370 1987 400 2018 q.
428 1986 459 2006 υ.
483 1974 550 2006 alti
574 1973 729 2005 vulneris
757 1975 870 2006 ardet.
918 1978 997 2004 Nam
1026 1976 1059 2004 in

260 2027 291 2053 M
315 2029 365 2053 est
386 2022 492 2052 ardut
516 2027 671 2050 mutatum
697 2021 729 2050 in
754 2019 881 2050 tardet.
915 2018 1057 2056 ‘Pardet,

262 2071 348 2105 quod
376 2068 429 2098 tii-2
455 2069 489 2096 et
514 2070 556 2096 al.
583 2069 678 2102 dant,
715 2075 735 2095 a
759 2064 880 2096 tardeo
905 2067 1058 2095 derivan-

261 2117 337 2144 dum
379 2115 544 2150 praestat,
585 2121 681 2148 quum
721 2114 775 2147 qui
818 2115 880 2141 1100
923 2114 1059 2140 verbum

262 2169 401 2196 usquam
436 2164 607 2195 praeterea
638 2158 706 2193 legi
741 2167 806 2187 non
838 2158 1060 2194 meminerant,

260 2208 293 2236 in
321 2207 480 2237 usitatum
504 2203 648 2234 tardare
663 2205 869 2233 mutaverint.
909 2201 1062 2232 ΤΜ-11010

261 2255 372 2282 autem
397 2254 436 2281 ad
463 2258 609 2280 normam
636 2250 728 2278 verbi
761 2247 878 2278 albere
904 2250 1060 2277 aliorum-

261 2308 325 2334 que
344 2298 518 2327 formatum
533 2297 597 2325 est.
647 2297 760 2324 Restat
781 2296 847 2324 alia
863 2295 1053 2330 explicandi

261 2346 364 2380 ratio,
390 2353 433 2373 ex
458 2350 588 2378 norma,
637 2348 721 2376 quae
748 2342 912 2376 explicata
941 2342 995 2369 est
1020 2341 1059 2369 ad

262 2390 293 2427 3,
315 2388 369 2418 70.
392 2390 523 2418 scilicet
550 2385 601 2416 vis
619 2389 828 2423 vocabulum,
855 2393 885 2415 ιιι
898 2385 1062 2423 fortuna,

263 2433 430 2465 valetudo
455 2439 505 2463 est
523 2442 591 2462 vox
609 2433 866 2469 media;>i1aque
890 2435 951 2460 1100
969 2434 1059 2460 100οε

263 2480 324 2510 ‹Ier
351 2477 497 2521 Mangel
528 2488 573 2507 an
608 2475 762 2516 Krtifeen
795 2484 855 2506 etc.
910 2478 964 2506 Sic
1000 2478 1059 2505 Ov.

262 2531 304 2557 Μ.
331 2525 362 2563 7,
392 2525 457 2556 573
491 2521 694 2559 Prosiliunt,
734 2527 797 2552 aut
825 2521 855 2552 si
881 2520 1063 2563 prohibent

263 2571 450 2602 consistere
477 2568 576 2606 vires,
620 2567 773 2609 Corpora
807 2566 997 2598 deuoluunt
1027 2565 1062 2597 in

263 2617 415 2648 humum.
466 2617 538 2646 Liv.
564 2615 594 2652 2,
624 2614 663 2643 19
694 2612 910 2654 Tarquinius
931 2613 1062 2653 Super—

263 2662 342 2701 bus,
377 2670 590 2703 quamquam
621 2658 691 2689 iam
725 2663 842 2689 aetate
872 2662 903 2688 et
929 2656 1062 2688 viribus

262 2712 339 2739 erat
362 2706 521 2750 gravior,
572 2715 697 2747 equum
729 2704 878 2745 infestus
905 2702 1061 2734 admisit.

309 2777 386 2805 858.
415 2774 568 2805 deiectus
596 2784 644 2804 50.
672 2775 791 2804 animo.

308 2834 386 2862 8150.
413 2836 644 2861 maerentem.-
692 2834 803 2865 Equus
850 2831 923 2865 ipse
962 2830 1061 2858 sentit

264 2880 383 2907 domini
405 2882 526 2907 lucium
553 2880 587 2907 et
605 2878 701 2906 simul
722 2879 820 2911 luget.
848 2892 891 2895 ——
917 2873 994 2914 infit
1019 2875 1060 2903 cf.

264 2924 295 2952 5.
319 2923 396 2952 708.
429 2940 459 2943 ——
490 2927 540 2952 Ex
579 2924 741 2952 nominum
766 2923 874 2950 indole
899 2923 952 2950 est
1004 2923 1057 2948 be-

265 2971 361 2998 stias.
385 2971 502 3004 quibus
543 2970 787 3001 adsueverunt,
826 2970 946 2996 habere
987 2968 1060 2994 loco

1810 161 1894 202 855

1188 335 1280 377 Hoc
1316 334 1445 376 decus
1483 335 1567 386 1111,

1812 447 1897 486 860

1812 732 1896 771 865

1243 1024 1426 1066 Aestuat
1459 1020 1609 1072 ingens
1815 1018 1900 1058 870

1107 1201 1296 1237 amicorum,
1321 1199 1515 1234 quibuscum
1539 1195 1637 1224 eiiam
1662 1194 1900 1227 colloquantur,

1108 1247 1201 1281 quasi
1225 1247 1303 1275 illae
1325 1244 1518 1279 inteiligam,
1547 1247 1632 1276 quae
1659 1239 1817 1267 dicamur.
1851 1237 1900 1266 Ac

1108 1301 1186 1321 vero
1211 1292 1331 1321 sentire
1357 1290 1517 1319 videntur.
1575 1287 1644 1315 Hoc
1660 1286 1735 1313 1000
1762 1283 1902 1318 aptissi-

1107 1347 1204 1375 mum,
1229 1338 1313 1372 quod
1340 1337 1464 1365 nullum
1487 1334 1639 1362 animans
1662 1330 1784 1367 restat,
1814 1329 1902 1363 quod

1106 1385 1212 1419 magis
1246 1383 1362 1417 diligat
1394 1388 1490 1416 equo.
1537 1377 1662 1407 Similia
1685 1377 1778 1404 Hom.
1804 1375 1844 1403 ΙΙ.
1867 1373 1900 1411 8,

1110 1429 1184 1458 184.
1213 1427 1269 1463 19,
1297 1428 1375 1457 399.

1150 1496 1230 1525 861.
1257 1492 1398 1524 Rhacbe
1440 1489 1573 1521 MPRb‘z
1613 1485 1748 1518 Rhoebe
1788 1484 1826 1516 bl
1868 1487 1903 1515 et

1105 1545 1206 1571 Macr.
1234 1541 1450 1575 Aptissimum
1475 1538 1549 1566 huic
1578 1535 1701 1564 homini
1722 1534 1754 1562 in
1772 1540 1900 1563 summo

1105 1587 1279 1616 infortunio
1307 1588 1345 1614 de
1370 1588 1581 1613 humanarum
1600 1587 1706 1609 rerum
1730 1578 1901 1608 imbecilli-

1104 1639 1168 1662 tate
1192 1639 1222 1661 01
1246 1631 1334 1661 fluxu
1357 1628 1521 1665 cogitatio,
1573 1642 1611 1646 —
1667 1623 1736 1654 Hcs
1760 1621 1792 1653 si
1815 1632 1900 1664 qun

1106 1677 1166 1707 diu
1199 1674 1407 1707 mortalibus
1428 1685 1449 1704 u
1467 1672 1528 1703 lla
1554 1675 1602 1702 ese
1628 1679 1746 1709 „nemo
1775 1670 1851 1698 dicit
1873 1666 1902 1698 si

1106 1733 1175 1763 qua
1201 1721 1296 1759 uila;
1321 1723 1379 1751 sed
1403 1718 1433 1749 si
1460 1716 1547 1748 ulla.
1583 1717 1690 1747 Vacat
1712 1723 1789 1752 ergo
1811 1713 1899 1754 Quo.

1106 1767 1188 1798 Item
1228 1769 1261 1797 in
1296 1767 1420 1796 Lucilio
1457 1762 1500 1793 Et
1538 1771 1637 1803 quem
1678 1758 1902 1801 Pamphilum

1107 1812 1260 1854 quaeris.
1310 1810 1415 1851 Quem
1441 1810 1552 1839 vacat.
1588 1811 1668 1838 Nam
1690 1808 1729 1835 de
1761 1814 1825 1836 uno
1851 1808 1902 1834 10-

1107 1857 1303 1895 quebatur.“
1331 1862 1363 1887 S.
1390 1857 1430 1886 cf.
1459 1854 1487 1893 1,
1518 1854 1573 1883 181
1604 1855 1638 1882 et
1660 1852 1778 1882 similis
1797 1853 1903 1880 abun-

1107 1907 1255 1941 dantiae,
1294 1904 1455 1939 siquidem
1485 1901 1546 1930 dici
1579 1900 1673 1936 licet,
1714 1899 1902 1932 exemplum

1107 1953 1174 1982 Cic.
1201 1954 1290 1980 Fam.
1319 1949 1367 1979 13.
1391 1948 1436 1977 40
1463 1945 1503 1976 Si
1529 1943 1605 1975 ulla
1640 1952 1714 1973 mea
1748 1941 1844 1984 apud
1871 1946 1903 1973 te

1106 1993 1361 2027 commendatio
1411 1990 1545 2032 valuit,
1589 1988 1673 2020 haec
1708 1992 1747 2019 ut
1783 1986 1903 2018 valeat

1106 2051 1208 2084 '‘og'o·

1152 2097 1229 2127 862.
1257 2099 1401 2127 cruenta
1426 2097 1576 2134 MPRybc
1604 2090 1740 2122 cruenti
1769 2094 1805 2121 Ρ.
1835 2100 1900 2120 rec.

1110 2143 1172 2174 Rb.
1219 2145 1395 2177 Utrumque
1426 2142 1490 2171 iau]
1520 2141 1644 2175 legisse
1669 2139 1801 2168 videtur
1825 2141 1903 2166 Ser-

1107 2191 1192 2220 vius.
1226 2191 1370 2219 cruenta
1398 2185 1464 2217 illa
1490 2183 1606 2227 spolia
1633 2193 1681 2213 sc.
1708 2185 1855 2213 Aeneae.

1152 2256 1229 2286 363.
1255 2254 1433 2285 dolorum.-
1458 2253 1609 2284 Vulneris
1628 2259 1666 2282 ac
1677 2252 1904 2281 morusLausi

1107 2304 1172 2332 eris
1200 2304 1285 2331 ultor
1310 2309 1448 2330 mecum.

1151 2357 1228 2387 864.
1254 2359 1289 2387 Si
1330 2359 1446 2386 virtute
1487 2355 1572 2392 [vi]
1609 2363 1674 2384 non
1721 2361 1902 2389 possumus

1107 2405 1294 2438 contingere
1328 2403 1541 2439 propositum.
1595 2401 1717 2429 Similis
1746 2400 1903 2428 formula.-

1107 2449 1138 2479 si
1164 2459 1232 2490 qua
1258 2447 1349 2478 viam
1375 2445 1509 2477 dederit
1526 2446 1677 2485 fortuna
1706 2445 1758 2484 ll,
1782 2443 1846 2474 128
1872 2450 1904 2473 et

1107 2496 1139 2533 3,
1163 2495 1229 2524 395
1255 2494 1336 2532 fata
1362 2492 1456 2523 viam
1482 2491 1669 2522 invenient.

1151 2563 1229 2637 5365.
1259 2560 1368 2593 Credo
1405 2562 1610 2591 interiectum
1647 2559 1758 2588 verbis
1803 2558 1844 2588 cf.
1874 2557 1902 2594 1,

1108 2608 1152 2639 38
1180 2632 1186 2638 .

1151 2665 1227 2695 866.
1255 2662 1450 2705 dignabere
1474 2661 1563 2705 poti.
1591 2671 1622 2691 a.
1648 2659 1671 2691 i.
1696 2662 1728 2690 et
1746 2657 1903 2689 Teucros.

1106 2713 1196 2742 Idem
1223 2713 1357 2739 verbum
1383 2711 1504 2746 duplici
1522 2709 1692 2739 structura
1715 2705 1759 2735 cf.
1774 2704 1806 2743 3,
1826 2703 1901 2732 180.
1955 2719 1964 2731 1

1151 2767 1229 2797 867.
1256 2770 1418 2807 exceptus
1456 2769 1557 2807 tergo
1587 2772 1693 2803 „equo
1737 2771 1775 2792 se
1804 2769 1902 2796 prae-

1107 2818 1201 2844 bente
1224 2811 1440 2849 susceptus.“
1465 2811 1512 2842 ef.
1532 2812 1588 2841 Sil.
1600 2811 1632 2848 5,
1660 2807 1724 2838 148
1740 2809 1903 2847 exceptus

1108 2869 1206 2900 equo.

1149 2917 1226 2946 868.
1253 2914 1380 2946 iaculis
1405 2910 1581 2944 oneravit.-

1108 2964 1229 2992 vientis
1253 2960 1480 2998 exprimitur·
1507 2962 1539 2987 S.

1629 2910 1796 2948 „aviditas
1823 2917 1901 2939 sae-
