2044 3329
831 138 1101 171 PRAEFATIO.
1447 134 1451 136 “
1684 138 1770 164 xvn
1797 136 1799 139 ⁴

160 251 312 294 deinde
346 251 493 303 fidem,
533 251 607 292 ubi
642 250 695 292 de
718 250 817 292 Mss.
849 249 1000 302 refert,
1030 250 1188 303 ubique
1215 253 1385 292 secutus
1410 264 1522 302 sum,
1551 251 1769 305 multaque

159 333 211 361 ex
239 320 308 371 iis,
349 332 459 373 quae
496 319 540 360 in
574 319 717 372 priore
753 317 938 360 editione
979 318 1223 370 attuleram,
1262 318 1405 370 omisi,
1442 319 1556 372 quod
1593 319 1678 360 iam
1715 319 1767 361 de

159 388 372 441 scriptura
398 387 485 429 alia
512 386 664 429 doctus
694 399 822 437 eram,
863 385 996 427 multa
1024 386 1150 427 aliter
1173 386 1380 440 explicavi
1408 386 1464 428 ad
1491 400 1641 427 novam
1664 386 1766 428 scri—

159 460 331 510 pturam
356 455 696 506 accommodata,
736 458 785 496 ut
814 454 1122 495 inconstantiae
1152 455 1308 496 crimen
1335 454 1439 496 mihi
1467 468 1550 496 non
1573 455 1767 496 videatur

159 538 249 566 esse
277 523 556 575 subeundum,
605 536 863 577 quamquam
892 522 1041 563 melius
1073 521 1182 564 duco
1221 526 1263 564 et
1291 523 1578 576 praestantius
1608 527 1651 564 et
1678 522 1763 564 for-

158 592 242 633 tius
269 592 494 633 emendare
529 595 571 632 et
606 591 836 645 corrigere,
882 603 991 643 quae
1032 604 1116 632 non
1160 591 1263 632 satis
1299 594 1413 633 recte
1443 591 1558 633 dicta
1580 605 1671 633 esse
1701 591 1764 633 in-

156 660 412 711 tellexerim,
450 673 577 713 quam
616 659 660 700 in
687 673 753 711 eo,
790 659 904 713 quod
935 658 1064 700 semel
1101 658 1261 700 dictum
1291 660 1346 701 sit
1374 663 1578 713 perstare.
1636 661 1686 702 In
1715 674 1763 702 eo

156 728 284 770 etiam
311 742 405 769 eum
435 731 603 770 secutus
633 743 735 780 sum,
765 732 813 769 ut
842 727 963 780 signa
991 726 1378 780 Manuscriptorum
1406 728 1496 769 eius
1520 729 1764 782 reciperem,

153 796 299 850 itaque
332 796 477 838 littera
505 797 537 837 F
569 796 860 849 significantur
898 793 1079 836 schedae
1109 794 1358 847 Vatinanae,
1400 795 1437 837 G
1467 796 1761 850 Sangallenses

128 870 131 872 “
155 865 364 918 rescripti,
395 864 439 906 M
463 864 832 915 codexMediceus,
860 863 892 904 P
924 862 1015 903 cod.
1035 862 1263 914 Palatinus,
1295 864 1331 904 R
1359 863 1449 904 cod.
1472 864 1697 917 Romanus,
1726 866 1763 907 V

105 952 114 957 ·
156 933 338 974 schedae
365 932 636 984 veronenses,
662 948 689 985 γ
713 932 803 974 cod.
830 931 1059 981 Gudianus,
1087 930 1114 971 b
1130 930 1220 972 cod.
1241 931 1466 972 Bernensis
1501 934 1591 983 165,
1621 947 1643 974 c
1668 933 1761 975 cod.

156 1000 381 1049 Bernensis
414 1004 505 1042 184.
563 1001 619 1042 Hi
644 1000 910 1053 potissimum
939 998 1038 1039 libri
1067 1001 1166 1039 sunt
1201 1011 1308 1050 quos
1336 998 1405 1039 Rb.
1430 998 1570 1050 affert,
1605 1013 1761 1053 eosque

91 1060 95 1063 ⁸
155 1068 218 1110 ita
245 1069 453 1120 aestimat,
480 1072 529 1110 ut
557 1069 762 1122 optimum
788 1066 945 1108 habeat
960 1066 1202 1107 Palatinum
1230 1067 1288 1120 (p.
1308 1068 1400 1107 308.
1421 1066 1533 1119 311).
1591 1067 1761 1110 Priores

156 1136 293 1177 critici
322 1137 615 1189 praetulerunt
643 1135 887 1177 Mediceum.
947 1133 1030 1176 Sed
1059 1147 1167 1187 quae
1196 1132 1248 1174 de
1276 1133 1451 1187 singulis
1467 1134 1588 1177 libris
1615 1150 1761 1178 manu-

154 1203 324 1257 scriptis
353 1205 426 1246 Rb.
454 1205 684 1245 multorum
712 1203 901 1245 locorum
926 1202 1149 1255 scripturis
1178 1201 1289 1243 inter
1317 1215 1361 1243 se
1401 1203 1566 1245 collatis
1600 1204 1760 1247 iudica-

153 1273 278 1324 verit,
317 1272 415 1314 nolo
449 1286 561 1313 nunc
597 1271 782 1314 breviter
820 1283 1056 1329 memorare
1091 1269 1310 1323 falsaeque
1352 1270 1574 1313 relationis
1618 1273 1761 1315 subire

152 1341 405 1395 periculum,
458 1341 692 1393 meliusque
728 1339 895 1382 videtur
930 1352 1045 1389 eum,
1079 1337 1152 1392 qui
1185 1338 1237 1380 de
1275 1352 1325 1380 ea
1360 1352 1407 1381 re
1432 1339 1575 1381 doceri
1604 1342 1759 1395 cupiat,

156 1424 208 1453 ex
235 1410 368 1466 ipsius
393 1409 564 1463 scriptis
593 1408 802 1462 simulque
833 1410 1086 1461 argumenta
1114 1406 1158 1448 in
1187 1407 1362 1461 singulis
1386 1409 1615 1462 percipere.

264 1490 315 1532 Id
341 1491 457 1544 quod
484 1489 587 1532 mihi
615 1488 843 1530 maximam
882 1487 1068 1530 movebit
1105 1487 1462 1541 vituperationem
1501 1489 1582 1530 erit
1615 1489 1759 1531 ortho-

152 1558 355 1614 graphia3
387 1559 523 1613 magis
553 1559 663 1600 enim
691 1572 819 1613 quam
847 1557 891 1599 in
916 1557 1060 1611 priore
1088 1555 1274 1598 editione
1302 1557 1456 1598 recessi
1486 1557 1540 1598 ab
1566 1571 1615 1599 ea
1650 1572 1758 1611 quae

149 1641 261 1669 nunc
299 1627 415 1669 valet
453 1628 620 1670 ratione
657 1641 706 1669 ac
747 1626 887 1680 recepi
925 1625 1044 1680 prius
1084 1625 1298 1666 usitatam.
1357 1625 1503 1679 anue
1537 1626 1582 1667 in
1618 1641 1664 1668 re
1694 1641 1757 1668 se-

151 1699 273 1738 cutus
323 1710 415 1738 sum
458 1696 920 1750 praestantissimorum
965 1695 1242 1748 interpretum
1281 1694 1591 1735 auctoritatem.
1649 1695 1758 1736 Nam

149 1764 338 1818 Heynius
371 1764 503 1818 praef.
539 1765 637 1807 edit.
671 1765 749 1817 IV,
779 1779 819 1819 p.
855 1765 1047 1805 58—61
1088 1761 1254 1803 orditur
1286 1761 1353 1803 his
1387 1761 1546 1803 verbis:
1598 1763 1757 1815 „Quam

153 1832 319 1875 incerta
353 1836 397 1874 et
432 1832 596 1875 lubrica
632 1847 698 1876 res
736 1836 779 1875 et
814 1833 869 1875 sit
897 1835 940 1874 et
983 1845 1073 1874 esse
1115 1830 1268 1872 debeat
1301 1830 1537 1884 scripturae
1569 1831 1680 1872 ratio
1717 1835 1759 1873 et

149 1915 259 1953 mos,
294 1901 504 1943 neminem
530 1901 658 1956 fugit,
699 1901 771 1956 qui
795 1902 983 1944 animum
1009 1899 1065 1942 ad
1090 1899 1195 1941 haec
1219 1898 1486 1940 attenderit.“
1542 1899 1598 1941 Et
1628 1913 1756 1953 quum

150 1969 195 2011 in
233 1969 411 2023 singulis
453 1969 666 2011 docuisset
695 1970 738 2011 in
770 1969 1077 2024 orthographia
1113 1982 1190 2010 nec
1214 1968 1405 2010 Mediceo
1440 1981 1518 2009 nec
1546 1968 1756 2010 Vaticano

148 2051 225 2080 nec
255 2038 446 2079 Romano
470 2037 596 2080 fidem
622 2042 781 2080 certam
811 2052 918 2091 esse,
953 2038 1009 2081 ad
1042 2041 1277 2080 extremum
1313 2036 1554 2078 confitetur:
1614 2036 1755 2088 „Adeo

148 2106 254 2148 nihil
283 2107 387 2148 satis
418 2107 523 2149 certi
548 2110 591 2148 et
625 2107 708 2148 tuti
741 2110 806 2148 est
838 2107 882 2148 in
917 2107 1030 2148 omni
1064 2107 1145 2148 hac
1184 2104 1423 2146 subtilitate
1457 2105 1755 2158 grammatica3

148 2189 276 2229 quam
307 2174 502 2228 equidem
529 2175 564 2217 si
595 2175 755 2229 primus
782 2179 932 2217 auctor
950 2173 1267 2216 constituendae
1287 2173 1479 2214 lectionis
1494 2173 1756 2226 Virgilianae

147 2243 332 2295 fuissem,
361 2243 452 2285 iure
476 2257 526 2285 ac
551 2243 700 2285 merito
730 2243 786 2284 ad
817 2256 1079 2284 communem
1105 2255 1227 2282 usum
1256 2241 1530 2282 constitutam
1559 2241 1753 2295 reliquis-

147 2325 253 2364 sem3
296 2325 381 2365 qua
413 2312 524 2353 enim
555 2312 600 2353 in
627 2326 672 2353 re
697 2311 802 2353 nihil
830 2312 934 2353 satis
965 2310 1019 2352 acl
1046 2309 1252 2363 liquidum
1278 2308 1452 2363 perduci
1490 2313 1651 2362 potest,
1681 2311 1753 2351 im-

145 2381 290 2435 primis
315 2382 354 2421 si
376 2381 513 2435 maqm'
531 2395 609 2436 per
636 2396 677 2422 se
705 2381 890 2422 momenti
915 2394 996 2420 non
1032 2387 1105 2427 esc,
1145 2390 1349 2431 quorsum
1382 2376 1519 2418 multa
1552 2377 1753 2440 moliaris,

150 2461 260 2501 quae
289 2448 466 2490 consilio
492 2462 543 2490 ex
568 2452 692 2503 parte
720 2452 890 2490 tantum
922 2446 1216 2502 respondent.“
1274 2446 1335 2486 Ac
1374 2458 1503 2496 nunc,
1546 2459 1675 2499 quum
1708 2446 1753 2487 in

148 2516 457 2570 orthographia
485 2531 648 2559 summa
678 2517 873 2559 doctrina
895 2518 1098 2570 ponatur,
1131 2513 1384 2555 Ribbeckius
1408 2514 1498 2566 ipse
1526 2514 1614 2555 eius
1646 2514 1753 2556 artis

150 2584 562 2638 observantissimus,
613 2586 657 2627 in
691 2585 874 2627 editione
910 2584 1073 2625 minore
1121 2583 1249 2624 aliam
1285 2581 1405 2635 sequi
1449 2595 1494 2623 se
1531 2582 1753 2624 confitetur

151 2667 279 2708 quam
316 2653 360 2694 in
395 2653 554 2695 maiore
594 2657 660 2705 „et
692 2654 737 2695 in
773 2652 1105 2707 orthographico
1141 2663 1293 2704 genere
1330 2650 1489 2703 partim
1525 2650 1581 2692 ad
1617 2651 1752 2692 nostri

149 2722 243 2764 aevi
271 2721 615 2764 consuetudinem
647 2726 853 2776 quantum
882 2722 998 2763 salva
1028 2719 1297 2773 antiquitatis
1333 2717 1415 2759 fide
1450 2716 1543 2759 fieri
1570 2722 1750 2780 poterat,

149 2790 525 2842 accommodatam,
554 2791 712 2843 partim
728 2790 862 2832 sicubi
886 2790 1062 2831 meliora
1092 2789 1181 2830 dies
1211 2787 1414 2828 docuerat
1441 2786 1751 2829 reformatam.“

151 2859 289 2911 Quare
319 2872 403 2900 non
432 2858 704 2912 repugnabit,
747 2858 783 2900 si
811 2859 903 2912 quis
929 2872 980 2899 ex
1006 2858 1140 2912 ipsius
1166 2855 1426 2897 documentis
1455 2855 1600 2910 aliqua
1627 2855 1751 2897 aliter

151 2927 433 2979 demonstrat,
473 2940 602 2980 quam
629 2926 720 2980 ipse
741 2927 853 2969 fecit.
910 2927 1056 2980 Neque
1092 2925 1201 2967 enim
1239 2923 1276 2965 is
1310 2937 1419 2976 sum,
1456 2924 1528 2977 qui
1565 2924 1749 2977 antiqui-

149 2996 253 3038 tatis
277 2996 484 3039 rationem
518 3009 602 3038 non
637 2994 838 3048 habeam,
871 3008 1006 3050 neque
1038 2993 1082 3036 id
1121 2991 1408 3048 probaverim,
1445 2991 1559 3046 quod
1587 2995 1629 3034 et
1651 2992 1749 3033 Rib-
