2023 3350
226 91 309 130 448

790 88 825 119 P.
853 87 1048 120 VIRGILIt
1076 86 1291 121 MAROMS

224 202 452 243 Praeterea
491 199 557 241 bis
595 212 669 240 sex
706 198 874 252 genitor
907 198 1142 243 lectissima
1179 204 1368 242 matrum

227 259 439 311 Corpora,
481 257 762 309 captivosque
807 255 951 307 dabit,
985 270 1147 311 suaque
1189 257 1386 299 omnibus
1425 269 1570 308 arma3

224 316 403 368 Insuper
435 313 522 364 his,
558 313 698 366 campi
735 311 853 365 quod
892 326 968 354 rex
1005 313 1138 356 habet
1175 316 1268 368 ipse
1303 314 1496 356 Latinus.

228 372 285 412 Te
324 384 449 421 vero,
488 383 584 411 mea
623 383 750 423 quem
783 369 937 423 spatiis
970 371 1245 424 propioribus
1281 375 1402 413 aetas

225 428 494 480 Insequitur,
532 427 772 469 venerande
810 440 933 480 puer,
968 427 1055 468 iam
1096 432 1269 481 pectore
1301 432 1396 471 toto

224 485 403 539 Accipio
444 488 486 526 et
521 485 720 525 comitem
760 491 884 525 casus
923 485 1189 538 complector
1222 486 1267 527 iu
1302 499 1461 528 omues.

224 542 355 583 Nulla
386 542 491 583 meis
530 542 620 583 sine
658 545 701 583 te
741 544 976 595 quaeretur
1013 542 1153 595 gloria
1181 542 1328 594 rebus;

226 598 309 641 Seu
346 612 498 653 pacem
534 612 608 640 seu
644 598 758 640 bella
799 612 966 652 geram,
1000 599 1082 640 tibi
1119 599 1306 641 maxima
1342 611 1485 640 rerum

224 655 554 710 Vei-horumque
585 655 703 698 fides.

224 714 440 768 Euryalus
454 728 462 755 :

226 833 331 867 Saepe
356 833 453 861 duces
469 833 508 860 ad
523 840 575 861 res
590 833 747 869 gerendas
774 833 931 868 praemiis
957 841 1030 869 pro-

224 877 342 912 positis
371 878 576 914 excitabant,
626 880 709 912 quod
750 878 916 908 dicebatur
949 887 1030 918 pro-

223 921 390 952 nuntiare
415 921 575 962 praemia
600 924 675 952 Liv.
702 921 740 959 2,
769 922 822 952 20.
871 922 932 961 21,
960 924 1012 953 45.

272 965 349 996 273.
376 966 535 1007 captivos
567 976 700 1007 suaque
738 966 895 998 omnibus
929 978 1029 999 arma

224 1013 245 1042 i.
271 1022 298 1042 e.
324 1014 473 1048 captivos
500 1018 529 1042 et
554 1022 663 1043 eorum
688 1021 779 1043 arma
805 1015 902 1044 dabit.

272 1057 348 1087 274.
376 1057 520 1099 insuper
542 1057 595 1088 his
616 1068 662 1089 sc.
683 1061 810 1089 addam.
853 1062 920 1089 Non
947 1069 1029 1096 opus

224 1108 290 1141 est,
316 1108 349 1133 ut
373 1107 531 1134 habeatur
557 1102 611 1134 his
636 1106 804 1134 ablativus
828 1110 857 1134 et
885 1103 1029 1146 insuper

223 1150 435 1187 praepositio,
460 1158 555 1186 quam
582 1152 855 1186 praepositionem
886 1152 949 1181 loci
973 1152 1029 1186 qui

225 1195 401 1224 afferuntur
438 1204 502 1224 non
537 1196 672 1225 firmant.
709 1212 747 1216 —-
782 1194 898 1235 campi
935 1194 1027 1236 quod

223 1245 301 1270 etc.:
345 1244 438 1278 „Mos
463 1242 585 1279 fuerat,
624 1247 657 1271 ut
683 1243 767 1271 viris
793 1242 928 1271 fortibus
954 1242 1028 1271 sive

224 1287 354 1320 regibus
382 1295 437 1322 pro
463 1290 582 1316 honore
611 1289 742 1317 daretur
766 1288 879 1323 aliqua
904 1288 1027 1322 pumici

224 1333 295 1368 agri
324 1333 501 1370 particula,
536 1337 570 1362 ut
599 1334 711 1362 habuit
739 1334 938 1368 Tarquinius
965 1336 1026 1362 Su-

224 1379 343 1412 perbus
366 1378 400 1406 in
423 1385 534 1413 campo
560 1380 693 1416 Martio,
720 1380 803 1414 quod
823 1379 964 1414 spatium
987 1382 1027 1408 ab

224 1423 362 1451 Homero
389 1417 535 1460 τέμενος
567 1424 694 1453 dicitur.
745 1425 812 1454 Hoc
842 1433 916 1461 ergo
945 1426 1027 1459 quod

224 1468 365 1496 Latinus
391 1476 447 1502 pro
477 1470 596 1497 honore
636 1471 674 1498 de
705 1470 872 1504 republica
906 1471 1028 1507 habuit,

225 1515 265 1542 ab
285 1513 433 1542 Ascanio
454 1513 676 1550 intelligamus
703 1523 776 1543 esse
795 1513 1026 1549 promtssumf‘

226 1560 259 1586 S.
309 1559 357 1587 Cf.
391 1558 484 1586 Dion.
517 1557 552 1595 3,
601 1556 615 1587 l
654 1556 726 1588 τῶν
757 1552 813 1588 <iel
851 1555 1028 1599 βασιλέων

224 1599 365 1641 κλῆρος.
414 1605 465 1632 Ita
497 1603 610 1633 Cocles
644 1608 673 1633 et
708 1605 837 1634 Mucius
868 1606 1028 1633 donantur

225 1648 301 1677 Liv.
332 1647 368 1685 2,
402 1646 453 1677 to.
480 1646 532 1677 13.
582 1650 627 1678 At
657 1658 734 1679 vero
760 1650 883 1679 nimius
914 1655 964 1679 est
993 1650 1026 1678 in

226 1694 437 1728 promittendo
468 1695 653 1731 Ascanius,
693 1696 847 1730 promittit
877 1697 938 1724 duo
970 1703 1027 1730 po-

224 1740 301 1768 cula
334 1746 451 1776 aurea,
499 1741 560 1769 duo
597 1741 754 1777 tripodeS,
795 1742 856 1770 duo
892 1742 1026 1778 talenta,

226 1783 374 1819 (cratera
399 1793 514 1822 unum,
551 1786 607 1814 ubi
638 1790 722 1815 recte
747 1787 937 1821 quaerimus
961 1786 1026 1815 utri

223 1830 331 1867 detur,
376 1838 480 1865 neque
523 1839 700 1865 possumus
731 1832 878 1866 expediri
920 1832 1025 1869 aliter,

224 1882 322 1909 quam
353 1880 388 1904 ut
413 1876 523 1905 omnia
550 1879 630 1906 haec
662 1877 740 1906 Niso
771 1877 919 1906 dicamus
952 1885 1027 1912 pro-

223 1921 315 1957 110111,
361 1922 418 1950 sed
454 1922 487 1950 id
521 1930 637 1951 verum
674 1931 737 1951 non
773 1927 822 1951 est
859 1931 891 1952 v.
927 1919 1025 1958 301.)

223 1967 337 1995 deinde
368 1967 468 1995 Turni
497 1973 590 1996 arma
623 1971 654 1996 et
684 1976 819 2005 equum,
860 1968 1027 1997 duodecim

225 2016 363 2047 matres,
405 2013 533 2041 totidem
560 2021 693 2050 servos,
730 2017 758 2042 et
790 2021 899 2043 eorum
924 2021 1026 2050 arma,

225 2061 254 2085 et
287 2057 398 2086 Latini
429 2064 554 2094 agrum.
603 2058 748 2087 Profecto
784 2061 864 2088 haec
904 2066 1024 2095 magna

223 2103 307 2130 satis
337 2107 411 2131 sunt
443 2104 606 2141 praemia,
638 2104 673 2132 in
697 2104 816 2139 quibus
851 2105 1027 2143 nescimus,

224 2152 330 2176 utrum
371 2149 587 2183 promittentis
624 2157 667 2178 an
716 2150 909 2185 accipientis
944 2150 1026 2179 satis

223 2193 338 2222 mirari
386 2195 552 2228 possimus
596 2195 839 2230 impudentiam.
887 2196 1026 2225 Auletes

223 2245 345 2275 magna
368 2239 450 2267 satis
468 2240 616 2275 praemia
634 2241 705 2269 dari
731 2249 795 2269 non
817 2248 913 2276 posse
939 2241 1024 2270 affir-

225 2289 306 2320 mat,
341 2285 490 2313 daturum
517 2289 623 2314 tamen
650 2286 798 2315 Aeneam
829 2287 942 2321 aliqua
966 2295 1025 2316 ex-

224 2334 364 2365 spectat,
387 2330 458 2358 eius
474 2339 564 2365 spem
582 2331 770 2361 confirmare
787 2336 907 2366 poterat
926 2332 1023 2369 filius,

224 2377 279 2403 sed
314 2382 353 2404 ea
386 2377 557 2413 promittit,
597 2384 680 2411 quae
721 2382 843 2411 patrem
876 2378 1024 2406 daturum

222 2428 286 2448 non
302 2425 404 2455 potest
427 2428 567 2456 sperare.
617 2422 761 2451 Primum
779 2423 895 2452 Latino
909 2430 1024 2459 agrum

222 2473 318 2494 suum
340 2467 472 2495 Aeneas
499 2470 668 2502 erepturus
695 2476 758 2496 non
785 2472 852 2505 est,
886 2476 926 2497 ne
953 2472 1024 2503 post

222 2512 343 2540 bellum
368 2512 496 2546 quidem
528 2512 567 2542 cf.
596 2509 653 2549 12,
685 2510 767 2548 190;
791 2515 890 2542 multo
916 2514 1023 2542 minus

222 2564 259 2584 eo
285 2560 444 2593 tempore,
470 2565 531 2591 quo
556 2559 676 2586 bellum
702 2566 774 2586 cum
800 2559 916 2587 Latino
942 2567 1024 2588 non—

222 2602 297 2629 dum
335 2607 393 2630 est.
442 2603 582 2631 Latinus
618 2610 730 2638 pacem
762 2604 954 2638 promiserat
993 2608 1023 2633 et

182 2661 187 2665 ·
221 2648 388 2682 servavit;
420 2649 550 2677 Turnus
582 2652 705 2677 tantum
730 2649 883 2677 turbavit.
933 2650 1023 2683 Quae

220 2699 260 2720 ea
287 2697 334 2720 est
359 2692 497 2730 iniuria,
529 2694 669 2723 amicum
693 2698 723 2722 et
745 2693 841 2723 fidum
858 2694 1023 2729 spoliare?

222 2736 368 2771 (Poteris
398 2745 558 2773 opponere
593 2739 624 2768 id
655 2739 804 2767 nescisse
836 2739 1021 2768 Ascanium

220 2790 323 2816 neque
356 2784 485 2811 omnino
525 2784 609 2813 scire
643 2784 798 2818 potuisse.
847 2785 893 2813 At
921 2785 1021 2814 scivit

221 2827 318 2863 Vgh]
368 2829 428 2856 Sed
464 2834 494 2857 ut
528 2831 587 2858 hoc
624 2829 782 2866 voluerit,
816 2830 892 2864 quid
920 2834 1019 2859 restat

220 2872 354 2901 Aeneae
383 2873 513 2911 victori,
541 2875 571 2902 si
594 2881 677 2908 quae
700 2874 810 2903 Latini
835 2878 927 2914 sunt,
955 2879 1020 2904 tra-

220 2918 338 2946 duntur
376 2918 463 2947 Niso.
521 2919 681 2955 Virgilius
713 2923 823 2948 eratne
856 2920 901 2948 ita
934 2921 1019 2948 anti-

221 2962 354 2995 quitatis
379 2963 525 3002 ignarus,
550 2969 583 2993 ut
599 2972 710 3001 regum
734 2965 804 2993 illis
822 2965 1020 3000 temporibus

765 655 927 698 Contra
970 670 1097 709 quem
1134 656 1243 698 talia
1279 656 1398 698 fatur

522 713 591 755 Me
624 713 744 755 nulla
785 713 875 755 dies
911 717 1001 756 tam
1036 713 1221 756 fortibus
1255 713 1371 756 ausis

1789 656 1872 696 280

1075 836 1110 862 ut
1134 832 1273 862 aliorum
1295 830 1459 861 hominum
1483 829 1682 866 opulentiam
1706 828 1740 857 in
1763 827 1874 858 fundis

1076 882 1107 907 et
1147 879 1300 915 gregibus
1331 877 1437 906 fuisse
1470 877 1628 912 positam,
1667 878 1703 903 ut
1732 875 1874 904 nondum

1076 924 1183 953 fuisse
1202 925 1325 953 reditus
1345 927 1375 952 et
1389 922 1566 958 vectigalia
1582 920 1744 950 nesciret?
1791 921 1873 949 Fru—

1076 973 1145 998 stra
1169 971 1264 998 sudat
1291 970 1441 1005 Aeneas,
1467 967 1577 997 omnia
1600 974 1656 1002 pro
1680 965 1758 994 Niso
1781 967 1875 995 labo-

1076 1019 1135 1044 rat.
1185 1017 1223 1044 Et
1243 1015 1322 1043 talia
1341 1014 1437 1043 audet
1454 1014 1636 1049 promittere
1655 1011 1760 1041 filius!
1799 1013 1875 1040 Ser-

1076 1068 1139 1090 vas
1158 1061 1256 1090 etiam
1275 1062 1356 1089 dono
1373 1061 1466 1088 datas
1482 1059 1626 1088 vidimus
1641 1065 1716 1085 esse
1738 1056 1769 1094 5,
1796 1054 1872 1085 285.

1075 1107 1119 1135 At
1140 1107 1368 1141 promittuntur
1386 1104 1570 1134 duodecim!
1596 1107 1627 1132 et
1642 1110 1663 1131 a
1680 1110 1778 1138 puero
1796 1103 1875 1131 ado-

1074 1153 1227 1181 lescenti!
1276 1153 1312 1180 Si
1353 1151 1571 1186 impudentiae
1604 1148 1728 1180 crimen
1767 1148 1875 1183 priore

1074 1198 1234 1232 promisso
1258 1206 1322 1226 non
1351 1196 1483 1233 effugit,
1514 1204 1601 1225 nunc
1626 1193 1787 1224 tenebitur
1811 1194 1875 1224 cri-

1073 1244 1159 1272 mine
1184 1243 1416 1278 impudicitiae.
1464 1243 1534 1270 Iam
1559 1248 1693 1280 suaque
1717 1236 1876 1269 omnibus

1073 1296 1175 1318 arma
1202 1290 1315 1318 durum
1350 1292 1396 1317 est
1424 1287 1550 1317 dicendi
1579 1293 1682 1323 genus
1714 1292 1770 1320 pro
1803 1293 1874 1314 om-

1071 1332 1180 1363 m'um.
1223 1335 1258 1363 Si
1291 1334 1361 1364 dics
1389 1330 1476 1362 liber
1500 1328 1588 1361 mihi
1616 1333 1682 1369 est,
1713 1339 1777 1360 non
1799 1338 1875 1366 pos-

1074 1388 1148 1409 sum
1173 1381 1278 1409 dicere
1315 1377 1402 1408 liber
1427 1375 1513 1407 mihi
1547 1385 1570 1406 a
1605 1379 1639 1406 te
1671 1374 1781 1405 lectus
1813 1377 1874 1405 est.

1075 1426 1164 1460 Quod
1203 1426 1367 1460 explicant
1402 1430 1535 1463 suaque
1574 1419 1732 1451 omnibus
1772 1429 1875 1450 arma

1075 1463 1204 1505 αὐτοῖς
1234 1463 1407 1509 τεύχεσιν,
1446 1477 1505 1498 nec
1537 1475 1653 1504 graece
1683 1475 1743 1497 nec
1772 1467 1875 1496 latine

1075 1516 1158 1543 satis
1185 1516 1271 1553 scio,
1297 1520 1331 1543 ut
1356 1517 1437 1544 haec
1450 1516 1562 1543 eadem
1583 1521 1657 1543 esse
1680 1513 1872 1549 intelligam.

1074 1560 1197 1589 Deinde
1218 1557 1377 1589 omnibus
1401 1561 1446 1589 ita
1470 1560 1588 1589 dictum
1617 1562 1684 1597 est,
1714 1562 1749 1587 ut
1775 1559 1874 1587 etiam

1074 1607 1115 1634 ad
1162 1610 1281 1635 matres
1323 1605 1482 1640 pertinere
1526 1605 1685 1633 videatur.
1735 1604 1872 1633 Omnino

1073 1654 1155 1680 haec
1183 1654 1223 1680 ab
1249 1651 1395 1680 Ascanio
1423 1652 1577 1679 donorum
1604 1649 1779 1685 promissio
1812 1650 1874 1678 mi-

1074 1705 1144 1726 rum
1174 1701 1330 1732 quantum
1354 1697 1464 1731 inepta
1488 1696 1626 1724 videtur.
1674 1697 1745 1724 Non
1767 1697 1874 1730 placet

1072 1743 1165 1771 nobis
1190 1750 1269 1777 puer
1302 1742 1384 1771 viris
1409 1742 1544 1771 fortibus
1569 1741 1716 1776 praemia
1738 1741 1874 1776 promit-

1073 1791 1144 1816 tens
1168 1795 1224 1824 ea,
1255 1794 1338 1822 quae
1368 1795 1471 1822 neque
1500 1789 1595 1816 habet
1619 1793 1722 1821 neque
1755 1793 1873 1822 parare

1072 1833 1136 1861 sibi
1161 1832 1231 1867 ipse
1254 1836 1367 1869 potest,
1391 1837 1426 1861 ut
1450 1833 1552 1861 Turni
1577 1839 1694 1867 equum
1715 1834 1745 1861 et
1769 1839 1872 1871 arma,

1073 1884 1139 1913 qna
1160 1878 1193 1907 in
1218 1886 1252 1907 re
1281 1882 1390 1913 aperte
1414 1881 1509 1913 poeta
1534 1877 1715 1906 Doloneian
1739 1878 1872 1907 Homeri

1073 1924 1262 1959 respexisse
1309 1923 1566 1958 deprehenditur.
1630 1925 1701 1952 Non
1743 1925 1874 1958 placent

1074 1970 1158 1998 dona
1179 1976 1200 1998 a
1224 1969 1349 1998 Didone
1373 1970 1499 2005 oblata;
1533 1976 1637 2003 neque
1669 1968 1755 1998 enim
1780 1969 1872 1999 femi-

1073 2022 1149 2044 nam
1165 2019 1291 2044 curaret
1311 2015 1423 2051 Nisus,
1449 2015 1503 2044 vir
1516 2014 1619 2051 fortis,
1644 2022 1748 2049 neque
1764 2017 1874 2051 splen-

1075 2061 1183 2089 didum
1214 2065 1263 2089 est
1289 2061 1424 2098 donum,
1462 2061 1546 2095 quod
1571 2060 1650 2089 aliis
1675 2061 1807 2098 damus,
1838 2064 1874 2090 ut

1074 2108 1166 2135 modo
1190 2106 1385 2135 iniuriarum
1409 2113 1492 2141 quas
1521 2105 1660 2135 fecimus
1683 2106 1874 2136 memoriam

1073 2152 1379 2181 mentieximamus.
1429 2151 1511 2186 Quid
1530 2151 1628 2187 igitur
1641 2153 1765 2181 tetstat‘t²
1805 2152 1872 2181 Aut

1072 2197 1235 2233 virgilius
1265 2200 1324 2227 hoc
1358 2199 1428 2227 loco
1471 2204 1536 2226 non
1568 2197 1770 2235 dormitavit,
1814 2198 1873 2226 sed

1072 2243 1159 2272 omni
1184 2247 1289 2272 mente
1315 2246 1429 2278 captus
1456 2241 1527 2278 fuit,
1553 2246 1609 2270 aut
1632 2243 1756 2277 aliquis
1777 2245 1872 2272 homo

1071 2288 1182 2317 fatuus
1207 2293 1237 2317 et
1262 2289 1391 2323 ineptus
1413 2287 1602 2324 virgiliana
1626 2288 1699 2316 suis
1721 2288 1872 2317 absurdi-

1071 2334 1190 2362 tatibus
1213 2334 1323 2370 auxit,
1353 2337 1408 2362 aut
1430 2333 1591 2370 Virgilius
1623 2333 1721 2363 varia
1740 2333 1872 2369 reliquit

1071 2379 1266 2415 tentamina,
1302 2388 1319 2408 e
1350 2379 1467 2414 quibus
1490 2379 1612 2413 optima
1640 2379 1784 2415 eligeret.
1816 2375 1869 2408 Pl.

1071 2432 1190 2453 versus
1217 2422 1294 2452 272.
1325 2421 1353 2452 3.
1390 2422 1420 2452 4.
1443 2425 1535 2453 delet.

1118 2467 1193 2498 275.
1218 2467 1444 2509 propioribus
1462 2469 1501 2498 cf.
1522 2470 1581 2498 Ov.
1599 2471 1643 2498 Μ.
1662 2467 1693 2507 3,
1717 2466 1782 2498 541
1798 2477 1869 2506 vos,

1071 2513 1186 2544 acrior
1219 2518 1339 2551 aetas,
1389 2523 1406 2543 ο
1453 2511 1613 2552 iuvenes,
1657 2512 1871 2556 propiorque

1070 2567 1179 2589 meae.

1114 2603 1191 2633 275.
1217 2601 1432 2644 insequitur:
1457 2604 1626 2635 Ascanius
1648 2605 1748 2642 igitur
1762 2603 1869 2633 iunior

1068 2652 1224 2686 Euryalo.
1252 2665 1289 2670 —-
1315 2652 1455 2689 pectore
1490 2652 1562 2680 toto
1596 2651 1706 2688 „omni
1742 2649 1866 2686 affectu,

1067 2700 1097 2724 et
1133 2700 1183 2725 est
1219 2696 1258 2724 de
1291 2696 1471 2730 proverbio.
1521 2696 1633 2726 Cicero
1668 2696 1705 2724 de
1739 2694 1867 2731 legibus

1066 2738 1138 2769 nisi
1159 2742 1232 2770 toto
1252 2743 1392 2780 pectore
1423 2743 1565 2770 amatur
1584 2743 1622 2769 ut
1643 2736 1808 2769 dicitur.“
1833 2741 1865 2768 S.

1113 2783 1190 2814 277.
1217 2793 1321 2814 casus
1340 2782 1375 2814 in
1396 2794 1530 2815 omnes.-
1552 2785 1600 2815 Cf.
1624 2785 1681 2813 Sil.
1710 2780 1740 2820 1,
1765 2781 1807 2812 76
1834 2786 1866 2814 et

1064 2838 1100 2860 sc
1122 2828 1344 2870 participiem
1371 2839 1472 2860 casus
1498 2827 1651 2860 sociarat
1675 2826 1710 2858 in
1738 2836 1865 2859 omnes·

1112 2873 1188 2904 279.
1216 2883 1273 2904 seu
1304 2883 1427 2916 pacem
1457 2883 1515 2905 seu
1548 2871 1638 2904 bella
1665 2881 1790 2915 geram
1824 2874 1865 2904 cf.

1067 2918 1109 2958 7,
1135 2918 1212 2949 444.

1113 2963 1192 2995 281.
1217 2966 1373 3002 Equidem
1406 2971 1570 3000 nunquam
1599 2966 1659 2994 hoc
1691 2964 1774 2995 facto
1812 2965 1865 2995 in-
