2023 3350
852 584 1387 702 INDEX.'

642 889 700 923 A.

268 972 290 992 a
321 967 352 992 et
379 971 396 991 c
417 971 437 992 a
460 961 602 991 librariis
625 961 767 991 confusa
794 958 824 997 4,
850 961 904 990 98.

268 1019 289 1039 a
314 1018 476 1049 praepos.
509 1017 582 1037 cum
609 1016 639 1036 v.
661 1016 781 1037 recens
809 1008 920 1036 iuncta
939 1011 1068 1043 tempus

315 1056 424 1090 signat
455 1054 494 1091 6,
521 1053 599 1082 450.
624 1070 666 1073 -
693 1062 714 1082 a
740 1051 885 1090 uertice,
924 1055 1070 1089 desuper

320 1102 347 1139 1,
379 1099 450 1129 114.
475 1115 519 1120 —-
544 1108 617 1128 cum
654 1101 761 1129 subst.
794 1099 940 1129 iunctum
972 1100 1071 1137 origi—

315 1156 388 1176 nem
413 1147 520 1181 signat
544 1146 576 1182 7,
602 1142 680 1175 647.

270 1203 366 1235 Abas
392 1203 489 1238 clipei
516 1203 668 1231 inventor
692 1200 723 1239 3,
749 1199 826 1230 286.
848 1218 892 1221 ——
912 1203 979 1230 dux
1005 1203 1071 1230 Po-

318 1250 525 1287 puloniorum
573 1248 630 1286 10,
694 1247 768 1277 170.
815 1264 859 1267 -
905 1247 1070 1277 Troianus

322 1297 350 1333 1,
379 1295 453 1324 121.

271 1351 397 1385 Abella
425 1361 500 1387 opp.
533 1352 564 1389 7,
588 1349 667 1379 740.

271 1398 391 1430 abesse
416 1398 514 1428 alicui
548 1396 597 1434 12,
622 1395 677 1426 52.

273 1442 464 1477 Ablativus
503 1444 550 1472 rei
583 1442 754 1472 efficientis
796 1442 834 1479 3,
879 1441 953 1471 134.
986 1443 1070 1478 (quo

318 1492 457 1528 pertinet
488 1491 554 1518 tale
583 1485 754 1528 purpurei
787 1486 903 1518 cristis
930 1486 1072 1517 iuvenes

318 1538 349 1573 7,
375 1535 473 1571 483.)
501 1534 760 1570 comparationis
787 1543 845 1570 pro
865 1542 967 1574 quam
995 1542 1069 1563 cum

317 1582 512 1613 accusativo
547 1581 571 1619 1,
605 1579 654 1609 15.
683 1595 727 1600 -—
750 1581 907 1609 materiae
934 1580 965 1616 3,
991 1578 1070 1609 618.

317 1629 475 1664 temporis
501 1634 559 1662 pro
575 1628 655 1666 post
672 1625 705 1661 3,
726 1626 804 1655 309.
833 1641 877 1645 ——
901 1626 979 1663 loci,
1005 1634 1069 1661 quo

316 1676 392 1710 quid
419 1678 481 1711 est,
506 1675 537 1702 ln
563 1672 749 1701 nominibus
765 1676 924 1701 terrarum
940 1671 972 1709 3,
990 1670 1069 1702 503.

316 1737 360 1743 -—
388 1719 525 1754 originis
558 1716 595 1755 4,
627 1716 680 1745 36.
706 1733 750 1737 *-
785 1722 816 1746 et
851 1717 1011 1755 hominis,
1049 1725 1069 1746 a

317 1775 380 1802 quo
404 1766 478 1801 quis
512 1768 602 1792 ortus
635 1768 687 1792 est.
711 1761 742 1800 3,
769 1762 846 1792 614.
889 1779 932 1783 -—
983 1763 1070 1792 modi

317 1819 348 1842 et
374 1810 543 1847 qualitatis
572 1809 599 1845 1,
618 1808 672 1838 71.
698 1824 741 1829 —
767 1809 968 1839 substantivi
993 1817 1070 1838 ver-

319 1860 403 1889 balis
437 1858 469 1886 in
505 1865 527 1885 u
564 1863 637 1884 cum
668 1855 811 1889 genitivo
850 1855 884 1892 l,
920 1853 998 1884 677.
1024 1870 1070 1875 -ὀ

316 1910 390 1941 post
414 1905 518 1933 verba
556 1901 727 1930 auferendi
759 1906 790 1930 et
822 1903 1012 1930 removendi
1038 1901 1070 1939 6,

317 1952 394 1981 259.
419 1966 464 1970 -——
489 1952 564 1984 post
587 1950 689 1976 verba
718 1955 790 1977 cuni
821 1955 858 1976 re
882 1948 1069 1983 composita

321 1997 349 2035 1,
378 1996 454 2025 358.
479 2011 523 2014 -
550 2002 606 2029 pro
624 2001 698 2023 cnm
723 1998 754 2022 et
778 1994 923 2023 ablativo
942 1994 974 2033 9,
991 1992 1070 2023 686.

319 2052 377 2080 pro
407 2051 423 2071 e
447 2046 478 2070 et
504 2042 568 2070 abl.
594 2040 627 2078 7,
650 2036 729 2069 274.

271 2088 453 2130 abnegare
480 2087 513 2123 2,
538 2083 615 2116 637.

272 2133 411 2166 abolere
437 2134 579 2169 aliquem
607 2140 650 2161 ex
676 2131 834 2160 memoria
863 2130 891 2169 l,
917 2130 994 2161 720.

271 2180 479 2221 abrumpere
515 2180 617 2208 vitam
649 2175 685 2215 4,
715 2177 793 2206 631.
839 2194 883 2197 -
931 2175 1071 2207 abrum-

316 2225 416 2268 pitur
448 2227 565 2263 nubes,
599 2224 734 2262 fulmen,
767 2226 914 2259 procella
943 2228 1004 2253 etc.
1038 2223 1070 2263 2,

319 2273 395 2302 416.

271 2315 482 2349 abscondere
505 2322 623 2346 terram
648 2316 741 2347 dictr.
767 2320 888 2344 nautae
914 2314 946 2352 3,
970 2314 1047 2344 291.

271 2365 493 2396 Abstractum
521 2372 578 2399 pro
602 2367 757 2392 concreto
781 2359 812 2399 3,
833 2359 909 2390 471.
936 2361 967 2398 5,
993 2359 1071 2391 754.

318 2428 361 2432 —
388 2410 525 2439 assumit
557 2409 724 2438 adiectiva
756 2413 912 2438 concreto
937 2412 1015 2444 apta
1045 2407 1071 2446 l,

321 2457 401 2486 202.

273 2500 413 2533 abunde
437 2510 465 2531 c.
487 2502 586 2536 genit.
609 2502 640 2538 7,
665 2499 742 2529 552.

270 2544 502 2580 Abundantia
528 2547 794 2576 coniunctionum
813 2548 850 2575 ut
871 2543 929 2575 sed
955 2548 1071 2575 autern

317 2596 350 2630 2,
383 2593 454 2623 101.
501 2591 601 2632 prins
633 2596 820 2633 antequam
849 2591 880 2628 4,
905 2590 961 2621 27.
1014 2593 1072 2621 :td-

319 2641 505 2670 verbiorum
540 2639 572 2677 6,
610 2639 686 2668 751.
729 2655 772 2659 -—-
812 2639 909 2668 additi
935 2639 1073 2667 ablativi

319 2689 349 2721 4,
378 2684 453 2715 344.
481 2701 525 2706 --
549 2685 648 2714 additi
673 2685 828 2714 ailiectivi
853 2683 884 2721 4,
908 2684 986 2714 588.

272 2731 439 2773 abusque,
463 2734 614 2767 adusque
640 2731 692 2767 11,
711 2730 789 2760 262.

275 2788 315 2806 ac
340 2788 370 2807 υ.
398 2781 512 2817 alque.

276 2824 426 2853 Acamas
450 2824 482 2858 2,
508 2821 589 2851 261.

274 2867 444 2898 acanthus
486 2873 712 2898 ornamentum
753 2869 894 2897 vestium
938 2874 996 2897 etc.
1044 2868 1071 2906 1,

321 2914 396 2943 649.

277 2958 381 2995 Acca,
408 2961 567 2989 Camillae
599 2960 703 2989 amica
735 2957 784 2995 11,
813 2959 891 2988 820.

276 3003 433 3035 accidere
455 3009 603 3035 arborem
627 3006 658 3044 2,
681 3006 758 3035 627.

1114 891 1257 934 accingi
1280 890 1421 932 facibus
1445 893 1477 931 9,
1501 891 1554 922 74.
1583 890 1594 895 “

1115 938 1284 980 accipere,
1312 939 1425 968 audire
1450 939 1483 977 2,
1505 939 1560 968 65.
1588 954 1627 959 -—
1651 945 1748 968 omen
1764 936 1816 976 12,
1829 936 1906 969 260.

1116 984 1284 1025 accipiter
1307 986 1402 1014 Marti
1428 993 1525 1015 sacer
1552 984 1603 1022 ll,
1629 982 1707 1014 721.

1116 1030 1228 1060 accire
1252 1036 1283 1060 et
1308 1029 1446 1060 adscire
1480 1032 1643 1066 quomodo
1681 1031 1830 1060 differant
1859 1027 1910 1067 11,

1117 1120 1264 1152 acclinis
1292 1121 1343 1161 10,
1367 1120 1445 1151 835.

1117 1166 1350 1199 Accusatiuus
1389 1168 1465 1203 quid
1501 1167 1660 1204 significet
1689 1166 1727 1200 8.
1769 1164 1843 1196 114.
1867 1181 1912 1185 -

1164 1216 1250 1252 viae,
1275 1222 1340 1249 qua
1361 1213 1423 1243 itur
1439 1214 1472 1252 5,
1490 1212 1569 1243 235.
1599 1229 1644 1234 -—
1666 1213 1743 1251 loci,
1761 1221 1824 1248 quo
1847 1212 1913 1241 itur

1163 1260 1195 1297 4,
1232 1260 1304 1289 106.
1325 1275 1369 1279 -
1391 1260 1425 1289 111
1444 1259 1556 1289 verbis
1576 1259 1768 1289 declarandi
1787 1259 1820 1296 2,
1833 1256 1911 1288 549.

1163 1323 1207 1328 -
1239 1307 1279 1336 ad
1310 1306 1502 1334 infinitivum
1533 1307 1680 1336 omissus
1705 1304 1738 1343 3,
1764 1302 1841 1334 201.
1867 1319 1913 1324 —

1163 1361 1237 1382 cum
1267 1352 1427 1381 infinitivo
1464 1352 1496 1381 in
1529 1351 1774 1381 exclamatione
1811 1350 1838 1389 1,
1857 1348 1912 1379 37.

1163 1415 1207 1418 -
1244 1399 1419 1433 appositus
1469 1397 1636 1426 enuntiato
1688 1396 1740 1436 11,
1778 1394 1833 1426 76.
1871 1412 1909 1417 -

1161 1452 1303 1480 graecus
1336 1443 1362 1480 l,
1386 1441 1466 1472 228.
1505 1443 1544 1480 2,
1571 1442 1651 1472 273.
1677 1459 1722 1464 —
1747 1442 1915 1478 pronomi-

1161 1493 1213 1520 nis
1238 1490 1388 1519 neutrius
1414 1497 1488 1519 cum
1512 1491 1615 1518 verbo
1640 1497 1767 1530 cogere
1790 1495 1853 1518 etc.
1879 1488 1912 1525 3,

1161 1536 1215 1566 56.
1241 1551 1285 1555 -
1311 1535 1465 1564 adiectivi
1490 1535 1639 1564 neutrius
1672 1543 1731 1570 pro
1755 1535 1913 1564 adverbio

1160 1582 1193 1620 8,
1218 1580 1294 1610 489.
1330 1597 1374 1601 —
1416 1583 1541 1616 duplex
1573 1581 1722 1610 eiusdem
1755 1581 1912 1610 rectionis

1163 1628 1216 1703 ἒξ,
1241 1625 1319 1701 {g}
1357 1642 1401 1646 —
1442 1628 1566 1662 duplex
1607 1627 1721 1656 variae
1756 1626 1913 1657 rectionis

1185 1695 1216 1710 ..,
1313 1694 1320 1702 .

1115 1728 1205 1757 acer,
1232 1718 1326 1747 fortis
1353 1716 1406 1756 10,
1426 1715 1504 1747 308.

1115 1763 1240 1796 acerba
1265 1772 1365 1800 mors,
1386 1763 1485 1792 funus
1512 1761 1543 1800 6,
1569 1761 1648 1792 429.

1117 1812 1244 1842 Acesta
1273 1818 1350 1845 opp.
1376 1808 1407 1847 5,
1435 1809 1513 1838 718.
1536 1808 1578 1838 cf.
1603 1809 1791 1844 Segestani.

1116 1850 1257 1888 Acesta-'s
1279 1864 1339 1885 rex
1364 1855 1396 1892 7,
1420 1853 1475 1884 37.

1118 1901 1269 1934 Achates
1288 1902 1429 1936 armiger
1454 1903 1590 1930 Aeneae
1613 1899 1642 1939 l,
1673 1899 1744 1929 195.

1119 1945 1370 1980 Achemenides
1387 1947 1476 1976 Ulixi
1497 1947 1610 1977 socius
1637 1944 1669 1985 2,
1693 1945 1771 1976 588.

1118 1992 1277 2026 Acheron
1302 1993 1331 2023 fl.
1357 1993 1390 2031 6,
1415 1992 1493 2022 295.

1118 2037 1311 2071 Acherusia
1337 2041 1435 2075 palus
1460 2038 1492 2077 6,
1516 2035 1592 2068 107.

1117 2084 1271 2117 Achilles
1300 2085 1328 2123 1,
1359 2084 1436 2114 458.
1461 2083 1539 2114 468.
1563 2082 1639 2114 475.
1664 2082 1741 2114 484.
1766 2086 1809 2115 al.

1118 2130 1284 2163 Acidalia
1310 2133 1422 2161 Venus
1449 2130 1477 2168 l,
1506 2129 1583 2159 720.

1115 2176 1209 2209 acies
1235 2179 1406 2207 oculorum
1432 2176 1464 2215 6,
1489 2176 1566 2206 789.

1115 2222 1248 2255 aclides
1274 2222 1304 2261 7,
1331 2222 1410 2252 730.

1120 2271 1281 2311 Acragas
1311 2278 1418 2306 mons,
1444 2269 1658 2304 Agrigentum
1686 2270 1764 2297 urbs
1785 2267 1817 2304 3,
1837 2267 1913 2297 703.

1115 2314 1340 2347 Acrisioneas
1365 2316 1428 2345 adi.
1456 2315 1488 2353 7,
1512 2314 1590 2344 410.

1119 2360 1277 2392 Acrisius
1302 2362 1435 2391 cf.¹tab.
1463 2369 1538 2396 gen.
1563 2363 1588 2390 1.

1116 2411 1210 2446 acta,
1233 2409 1309 2437 litus
1332 2408 1363 2444 5,
1389 2405 1466 2436 613.

1118 2452 1255 2485 Actium
1281 2454 1311 2491 3,
1343 2451 1421 2482 274.
1451 2468 1488 2472 -
1515 2453 1557 2482 ibi
1593 2453 1659 2482 ludi
1689 2454 1853 2487 agonales
1881 2449 1913 2489 3,

1161 2500 1239 2528 280.
1271 2517 1314 2520 -—
1340 2499 1499 2535 proelium
1525 2498 1558 2537 8,
1579 2498 1656 2528 675.

1118 2544 1279 2576 Activnm
1305 2550 1337 2575 et
1364 2546 1541 2575 passivum
1565 2546 1726 2574 alternant
1751 2543 1785 2580 3,
1811 2541 1889 2572 213.

1118 2601 1242 2621 acuere
1265 2593 1357 2625 iram,
1382 2597 1514 2626 metum,
1538 2591 1667 2620 furores
1696 2590 1747 2627 12,
1774 2589 1852 2618 590.
1870 2606 1912 2609 -

1162 2639 1282 2667 ferrum
1312 2639 1432 2667 bellum
1459 2645 1577 2672 parare
1603 2636 1634 2672 8,
1660 2637 1739 2666 386.

1118 2682 1164 2713 ad
1190 2693 1315 2720 auras,
1344 2692 1476 2712 sursum
1514 2683 1545 2719 3,
1571 2682 1647 2712 422.
1673 2699 1718 2704 -
1743 2687 1858 2712 contra
1880 2680 1912 2719 2,

1162 2729 1238 2759 444.
1261 2746 1305 2749 ——
1331 2727 1377 2758 ad
1402 2727 1522 2758 lunam
1544 2728 1575 2766 4,
1599 2728 1677 2759 513.
1702 2745 1746 2750 -
1773 2727 1820 2757 ad
1838 2736 1912 2757 cum

1162 2777 1275 2805 verbis
1302 2774 1502 2813 dicentum,
1527 2774 1603 2804 742.
1627 2791 1673 2796 —
1702 2773 1749 2804 nd
1784 2782 1804 2803 a
1834 2776 1912 2803 suh-

1162 2823 1306 2851 stantivo
1344 2823 1511 2858 pendens,
1555 2819 1602 2850 ad
1639 2819 1763 2851 limina
1797 2823 1913 2850 custos

1162 2868 1193 2902 9,
1228 2866 1304 2896 6-18.
1356 2883 1393 2887 -
1444 2868 1686 2903 praepositione
1727 2867 1912 2902 composita

1161 2922 1249 2942 novat
1273 2922 1325 2948 ap.
1345 2914 1433 2948 Virg.
1459 2914 1491 2949 9,
1516 2913 1570 2942 52.

1117 2958 1268 2988 adamas
1294 2968 1351 2995 pro
1385 2968 1418 2987 re
1446 2962 1527 2989 dura
1554 2960 1584 2996 6,
1609 2958 1685 2988 552.

1116 3004 1249 3035 addere
1283 3014 1453 3035 numerum
1487 3007 1523 3041 7,
1557 3004 1632 3033 211.
1657 3020 1698 3024 --
1725 3012 1849 3034 moram
1880 3005 1909 3042 7,
