2023 3350
233 117 315 155 344

803 113 842 142 P.
871 111 1066 144 Vtuntur
1092 111 1302 145 MAROMS

235 226 373 275 l‘ieus,
410 237 565 276 equum
604 222 814 264 domitor:
847 236 973 276 quem
1013 226 1141 278 capta
1181 224 1380 279 cupidine
1414 225 1598 267 coniunx

234 285 376 324 Aurea
410 293 659 334 percussum
690 280 813 334 virga
846 294 1099 334 versumque
1137 282 1308 323 venenis

1795 283 1876 323 190

236 339 356 381 Fecit
387 350 506 378 avem
548 336 692 388 Circe,
726 337 973 391 sparsitque
1012 337 1227 380 coloribus
1265 339 1371 381 alas.

233 395 326 437 Tali
365 395 480 435 intus
518 394 679 446 templo
717 394 858 435 divom
890 394 1122 449 patriaque
1156 395 1334 438 Latinus

236 451 346 494 Sede
386 450 537 492 sedens
570 451 757 493 Teucros
798 451 855 493 ad
895 465 986 494 sese
1026 452 1070 493 in
1109 455 1225 494 tecta
1263 454 1452 506 voeavit3

235 511 376 563 Atque
409 508 517 550 haec
550 508 754 561 ingressis
790 509 962 562 placido
1001 509 1122 563 prior
1158 509 1293 551 edidit
1329 524 1422 552 ore:

349 566 511 617 Dicite,
551 565 849 618 Dardanidae,
886 580 1024 620 neque
1058 566 1168 607 enim
1202 568 1412 609 nescimus
1448 572 1490 611 et
1526 569 1688 622 urbem,

1797 570 1877 611 195

235 624 291 665 Et
329 637 477 677 genus,
513 622 737 677 auditique
776 623 1000 666 advertitis
1038 637 1225 677 aequore
1261 638 1444 677 cursum,

236 681 345 731 Quid
382 680 557 734 petitis?
597 694 707 734 quae
746 695 898 723 caussa
932 685 1047 723 rates
1092 685 1168 723 aut
1206 682 1326 724 cuius
1368 687 1540 736 egentes

234 739 356 780 Litus
393 738 449 779 ad
487 738 722 779 Ausonium
758 742 824 780 tot
861 753 939 792 per
977 739 1090 779 vada
1128 738 1300 781 caerula
1331 740 1472 781 vexit?

237 795 334 837 Sive
375 808 521 836 errore
558 795 673 847 viae,
711 809 786 837 seu
824 795 1155 850 tempestatibus
1195 797 1282 838 acti
1310 823 1363 826 ——

235 852 392 904 Qualia
428 853 565 894 multa
597 853 706 894 mari
746 857 906 896 nautae
939 854 1163 907 patiuntur
1199 854 1244 895 in
1282 854 1370 896 alto
1409 878 1458 884 —

1796 855 1880 894 200

234 910 444 952 Fluminis
482 910 678 951 intrastis
712 911 851 965 ripas,
886 915 1103 965 portuque
1141 911 1318 953 sedetis:

235 968 299 1009 Ne
336 967 472 1021 fugite
509 967 767 1022 hospitium,
802 982 908 1010 neve
941 969 1140 1022 ignorate
1177 969 1354 1010 Latinos

237 1025 413 1068 Saturni
452 1028 640 1078 gentem,
674 1024 794 1066 haud
832 1026 972 1068 vinclo
1013 1039 1091 1067 nec
1127 1026 1294 1080 legibus
1335 1039 1530 1080 aequam,

237 1083 400 1136 Sponte
435 1096 516 1124 sua
552 1083 798 1135 veterisque
836 1083 903 1125 dei
941 1097 986 1125 se
1024 1097 1144 1125 more
1176 1088 1404 1126 tenentem.

235 1141 379 1193 Atque
419 1139 616 1193 equidem
653 1140 826 1181 memini
861 1166 918 1172 —
951 1141 1068 1183 fama
1102 1145 1167 1182 est
1202 1141 1428 1183 ohscurior
1464 1140 1587 1183 annis
1624 1165 1681 1172 -

236 1198 461 1239 Auruncos
497 1198 560 1239 ita
597 1197 710 1239 ferre
749 1211 891 1250 senes,
927 1198 993 1240 his
1032 1202 1152 1240 ortus
1191 1202 1242 1240 ut
1280 1199 1397 1253 agris

235 1254 467 1296 Dardanus
507 1254 662 1296 Idaeas
701 1255 914 1310 Phrygiae
952 1256 1192 1310 penetrarit
1228 1256 1283 1298 ad
1318 1256 1458 1307 urbes,

240 1312 567 1366 Threiciamque
603 1312 795 1365 Samum,
833 1327 945 1368 quae
983 1327 1095 1355 nunc
1135 1314 1434 1356 Samothracia
1463 1312 1614 1355 fertur.

239 1455 356 1486 postea
393 1454 623 1482 sacerdotibus
668 1454 799 1482 mansit.
834 1470 877 1473 ν-
916 1451 1037 1483 Ancile

238 1502 389 1533 ..scutum
416 1497 537 1527 breves·
564 1502 596 1527 S.
623 1502 653 1527 et
679 1500 775 1534 quasi
800 1499 949 1527 ancisum
976 1508 1036 1527 ex—

239 1543 357 1577 plicant
386 1544 533 1573 Romani.
558 1544 598 1572 cf.
623 1544 659 1581 8,
686 1542 762 1572 664.
812 1545 910 1573 Picus
941 1545 1038 1578 igitur

239 1588 403 1616 Saliorum
429 1589 460 1617 in
489 1597 610 1618 morem
638 1594 774 1618 ornatus
800 1595 868 1627 est,
894 1593 924 1617 et
952 1590 1036 1624 quod

239 1640 344 1668 augur
364 1634 467 1662 fuerat
485 1635 703 1669 clarissimus.
729 1636 808 1669 gerit
825 1636 949 1664 lituum.
999 1637 1036 1663 Et

238 1679 334 1713 ..piri
352 1680 466 1708 Martio
484 1681 678 1712 cognomine
696 1681 857 1715 insignes.
877 1681 907 1709 in
923 1681 1038 1715 auspi-

239 1728 312 1752 catu
341 1724 481 1758 magnif‘
520 1726 601 1754 Plin.
628 1725 684 1761 10.
717 1725 771 1763 18.
808 1725 853 1753 20
878 1730 908 1753 et
931 1726 1037 1763 picus,

238 1770 269 1797 in
298 1777 390 1803 quem
417 1771 472 1798 ille
503 1779 562 1799 rex
587 1775 730 1799 mutatus
755 1779 833 1799 esse
858 1771 1037 1806 dicebatur,

238 1815 355 1843 Martia
380 1816 454 1844 avis
479 1816 593 1844 dicitur
618 1819 658 1845 ab
687 1818 747 1844 Ov.
776 1819 808 1844 F.
837 1814 874 1852 3,
905 1816 968 1851 37;
1005 1821 1038 1845 ut

238 1861 332 1888 Marti
352 1861 509 1896 imprimis
533 1866 646 1896 gratus
666 1861 771 1890 fuisse
796 1870 856 1889 rex
876 1862 1038 1898 videatur,

240 1913 342 1939 quare
369 1907 555 1935 Mat-tiorum
590 1915 663 1935 eum
699 1912 794 1942 poeta
825 1907 900 1936 facit
937 1908 1039 1936 vesti-

240 1956 304 1979 tunt
331 1954 538 1980 sacerdotum
567 1958 693 1981 ornatu.

287 1995 360 2025 189.
388 2005 512 2036 equum
540 1995 709 2027 domitor.-
746 2000 795 2026 Ita
829 2006 881 2033 ap.
910 2000 969 2026 (Ν.
997 2000 1038 2026 Μ.

241 2039 299 2078 14,
325 2041 392 2069 320
419 2039 522 2071 Picus
554 2040 589 2071 in
613 2041 795 2081 simoniis,
825 2040 942 2082 proles
973 2042 1040 2071 Sa-

238 2084 376 2123 turnia,
408 2085 513 2117 terris
546 2085 618 2117 Rea:
647 2086 739 2126 fuit.
780 2086 915 2117 utilium
951 2085 1040 2117 bello

239 2129 417 2161 studiosus
452 2141 628 2172 equorum.
663 2150 706 2152 —
751 2131 910 2163 Coniunx
954 2143 1039 2162 ..uon

239 2185 324 2211 quae
357 2182 444 2216 erat,
477 2180 536 2207 sed
569 2186 652 2213 quae
684 2187 763 2208 esse
793 2180 978 2214 e·1pietiat.''·
1007 2182 1040 2208 S.

238 2225 286 2251 Ita
313 2220 437 2252 coniux
462 2225 500 2252 de
527 2229 657 2253 amante
683 2227 751 2253 Ect.
778 2225 817 2261 8,
850 2224 905 2261 18,
929 2224 983 2254 66.

288 2267 361 2296 190.
394 2268 507 2298 Aurea
539 2270 602 2298 dici
640 2274 746 2304 potest
785 2275 816 2300 ut
859 2272 938 2307 dea,
981 2271 1038 2299 sed

239 2318 382 2349 praestat
424 2316 534 2346 legere
574 2311 683 2345 (1111·εῆ
724 2320 752 2344 01
792 2316 926 2350 iungere
966 2324 1038 2344 cum

241 2357 357 2398 virgo.
407 2361 460 2388 Sic
489 2360 583 2395 virga
606 2362 756 2389 Mercurii
775 2368 875 2390 aurea
892 2365 940 2390 est
962 2363 1038 2390 Hor.

239 2406 273 2434 C.
296 2404 320 2439 1,
343 2403 393 2439 10.
416 2404 465 2433 19.
506 2407 598 2434 Hom.
618 2408 727 2441 hymn.
749 2409 847 2435 Mero.
866 2405 944 2435 530.
991 2408 1038 2435 De

239 2450 332 2480 Circe
360 2450 507 2478 venefica
534 2450 575 2478 cf.
600 2459 631 2479 v.
657 2451 698 2479 10
724 2454 893 2485 su.—Ea
913 2452 1039 2488 Picum,

239 2496 398 2525 Canentis
423 2496 590 2528 maritum.
631 2504 726 2530 tutum
755 2497 786 2524 in
816 2504 959 2525 amorem
987 2497 1040 2525 sui

240 2543 424 2569 accendere
450 2550 514 2570 non
542 2547 668 2576 posset,
695 2542 776 2570 irata
798 2542 829 2569 in
852 2549 947 2570 avem
968 2549 1039 2570 mu-

240 2587 330 2614 tavit.
382 2588 489 2617 negas
517 2588 577 2615 Ov.
608 2589 650 2615 M.
681 2585 739 2617 14.
773 2585 970 2615 320—440
994 2603 1038 2606 -—

239 2633 338 2670 Picus
371 2637 478 2660 autem
512 2637 543 2660 ut
574 2634 706 2661 Faunus
741 2632 943 2661 vaticinandi
970 2636 1038 2661 arte

239 2679 350 2705 clarus
392 2682 471 2705 crat.
521 2679 648 2707 Versus
692 2676 880 2705 187—191
918 2677 1038 2706 inferre

239 2725 352 2750 volunt
392 2728 464 2757 post
496 2731 527 2752 v.
567 2722 638 2752 182.
680 2720 747 2752 11η.
786 2720 836 2751 ΡΙ.
886 2724 1038 2752 Attamen

238 2768 301 2795 iarn
331 2769 468 2802 saepius
504 2772 535 2796 et
569 2770 663 2797 1110110
690 2767 727 2803 6.
770 2767 837 2796 615
869 2769 1037 2803 virginum

240 2821 293 2840 res
330 2821 392 2840 non
419 2822 474 2841 eo.
515 2814 569 2848 qui
601 2814 871 2849 simplicissimus
902 2815 1039 2849 videtur,

241 2858 352 2886 ordine
377 2866 529 2895 narrare,
558 2861 616 2888 sed
643 2862 683 2888 ab
709 2868 747 2887 eo
773 2861 928 2888 recedere
954 2860 1040 2888 vidi-

240 2910 314 2930 mus
343 2907 372 2931 et
401 2904 517 2932 redire.

290 2947 360 2975 192.
387 2946 535 2988 templo.-
568 2951 616 2977 Ita
640 2950 722 2978 Dido
749 2950 779 2978 in
806 2951 926 2985 templo
953 2950 1039 2978 audit

241 2993 388 3026 legatos:
428 2998 455 3021 et
491 2995 630 3029 quaevis
660 2995 751 3024 curia
783 3000 850 3024 erat
884 2996 1039 3031 templum

1084 1454 1158 1483 sive
1183 1456 1278 1484 locus
1308 1455 1537 1490 inauguratus.
1586 1454 1628 1483 cf.
1661 1452 1696 1492 1,
1730 1454 1808 1485 505.
1839 1472 1885 1478 —

1084 1496 1179 1529 intus
1205 1500 1246 1529 cf.
1274 1503 1326 1530 Gr.
1351 1501 1372 1535 ξ
1397 1500 1474 1529 356.

1088 1576 1305 1608 194-211.
1355 1577 1468 1609 Latini
1511 1575 1553 1608 ad
1594 1576 1726 1618 legatos
1760 1578 1884 1611 oratio.

1134 1633 1208 1663 195.
1242 1632 1475 1665 Dardanidae

1085 1679 1251 1712 cognatif‘
1282 1684 1314 1709 S.

1133 1725 1207 1754 197.
1235 1727 1285 1755 Au
1323 1723 1423 1755 cuins
1465 1734 1507 1754 ex
1547 1729 1721 1756 verborum
1770 1729 1884 1758 ordine

1085 1773 1303 1806 supplendum
1347 1775 1395 1800 est
1431 1779 1596 1809 caussae,
1645 1775 1705 1802 sed
1735 1779 1883 1803 neutrum

1086 1821 1183 1852 poeta
1207 1819 1340 1845 volebat
1364 1825 1442 1845 esse
1469 1816 1509 1845 cf.
1540 1815 1574 1850 Ι.
1600 1817 1676 1847 599.

1131 1860 1209 1890 203.
1237 1865 1377 1891 Saturno
1410 1870 1488 1896 rege
1521 1870 1624 1892 aurea
1654 1868 1748 1893 aetas
1779 1864 1886 1895 fuisse

1523 1642 1586 1673 „ac
1627 1637 1656 1666 si
1702 1637 1822 1667 diceret
1864 1647 1883 1668 o

1086 1908 1211 1941 dicitur,
1237 1907 1297 1943 (cf.
1325 1907 1356 1938 6.
1382 1905 1478 1942 794.)
1505 1915 1594 1947 quae
1622 1905 1761 1938 vindice
1786 1909 1886 1941 nullo
1940 1947 1943 1949 .

1086 1955 1207 1993 sponte
1237 1961 1301 1981 sna
1332 1950 1407 1982 sinc
1438 1950 1518 1993 lege
1542 1951 1653 1993 fidem
1688 1957 1886 1997 rectumque

1087 1996 1219 2027 colebat
1250 2000 1310 2027 ΟΥ.
1342 2001 1383 2027 Μ.
1415 1997 1448 2034 1,
1480 1998 1535 2028 89.
1584 2000 1661 2028 tnde
1689 2001 1761 2036 Vgl.
1793 1999 1830 2038 4,
1863 2001 1886 2030 6

1086 2044 1161 2072 dicit
1192 2040 1337 2073 redeunt
1366 2041 1538 2072 Saturnia
1565 2052 1678 2085 regna
1703 2045 1723 2074 i.
1753 2055 1782 2076 0.
1806 2048 1884 2076 redit

1087 2096 1189 2118 aurea
1232 2094 1335 2118 aetas.
1385 2091 1434 2118 lta
1473 2091 1558 2124 apud
1597 2091 1749 2124 Latinos,
1786 2100 1883 2127 quum

1088 2139 1248 2164 Saturnus
1286 2139 1453 2170 regnaret.
1493 2142 1557 2174 pro
1592 2138 1683 2163 metu
1715 2135 1885 2176 populum

1087 2178 1161 2209 sine
1193 2177 1228 2208 υἱ
1256 2177 1371 2220 pudor
1405 2177 1478 2220 ipse
1517 2177 1673 2219 regebat.
1722 2184 1812 2212 Fast.
1855 2183 1885 2220 1,

1087 2224 1164 2254 251.
1214 2227 1273 2254 Dat
1295 2228 1324 2254 11.
1351 2228 1372 2254 l.
1395 2228 1491 2260 poeta
1511 2226 1655 2260 spectem
1677 2228 1782 2256 bonae
1803 2229 1885 2257 civi-

1087 2272 1162 2300 tatis
1201 2273 1329 2305 quatem
1375 2271 1581 2299 commendat
1621 2272 1750 2301 civibus
1801 2275 1884 2303 suis.

1087 2317 1235 2351 Saturni,
1266 2316 1318 2350 qui
1348 2316 1409 2344 iam
1445 2317 1527 2344 deus
1561 2320 1629 2353 est,
1668 2319 1813 2348 moribus
1848 2328 1886 2348 se

1087 2366 1194 2390 tenent
1224 2362 1296 2390 eius
1321 2361 1454 2395 posteri.
1504 2360 1552 2391 Cf.
1580 2361 1620 2398 8,
1653 2360 1731 2392 319.
1758 2379 1804 2385 —
1834 2362 1885 2394 Pl.

1086 2407 1170 2435 cuni.
1198 2404 1276 2435 aem·
1302 2414 1359 2440 nro
1389 2403 1455 2434 dei.

1131 2450 1208 2479 205.
1233 2450 1334 2489 fama
1361 2448 1536 2480 obscurior
1563 2448 1667 2480 annis
1694 2454 1739 2483 ita
1765 2455 1825 2483 Ov.
1850 2457 1885 2484 F.

1087 2497 1122 2534 6,
1150 2495 1213 2524 103
1237 2493 1412 2525 obscurior
1436 2505 1521 2525 acuo
1541 2495 1658 2531 famo.

1135 2540 1210 2570 206.
1236 2542 1384 2571 Aurunci
1416 2542 1455 2571 cf.
1483 2540 1560 2571 727.
1589 2557 1626 2562 -
1654 2540 1708 2572 his
1739 2540 1842 2584 agris
1865 2543 1886 2572 i.

1087 2596 1114 2616 e.
1154 2588 1290 2616 Italicis.
1341 2587 1429 2616 Satis
1467 2589 1551 2616 latos
1585 2587 1737 2625 intelligit
1778 2595 1885 2625 agros.

1085 2634 1257 2662 Dardanus
1294 2633 1380 2662 enim
1417 2642 1458 2663 ex
1494 2633 1649 2671 Cortona,
1693 2632 1886 2670 (Corytho).

1086 2678 1234 2708 Etruriae
1257 2682 1352 2715 urbe,
1385 2679 1416 2707 in
1444 2679 1702 2708 Samothraciam
1727 2680 1888 2717 migrasse

1085 2725 1210 2753 dicitur.
1240 2740 1277 2744 —
1306 2725 1448 2753 Dardani
1475 2725 1512 2754 de
1537 2724 1661 2761 origine
1684 2724 1723 2754 cf.
1749 2723 1780 2763 3,
1807 2722 1883 2754 167.

1133 2767 1209 2798 207.
1234 2767 1430 2809 penetrarit
1455 2771 1514 2798 Ru.
1543 2778 1606 2799 rec.
1630 2767 1691 2798 Hs.
1718 2767 1803 2810 Wg.
1827 2776 1887 2810 pe-

1088 2812 1259 2850 netrnvit,
1299 2819 1401 2844 ortum
1435 2824 1476 2844 ex
1508 2815 1610 2844 forma
1637 2819 1801 2853 correpta,
1840 2816 1886 2852 F„

1088 2862 1199 2895 probat
1231 2857 1300 2889 Ηπ.
1327 2864 1395 2897 „est
1426 2861 1511 2889 enim
1537 2860 1711 2897 gravitatis
1735 2858 1886 2896 epicae“!

1088 2914 1149 2935 rec.
1187 2902 1248 2934 Rb.

1135 2948 1212 2979 208.
1242 2947 1371 2979 Samon
1388 2953 1467 2979 MSS.
1492 2951 1570 2986 qui?
1593 2958 1654 2979 rec.
1677 2947 1761 2990 Wg.

1089 3003 1178 3025 mom
1209 2998 1250 3024 M.
1277 2998 1408 3025 Samum
1435 2998 1470 3025 P.
1497 3004 1558 3025 rec.
1591 2992 1650 3024 Πὸ.
1677 2998 1707 3023 01Υ
1733 2991 1802 3024 11η.

1815 2947 1885 2979 Sa-
