2023 3350
770 122 1006 156 AENEIDOS
1034 124 1119 157 LIB.
1150 125 1191 156 V.

151 237 286 288 Quem
322 236 483 290 genuit.

1717 125 1798 163 219

542 235 749 277 Veterum
789 249 875 277 non
910 236 1134 279 immemor
1170 237 1243 280 ille
1280 240 1521 292 parentum,

150 294 362 336 Gratatur
396 293 577 335 reduces
611 296 654 335 etz
689 307 796 347 gaza
829 294 970 336 laetus
1004 295 1166 348 agresti

1746 297 1801 336 40

149 352 326 406 Excipit
361 365 412 393 ac
453 351 590 393 fessos
625 351 781 406 opibus
815 352 981 394 solatur
1017 353 1178 395 amicis.

264 409 446 451 Postera
478 423 609 463 quum
649 409 789 463 primo
828 410 977 452 stellas
1013 410 1189 452 Oriente
1224 410 1401 464 fugarat

151 466 282 509 Clara
322 466 432 518 dies,
468 467 608 509 socios
644 468 689 509 in
725 470 892 510 coetum
926 468 1054 510 litore
1089 467 1144 509 ab
1184 469 1299 510 omni

149 523 346 566 Advocat
378 525 546 567 Aeneas
581 525 824 578 ‘cumulique
866 539 918 567 ex
955 539 1113 580 aggere
1147 526 1286 567 fatur:

151 581 431 624 Dardanidae
462 583 624 637 magni,
669 597 802 637 genus
841 583 929 625 alto
970 597 996 624 a
1038 584 1244 638 sanguine
1282 583 1437 636 divom,

150 640 330 682 Annuus
365 641 530 682 exactis
566 641 806 695 completur
840 641 1059 683 mensibus
1100 641 1230 693 orbis,

151 697 218 739 Ex
253 711 338 750 quo
374 698 582 752 reliquias
621 698 841 753 divinique
880 713 978 740 ossa
1012 699 1206 753 parentis

153 754 434 798 Condidimus
471 760 610 807 terra,
646 761 923 810 maestasque
958 757 1222 799 sacravimus
1255 769 1367 797 aras.

150 813 332 866 Iamque
366 814 476 865 dies,
519 814 602 855 nisi
640 814 787 866 fallor,
829 814 973 866 adest,

153 870 330 924 Semper
366 871 626 913 honoratum
655 898 713 902 —
745 873 806 914 sic
845 872 889 914 di
921 872 1118 914 voluistis
1155 898 1210 902 —
1241 871 1422 913 habebo.

1017 828 1145 868 quem
1182 827 1350 867 semper
1384 813 1599 866 acerbum,

151 927 278 970 Hunc
319 943 398 983 ego
435 929 629 971 Gaetulis
669 943 844 984 agerem
884 930 921 971 si
958 930 1156 983 Syrtibus
1195 929 1327 980 exsul,

152 986 410 1041 Argolicove
445 988 557 1029 mari
592 987 826 1042 deprensus
865 991 908 1029 et
943 987 1052 1029 urbe
1087 987 1304 1042 Mycenae,

153 1126 253 1156 fluvio
282 1128 422 1157 Crimiso
448 1133 476 1157 et
499 1129 643 1158 Troiana
665 1128 805 1164 virgine,
831 1127 958 1162 Hippo-

153 1174 196 1202 tis
223 1173 304 1210 filia,
333 1177 491 1211 Segesta,
519 1182 602 1209 quae
627 1175 802 1209 effugerat,
829 1182 891 1210 „ne
916 1174 956 1201 ad

154 1225 248 1248 cetos
285 1220 520 1256 religaretttr,⁴·
556 1223 587 1249 S.
619 1220 803 1248 immissum
837 1226 857 1248 a
892 1221 958 1248 Ne-

155 1271 267 1300 ptuno,
284 1274 378 1300 quent
390 1267 578 1295 Laomedon
592 1265 816 1294 fraudaverat.
842 1265 956 1299 „Quae

155 1311 387 1346 antiquissima
417 1313 550 1347 ignotae
590 1311 705 1346 stirpis
743 1312 956 1340 deducendae

155 1358 239 1386 ratio
263 1363 325 1394 est,
351 1363 382 1387 ut
409 1362 502 1394 pater
528 1359 642 1386 edatur
662 1357 783 1385 fluvius
801 1357 874 1385 eius
892 1362 958 1384 ter-

157 1410 232 1440 rae,
264 1404 297 1432 in
331 1411 396 1439 qua
423 1412 504 1439 gens
532 1403 643 1437 aliqua
670 1405 784 1432 sedem
812 1400 957 1432 habuit.“

159 1446 227 1478 Hn.
274 1450 434 1479 Crimisus
461 1454 490 1478 et.
513 1449 694 1479 Crimissus
717 1448 805 1477 fluvii
828 1456 958 1485 nomen,

156 1496 198 1524 ad
224 1503 321 1530 quem
352 1496 429 1524 vicit
456 1496 627 1524 Timoleon
654 1495 958 1529 Carthaginienses.

157 1542 222 1570 Sed
255 1538 392 1571 Criniso
418 1547 468 1570 est
492 1542 525 1570 in
552 1544 652 1577 mss,
678 1545 709 1569 et
734 1548 800 1569 rec.
827 1538 889 1569 Rb.

203 1586 258 1616 39.
285 1589 438 1616 veterum
464 1588 668 1627 parentum,
692 1594 791 1622 quum
816 1596 833 1615 e
860 1586 959 1616 Troia

158 1633 314 1667 originem
341 1635 448 1662 ducat.

202 1678 257 1708 40.
282 1687 380 1720 gaza
405 1678 447 1708 cf.
478 1677 512 1717 1,
546 1677 618 1708 119.

156 1755 332 1788 42—71.
387 1754 526 1788 Aeneas
560 1754 684 1787 indicit
718 1753 824 1787 ludos
861 1752 961 1786 suue-

311 1800 392 1834 bres
417 1802 453 1833 in
484 1801 595 1844 patris
621 1800 804 1833 honorem.

205 1861 260 1890 42.
293 1857 418 1889 Oriens
440 1865 490 1889 est
510 1863 562 1889 sol
586 1860 628 1889 cf.
648 1868 680 1888 v.
706 1859 783 1889 739.
803 1875 847 1879 —
869 1856 962 1888 stel-

160 1904 215 1936 las
243 1906 373 1947 fugat,
407 1907 446 1934 de
480 1908 574 1935 caelo
608 1908 755 1935 deturbat
789 1906 808 1934 i.
843 1914 870 1934 e.
903 1907 962 1934 ab-

159 1954 305 1983 scondit.
337 1952 510 1987 adspectui
536 1952 640 1987 eripit.
700 1952 885 1980 Similitudo
912 1956 964 1979 est

160 2006 181 2028 a
198 2007 232 2028 re
255 1998 385 2027 militari
404 2003 543 2032 sumpta.
580 2000 629 2026 Ita
652 1994 794 2032 Lucifer
812 1994 965 2026 statione

158 2042 371 2074 novissimus
392 2041 461 2073 exit
482 2045 536 2072 vel
561 2040 695 2072 claudit
715 2039 864 2081 agmina
884 2039 966 2070 stel-

160 2088 288 2119 larum.
337 2090 531 2119 matutinum
556 2094 686 2125 tempus
717 2088 811 2117 varie
838 2088 966 2116 descri-

163 2141 252 2173 ptum
278 2136 355 2164 vide
381 2137 422 2164 ad
448 2133 487 2172 4,
516 2134 546 2163 6.

207 2181 262 2211 44.
290 2178 418 2211 tumuli
447 2189 488 2210 es
521 2187 668 2220 aggere.
718 2180 766 2208 De
801 2182 966 2208 structura

162 2228 203 2257 cf.
232 2227 287 2257 52.
336 2229 388 2256 Ex
421 2227 598 2262 aggeribus
634 2227 737 2254 duces
769 2227 809 2253 ad
845 2225 965 2254 milites

163 2276 314 2304 solebant
333 2272 535 2302 concionari.
578 2271 738 2312 Stanger
758 2271 831 2300 eiic.
851 2273 967 2300 tumu-

162 2317 259 2360 lique
288 2325 349 2348 etc.

210 2364 263 2394 45.
298 2360 530 2393 Dardanidae
549 2370 664 2404 genus
684 2364 745 2392 etc.
789 2363 967 2391 Dardanus

162 2411 256 2440 Iovis
281 2411 366 2440 filius
385 2410 517 2439 Troiam
541 2409 695 2439 condidit.
746 2410 880 2437 incolae
908 2415 970 2437 au-

163 2461 229 2485 tem
264 2457 352 2484 urbis
387 2463 406 2484 a
438 2456 606 2484 conditore
636 2462 755 2484 nomen
792 2454 970 2491 accipiunt,

165 2503 262 2537 quasi
287 2502 436 2530 eiusdem
461 2502 527 2530 sint
550 2501 668 2536 gentis.
719 2500 767 2530 cf.
788 2501 970 2530 Aeneadae

167 2548 204 2585 1,
234 2547 307 2576 157.

211 2591 265 2622 46.
293 2600 434 2620 annuus
461 2588 562 2620 orbis.
617 2592 680 2619 Per
703 2596 827 2626 partem
852 2591 969 2620 hiemis

167 2641 253 2674 apud
278 2640 437 2667 Didonem
463 2641 686 2666 commoratus
714 2641 765 2665 est
790 2637 832 2666 cf.
858 2635 889 2672 4,
915 2636 968 2665 52.

171 2683 245 2714 193.
275 2683 352 2712 309.
403 2685 565 2717 Quantum
599 2684 754 2716 temporis
779 2685 819 2711 ab
846 2682 971 2711 Anchi-

167 2738 229 2761 sae
266 2734 368 2758 morte
402 2736 508 2762 usque
543 2729 582 2757 ad
614 2728 702 2756 illam
729 2732 970 2765 tempestatem,

168 2784 233 2812 qua
264 2777 297 2805 in
328 2774 474 2804 Africam
517 2775 647 2802 delatus
688 2778 755 2811 est,
796 2773 970 2811 effluxerit,

166 2824 264 2852 modo
302 2829 346 2850 ex
379 2823 442 2849 hoc
475 2822 550 2848 loco
590 2822 699 2854 potest
736 2819 867 2849 coniici.
921 2821 970 2848 De

167 2871 246 2898 orbe
269 2875 379 2897 annuo
407 2866 448 2895 cf.
475 2864 514 2903 3,
538 2863 617 2894 284.

213 2913 268 2943 47.
296 2909 495 2952 divinique:
537 2912 586 2939 De
606 2913 682 2939 loco
701 2911 884 2946 particulae
908 2918 973 2950 que

169 2959 212 2989 cf.
242 2958 299 2995 12,
330 2956 407 2987 904.
441 2973 486 2977 -
521 2956 663 2985 Divinus
690 2961 798 2986 autem
824 2961 876 2986 est
901 2957 972 2986 An-

169 3006 300 3042 chiseS‚
335 3005 420 3040 quod
451 3007 548 3032 vates
580 3007 651 3031 erat
677 3002 717 3031 cf.
742 3002 781 3040 3,
808 3002 887 3032 373.
935 3003 973 3031 Id

168 3055 332 3081 testantur
355 3050 422 3079 iam
442 3049 591 3079 Naevius
618 3052 648 3077 et
668 3048 794 3078 Ennius
817 3048 850 3078 in
873 3050 976 3077 scho-

1004 1128 1056 1157 liis
1074 1128 1276 1163 Virgilianis.
1320 1126 1485 1157 Naevius:
1514 1123 1637 1155 dorius
1655 1123 1809 1155 Anchisa

1005 1181 1103 1213 quem
1150 1172 1267 1202 l‘enus
1303 1170 1518 1213 pulcerrima
1557 1169 1676 1200 divum
1718 1170 1809 1201 Fata

1006 1216 1115 1248 docet.
1136 1216 1295 1248 divinum
1317 1221 1353 1247 ut
1369 1220 1490 1258 pectus
1507 1215 1658 1247 haberet.
1697 1219 1808 1248 Paene

1004 1265 1088 1293 idem
1106 1266 1231 1294 Ennius
1258 1273 1311 1300 ap.
1338 1266 1434 1293 Prob.
1460 1265 1500 1292 ad
1525 1266 1560 1292 Ε.
1586 1263 1617 1294 6.
1644 1262 1698 1292 31.
1742 1266 1809 1293 Va-

1004 1315 1056 1339 tes
1080 1311 1248 1340 Anchises
1275 1315 1326 1340 est
1351 1309 1384 1347 2,
1410 1309 1487 1338 701.
1530 1309 1561 1345 3,
1587 1309 1618 1338 9.
1646 1309 1699 1338 58.
1734 1309 1809 1338 102.

1006 1355 1080 1385 144.
1112 1356 1190 1385 525.
1222 1355 1300 1385 539.
1352 1354 1390 1390 5,
1429 1354 1505 1384 723.
1548 1355 1584 1390 7,
1620 1354 1693 1384 123.
1744 1357 1808 1384 Sed

1004 1402 1070 1432 iam
1107 1403 1293 1431 hominibus
1325 1402 1461 1430 mortuis
1500 1402 1619 1435 ubique
1649 1402 1810 1430 maiestas

1006 1452 1076 1484 est3
1121 1456 1224 1483 quare
1267 1453 1300 1476 ut
1340 1450 1456 1476 Manes
1495 1451 1524 1475 et
1563 1447 1657 1476 Genii
1693 1447 1811 1475 inferni

1006 1496 1200 1524 colebantur
1249 1499 1449 1523 mortuorum
1501 1493 1648 1528 animae,
1703 1493 1811 1527 iisque

1007 1548 1085 1569 arae
1113 1541 1307 1569 dicabantur
1335 1539 1375 1568 cf.
1403 1537 1442 1568 4.
1474 1537 1558 1572 458,
1593 1547 1655 1567 nec
1684 1539 1811 1575 mirum,

1007 1587 1037 1616 si
1060 1591 1134 1622 post
1151 1592 1286 1615 mortem
1307 1587 1547 1621 Imperatorum
1562 1587 1680 1613 Manes
1703 1585 1815 1627 sacriq

1007 1640 1027 1662 a
1052 1636 1118 1661 toto
1145 1634 1266 1668 populo
1296 1633 1520 1667 placabantur.

1055 1677 1110 1707 48.
1136 1686 1220 1707 aras
1240 1679 1395 1706 maestas
1419 1677 1459 1705 cf.
1484 1676 1522 1710 3.
1546 1674 1707 1705 62—64.

1055 1722 1109 1753 49.
1135 1724 1233 1753 Addit
1257 1720 1327 1752 nisi
1347 1719 1473 1760 fallor,
1499 1723 1583 1757 quod
1605 1723 1688 1750 diem
1710 1730 1812 1757 prope

1009 1771 1132 1799 adesse
1172 1769 1336 1798 concludit
1373 1769 1470 1797 modo
1509 1776 1526 1796 e
1562 1769 1705 1797 siderum
1741 1773 1813 1796 sta-

1009 1817 1113 1852 tione,
1142 1816 1174 1844 in
1201 1822 1266 1849 qua
1291 1815 1363 1843 sine
1390 1819 1460 1843 arte
1487 1814 1706 1842 reconditiora
1733 1814 1813 1842 nihil

1009 1862 1089 1891 certi
1117 1866 1223 1896 potest
1247 1860 1413 1889 constitui.

1054 1906 1108 1937 50.
1140 1904 1198 1936 sic
1231 1904 1268 1935 di
1301 1902 1473 1935 voluistis.
1534 1907 1696 1943 „Semper
1727 1905 1814 1934 enim

1009 1955 1051 1982 de
1072 1953 1134 1981 diis
1157 1955 1256 1981 salva
1275 1953 1490 1980 veneratione
1513 1948 1759 1985 conqueritur.“
1779 1953 1813 1979 S.

1056 1998 1110 2027 51.
1140 1995 1243 2027 Hunc
1271 2006 1336 2038 ego
1369 1997 1488 2026 festum
1517 1997 1601 2025 diem
1629 1997 1815 2031 ubicunque

1012 2052 1161 2079 agerem,
1196 2049 1226 2072 et
1261 2051 1457 2078 quacunque
1482 2043 1669 2072 conditione
1695 2047 1815 2079 uterer,

1012 2091 1103 2118 nulla
1131 2098 1165 2118 re
1190 2090 1384 2125 impedirer,
1411 2090 1588 2123 quominus
1614 2089 1700 2117 omni
1726 2090 1816 2116 cele·

1011 2138 1141 2164 brarem
1165 2137 1300 2163 nonore.
1346 2136 1461 2164 Cicero
1485 2135 1580 2163 etiam
1606 2134 1686 2163 dixit
1707 2141 1817 2173 agere

1013 2188 1156 2216 annum,
1188 2181 1339 2208 aetatem
1365 2184 1396 2208 et
1422 2180 1473 2214 10,
1501 2179 1569 2208 235
1597 2184 1649 2208 est
1673 2177 1818 2220 agitare

1014 2233 1149 2255 aeuum.
1206 2222 1371 2253 Gaetulis
1400 2222 1561 2264 Syrtibus
1586 2224 1626 2253 cf.
1653 2222 1689 2261 4,
1715 2223 1769 2252 40.

1060 2270 1115 2299 52.
1149 2267 1346 2309 Deprensus
1391 2270 1545 2307 „proprie
1589 2270 1818 2304 navigantium

1014 2315 1102 2346 est.“
1135 2319 1169 2344 S.
1201 2315 1241 2344 cf.
1272 2318 1307 2345 G.
1339 2313 1376 2351 4,
1406 2314 1469 2343 421
1510 2312 1701 2353 Deprensis
1735 2312 1818 2343 olim

1014 2359 1122 2393 statio
1149 2358 1328 2390 tutissima
1353 2358 1484 2390 nautis.
1535 2361 1653 2389 Catull.
1679 2359 1741 2396 25,
1776 2358 1819 2388 12

1018 2406 1066 2438 Ec
1107 2404 1296 2436 insolenter
1331 2408 1486 2442 aestues,
1527 2403 1621 2435 velut
1655 2403 1820 2435 minuata

1016 2462 1150 2493 magno
1180 2450 1352 2492 deprensa
1386 2449 1490 2481 navis
1526 2449 1561 2480 in
1593 2448 1686 2480 mari
1718 2459 1819 2480 vesa-

1015 2497 1133 2529 niente
1160 2500 1272 2527 vento.
1317 2499 1394 2527 Hor.
1421 2499 1456 2527 C.
1482 2496 1519 2529 2.
1552 2496 1610 2533 16,
1644 2496 1659 2525 1
1700 2494 1819 2526 Otium

1017 2543 1117 2575 diuos
1141 2546 1249 2585 rogat
1272 2541 1307 2572 in
1330 2540 1469 2583 patenti
1490 2550 1639 2583 prensus
1665 2542 1819 2582 Aegaeo.

1015 2607 1061 2611 —-
1091 2587 1175 2620 urbe
1214 2587 1391 2629 Mycenae.
1439 2590 1487 2617 De
1521 2588 1673 2617 Genitivo
1707 2588 1820 2617 defini-

1017 2637 1084 2666 tivo
1120 2635 1160 2664 ef.
1199 2637 1252 2664 Gr.
1291 2634 1313 2668 ξ
1349 2632 1426 2664 254.
1491 2635 1546 2663 Sic
1576 2641 1628 2669 ap.
1661 2635 1734 2669 Vgl.
1768 2636 1820 2662 est

1016 2680 1100 2711 urbs
1131 2678 1260 2710 Patavi
1284 2680 1312 2718 1,
1340 2678 1418 2708 247.
1471 2677 1598 2709 Troiae
1618 2678 1696 2708 565.
1746 2676 1820 2708 Ru-

1017 2724 1126 2758 throti
1149 2725 1186 2755 3.
1212 2725 1290 2755 293.
1322 2741 1368 2745 —
1390 2724 1477 2762 fons
1504 2722 1645 2755 Timavi
1675 2724 1710 2758 1,
1742 2723 1819 2753 244.

1017 2770 1132 2802 amnis
1155 2768 1308 2801 Eridani
1321 2770 1352 2807 6,
1371 2770 1447 2799 659.
1488 2769 1624 2811 flumen
1646 2767 1822 2799 Himellae

1017 2820 1049 2856 7,
1076 2816 1152 2847 714.
1199 2825 1299 2846 mons
1321 2813 1451 2846 Cimini
1466 2816 1498 2852 7,
1523 2816 1600 2846 697.
1652 2812 1821 2845 Auentini

1018 2865 1057 2902 8,
1084 2863 1163 2892 231.
1193 2878 1238 2883 -—
1273 2859 1377 2891 arbor
1402 2859 1490 2891 mali
1512 2862 1554 2901 5,
1578 2860 1654 2892 504.
1703 2868 1822 2902 agger

1017 2906 1147 2940 tumuli
1171 2908 1203 2944 5,
1226 2907 1280 2937 44.
1323 2908 1356 2944 7,
1381 2907 1412 2937 6.
1461 2905 1543 2937 viae
1567 2907 1599 2945 5,
1624 2906 1703 2936 273.
1745 2914 1823 2935 mu-

1017 2962 1134 2984 rorum
1164 2953 1214 2991 10,
1239 2951 1293 2982 24.
1342 2961 1408 2983 ara
1434 2951 1586 2994 sepulcri
1611 2953 1642 2989 6,
1670 2951 1743 2981 177.
1776 2967 1821 2972 -

1019 2997 1119 3029 labor
1145 2996 1269 3030 domus
1292 2998 1324 3035 6,
1347 2998 1403 3028 27.
1447 2996 1564 3028 minae
1588 3005 1766 3027 murorum
1791 2995 1822 3036 1,

1021 3045 1098 3075 168.
1152 3053 1272 3076 morae
1310 3041 1441 3075 loricae
1481 3044 1539 3082 10,
1570 3042 1648 3073 485.
1710 3045 1824 3074 metae
