2023 3350
320 153 401 192 690

319 270 475 306 papaver
495 261 704 294 soporiferum
728 258 759 295 4,
785 257 867 289 456.

329 305 463 347 Paphos
487 314 556 340 opp.
588 304 616 341 1,
643 303 718 335 415.

321 349 457 394 papilla
487 349 535 386 lt,
563 347 638 379 803.

321 398 467 439 paratus
490 396 522 423 in
547 395 668 430 aliquid
691 392 722 429 2,
740 392 794 423 61.
820 408 863 413 —
883 389 971 429 neci,
991 398 1105 420 necare

369 439 398 476 2,
423 437 497 468 334.

329 484 458 515 Parcae
494 492 608 514 manus
639 484 787 513 iniiciunt
817 483 909 512 morti
945 482 1105 511 destinato

371 528 421 564 10,
448 528 522 558 419.

321 583 480 616 parcere,
515 575 674 603 abstinere
709 575 749 602 ab
773 573 886 608 aliqua
917 581 950 601 re
977 570 1004 607 1,
1031 569 1105 600 257.

371 635 407 640 —
434 629 460 649 c.
485 621 572 648 infin.
597 616 689 656 3,42.
715 634 758 638 ——
783 627 858 647 num
881 617 1106 647 accusativum

367 670 523 700 assumat,
548 669 579 693 ut
604 665 645 692 sit
667 671 799 693 servare
827 662 876 697 10,
902 660 982 692 532.

322 713 501 750 parentem
530 718 623 745 quem
657 710 738 738 iuris
769 709 907 738 consulti
941 709 1048 737 dicant
1077 704 1108 741 9,

370 754 399 784 3.
426 769 469 776 —
495 764 524 790 p.
545 756 599 789 qui
621 755 796 783 violaverit
815 755 968 789 quomodo
995 753 1110 788 punia-

373 806 421 829 tur
447 798 478 835 6,
505 798 581 829 609.

324 848 448 887 parcnt
463 853 545 874 arva
561 845 722 881 agricolae
740 843 809 880 (1,)
822 842 852 873 3.
873 859 914 864 ——
932 843 1000 872 vati
1017 842 1112 871 fibrae

372 896 430 920 ete.
462 889 513 926 10,
544 888 617 920 176.

325 934 429 976 paria
463 944 562 964 arma
592 942 673 970 quae
698 935 762 963 sint
790 931 821 970 6,
845 931 921 963 827.
947 948 988 952 —
1013 929 1110 972 pari—

372 979 433 1010 bns
459 978 527 1009 alis
552 979 583 1017 4,
610 977 685 1008 252.

332 1024 432 1056 Paris
463 1027 607 1061 pugilatu
635 1025 773 1061 insignis
805 1022 836 1059 5,
867 1020 942 1052 370.
974 1038 1017 1042 ——
1038 1022 1110 1051 eius

371 1072 523 1101 iudicium
549 1070 577 1107 1,
608 1068 659 1099 27.
697 1086 740 1090 -—
780 1069 863 1104 rapit
895 1069 1053 1097 Helenam
1079 1065 1109 1105 7,

373 1114 448 1146 363.
477 1132 513 1136 —
541 1117 654 1146 occidit
678 1115 840 1145 Achillem
865 1112 896 1152 6,
919 1111 973 1143 56.

326 1161 461 1201 pariter
485 1159 515 1199 2,
542 1159 614 1190 729.

326 1216 450 1248 parma
465 1208 598 1236 velitum
612 1204 643 1241 9,
665 1202 739 1234 543.
759 1220 795 1224 —
813 1204 952 1239 equitum
971 1201 1022 1240 11,
1036 1200 1110 1232 819.

334 1250 442 1282 Paros
467 1253 533 1282 ins.
558 1251 588 1288 3,
614 1249 686 1280 126.

335 1295 524 1327 Parrhasia
549 1305 620 1332 opp.
645 1294 675 1331 S,
699 1293 773 1325 344.

327 1351 411 1383 pars
436 1359 480 1362 -—
505 1340 569 1371 alii
595 1340 623 1378 1,
648 1339 726 1370 212.
767 1355 811 1360 —
863 1336 949 1368 Pars
974 1346 1029 1374 pro
1052 1341 1113 1367 toto

377 1386 406 1423 3,
434 1386 510 1417 468.

335 1430 617 1472 Parthenopaeus
641 1430 672 1469 6,
697 1429 773 1460 450.

337 1475 457 1507 Parthi
477 1478 569 1513 signa
603 1478 750 1513 Augusto
787 1475 947 1504 remittunt
975 1471 1004 1508 1,
1038 1470 1113 1501 289.

377 1539 419 1543 ——
440 1531 549 1552 eorum
571 1524 636 1551 tela
660 1525 820 1550 venenata
846 1517 896 1553 12,
922 1516 997 1546 857.

338 1566 566 1608 Participium
590 1567 667 1602 perf.
694 1568 730 1595 de
744 1564 963 1594 intransitivis
986 1559 1018 1600 5,
1037 1559 1112 1591 332.

376 1614 617 1642 intransitivum
643 1621 670 1647 p.
691 1611 766 1646 perf.
793 1612 829 1639 de
849 1608 1064 1638 intransitivis
1083 1606 1114 1643 6,

378 1656 452 1687 794.
477 1659 645 1693 passivum
675 1665 704 1691 p.
728 1656 805 1691 perf.
829 1662 917 1690 pass.
952 1655 989 1681 de
1021 1654 1116 1687 depo-

377 1705 523 1732 nentibus
540 1700 571 1738 2,
587 1700 662 1731 422.
690 1715 734 1721 —
757 1709 785 1736 p.
810 1707 915 1735 praes.
941 1699 978 1726 de
1008 1702 1116 1727 trans-

376 1749 468 1778 itivis
499 1747 739 1776 intransitivum
766 1745 799 1782 1,
846 1742 920 1773 233.
963 1758 1005 1761 —-
1052 1750 1114 1771 non

377 1795 413 1822 de
438 1794 604 1828 praeterito
632 1796 769 1826 tempore
795 1788 823 1826 1,
854 1787 928 1818 305.
976 1803 1009 1807 —
1052 1795 1114 1816 non

377 1840 414 1867 de
439 1838 543 1867 futuro
567 1845 623 1867 nec
647 1837 782 1872 perfecto
808 1833 846 1871 2,
871 1832 944 1863 111.
976 1830 1047 1862 114.
1071 1848 1114 1853 —

377 1892 406 1919 p.
436 1884 511 1918 perf.
543 1891 606 1912 non
637 1884 674 1911 de
702 1881 863 1917 praesenti
893 1884 1029 1913 tempore
1060 1882 1116 1907 aut

375 1929 482 1958 futuro
504 1926 536 1963 5,
562 1926 635 1957 113.
660 1943 703 1948 —
724 1935 754 1963 p.
773 1927 850 1962 perf.
877 1933 931 1960 pro
954 1925 1113 1954 adiectivo

377 1975 410 2003 in
434 1972 492 2003 ilis
517 1971 545 2008 7,
578 1972 627 2003 11.
657 1988 701 1993 -
734 1976 764 2001 et
787 1973 850 2001 adi.
874 1971 908 1999 in
930 1978 959 2005 p.
983 1969 1014 2006 4,
1039 1966 1114 1999 642.

377 2035 421 2038 —-
446 2028 474 2054 p.
499 2026 603 2054 praes.
630 2026 692 2048 non
723 2018 821 2047 facite
849 2021 1024 2047 extremum
1056 2023 1113 2044 vo—

377 2066 527 2094 cabulum
551 2061 582 2101 3,
608 2060 680 2093 300.
730 2079 767 2082 —-
811 2071 840 2098 p.
872 2070 939 2090 rem
977 2061 1115 2090 continet

379 2110 566 2145 primariam
591 2106 620 2142 2.
646 2106 717 2138 169.
760 2124 803 2128 —
838 2113 869 2136 et
897 2107 1034 2135 assumit
1057 2114 1113 2141 pro

378 2158 475 2184 verbo
499 2163 570 2183 esse
591 2155 718 2189 plenius
735 2156 867 2183 verbum
891 2150 921 2189 2,
939 2150 1010 2181 169.
1025 2167 1069 2171 —-
1083 2160 1112 2186 p.

379 2201 470 2230 varie
507 2200 686 2235 explicatur
711 2198 749 2235 7,
783 2195 837 2229 22.
884 2214 927 2218 —-
978 2199 1114 2226 alterum

379 2247 472 2276 alteri
497 2246 673 2275 subiectum
698 2243 728 2279 7,
745 2242 821 2274 666.
846 2260 889 2264 --
914 2252 943 2279 p.
968 2243 1113 2272 neutritts

377 2292 521 2321 ablativo
546 2292 691 2320 absoluto
719 2288 755 2325 5,
791 2287 863 2319 127.
905 2304 948 2309 ——
983 2297 1012 2323 p.
1035 2296 1114 2317 neu-

379 2341 459 2366 trum
493 2345 546 2371 pro
574 2339 675 2365 subst.
707 2338 883 2370 abstracto,
924 2335 1113 2363 solvendum

378 2382 540 2411 enuntiato
565 2382 753 2411 secundario
773 2378 805 2416 5,
824 2379 854 2409 6.
870 2396 913 2399 μ-
939 2388 968 2414 p.
990 2388 1017 2408 c.
1038 2381 1114 2408 sub-

380 2428 522 2458 stantivo
542 2435 599 2456 suo
622 2428 655 2455 in
681 2434 777 2455 unam
801 2426 863 2455 coit
884 2425 1043 2454 notionem
1064 2422 1114 2460 12,

380 2472 455 2502 219.
502 2488 546 2492 -
594 2480 623 2507 p.
648 2472 723 2507 perf.
748 2479 770 2500 a
801 2471 911 2500 verbis
937 2470 1115 2499 voluntatis

380 2519 492 2553 pendet
517 2514 568 2554 12,
592 2511 666 2547 243.
691 2533 735 2539 —-
759 2525 779 2546 a
805 2519 901 2546 verbo
925 2516 1114 2545 concedendi

380 2565 520 2599 pendens
547 2560 574 2598 1,
601 2560 675 2591 387.

341 2606 540 2639 Particulae
562 2609 760 2636 abundantes
782 2605 814 2645 4,
841 2604 891 2636 27.

334 2652 463 2695 partim
488 2650 525 2689 5,
558 2651 630 2683 187.

335 2707 476 2740 pascere
496 2700 605 2728 oeulos
632 2696 660 2732 1,
688 2695 763 2727 464.

335 2753 468 2784 pascua
492 2748 566 2773 sunt
589 2745 621 2772 in
645 2743 743 2772 silvis
768 2742 846 2778 (1,)
872 2740 902 2773 2.

342 2786 516 2829 Pasiphae
541 2788 571 2824 6,
597 2786 650 2817 24.

344 2831 520 2863 passivum
543 2843 597 2869 pro
619 2834 770 2862 reflexivo
798 2831 830 2869 4,
859 2829 932 2863 152.
977 2848 1019 2852 —-
1059 2832 1118 2861 im-

383 2881 551 2953 ῗῖτεὲῐὲῖιθ
576 2878 606 2915 6,
623 2876 676 2909 45.
701 2894 741 2898 ——
766 2887 797 2913 p.
810 2878 911 2907 forma
933 2887 988 2914 pro
1009 2878 1119 2907 activa

337 2967 512 3006 pastorale
533 2967 673 3010 signum
697 2967 729 3007 7,
754 2967 829 2998 513.

345 3009 474 3042 Patara
495 3023 565 3049 opp.
589 3013 620 3051 4,
650 3010 722 3044 143.

1050 142 1200 176 INDEX.

1147 259 1249 298 pater
1271 267 1383 288 nomen
1407 261 1536 289 deorum
1559 256 1598 292 3,
1632 255 1685 286 89.
1708 273 1751 278 -
1775 261 1865 293 pater
1886 261 1936 287 est

1194 303 1303 338 urhis,
1339 305 1394 339 qui
1431 304 1570 334 condidit
1605 300 1644 339 S,
1671 300 1746 332 134.
1770 317 1815 323 —-
1837 305 1939 342 patre

1195 349 1258 376 abl.
1281 350 1349 377 abs.
1377 347 1408 385 3,
1439 348 1514 379 614.
1539 364 1584 370 -—
1607 352 1714 384 patres
1745 348 1853 377 iurant
1883 355 1939 383 per

1195 397 1289 427 caput
1314 393 1447 423 tiliorum
1471 393 1504 432 9,
1530 390 1608 425 300.
1656 409 1700 414 -—
1742 397 1867 428 patrum
1893 393 1935 422 ad

1195 438 1278 510 flt2ios
1303 440 1488 510 gxtiortatio
1523 442 1561 469 de
1609 447 1644 468 se
1683 439 1765 474 ipsis
1809 442 1938 474 sumpta

1202 481 1214 511 1
1243 504 1251 518 ,
1279 480 1297 511 -1
1326 480 1359 511 4.

1152 530 1296 568 paterae
1321 533 1437 555 aureae
1461 534 1481 556 a
1505 533 1618 558 senatu
1645 529 1774 565 regibus
1803 529 1940 557 donatae

1201 571 1230 608 7,
1254 569 1330 601 245.
1359 586 1402 591 ——
1428 573 1548 606 pateris
1572 575 1690 603 libatur
1721 572 1747 608 l,
1774 570 1849 603 729.

1153 616 1247 658 pati,
1287 617 1440 652 patienter
1472 616 1552 646 ferre
1578 616 1614 656 3,
1658 618 1733 649 627.
1761 635 1805 639 —
1834 615 1940 648 Phoe-

1201 660 1279 691 bum
1302 660 1334 698 6,
1358 659 1409 691 77.
1435 676 1478 680 -
1512 659 1630 691 Manes
1659 662 1690 701 6,
1716 662 1791 694 743.

1163 705 1292 737 Patron
1314 708 1467 736 Acarnan
1491 702 1524 744 5,
1550 704 1625 736 298.

1162 750 1405 792 patronymica
1427 754 1551 781 Graeca
1570 753 1604 781 in
1627 753 1753 784 Latinis
1777 753 1809 791 6,
1833 752 1909 784 844.

1156 795 1298 838 pavoris
1321 798 1417 831 signa
1441 795 1472 833 3,
1499 794 1552 827 30.

1157 852 1244 883 pax,
1276 842 1386 872 foedus
1414 840 1443 877 7,
1470 839 1544 872 266.
1586 858 1629 862 —-
1677 850 1791 878 pacem
1815 844 1942 873 deorum

1204 892 1308 923 petere
1336 885 1366 925 3,
1392 884 1466 916 261.

1157 930 1342 973 pauperies
1369 930 1399 969 6,
1422 927 1499 962 437.

1154 980 1345 1018 paupertas
1369 985 1488 1007 caussa
1513 977 1672 1006 militandi
1694 973 1725 1014 2,
1749 974 1803 1007 87.

1153 1026 1271 1063 pecten
1298 1027 1453 1052 textorum
1482 1021 1511 1058 7,
1541 1020 1592 1051 14.

1152 1071 1271 1108 pectus
1295 1069 1408 1104 fictum,
1431 1073 1576 1103 apertum
1602 1064 1634 1104 2,
1669 1065 1743 1097 107.

1199 1119 1282 1144 ctore
1308 1118 1372 1143 toto
1398 1120 1508 1143 amare
1530 1112 1561 1152 9,
1587 1111 1667 1143 276.

1794 1082 1837 1088 ..
1883 1076 1940 1104 pe-

1162 1156 1303 1199 Pelasgi
1324 1160 1356 1187 in
1374 1159 1472 1188 ltalia
1491 1156 1543 1195 10,
1562 1156 1637 1189 720.
1651 1170 1696 1186 :-
1708 1158 1823 1188 Graeci
1837 1155 1870 1195 2,
1888 1155 1944 1199 33,

1154 1202 1307 1245 pelagus
1329 1202 1361 1241 5,
1387 1202 1416 1234 3.

1155 1247 1258 1289 peltis
1281 1251 1406 1278 leonum
1437 1253 1494 1279 etc.
1535 1249 1696 1285 unguibus
1735 1248 1859 1278 auratis
1897 1252 1946 1278 est

1203 1295 1430 1324 vestimentum
1454 1294 1604 1324 heroibus
1628 1291 1660 1332 8,
1680 1291 1759 1325 553.

1164 1337 1321 1369 Pelorum
1347 1348 1443 1375 prom.
1471 1337 1502 1375 3,
1527 1337 1602 1370 411.

1158 1383 1254 1426 pelta
1280 1387 1391 1415 lunata
1418 1384 1445 1419 1,
1472 1382 1547 1414 490.

1164 1428 1311 1460 Penates
1334 1429 1365 1467 3,
1397 1428 1448 1461 12.
1500 1445 1542 1451 —
1590 1431 1702 1460 domus
1729 1427 1758 1465 1,
1780 1426 1859 1459 527.
1900 1444 1943 1450 —

1205 1476 1338 1505 Arcana
1363 1477 1400 1505 de
1426 1477 1468 1505 iis
1492 1476 1637 1506 doctrina
1663 1473 1714 1511 12,
1740 1473 1816 1505 181.

1159 1518 1308 1561 pendere
1331 1522 1457 1556 scopuii
1487 1522 1600 1551 dicitur
1626 1519 1655 1557 1,
1684 1517 1757 1552 165.
1795 1535 1840 1541 —
1866 1522 1945 1550 hae-

1205 1573 1285 1603 rere,
1310 1574 1437 1595 manere
1455 1564 1486 1603 6,
1515 1564 1589 1595 151.

1160 1609 1386 1650 penetrabilis
1409 1615 1468 1641 act.
1493 1617 1523 1640 et
1547 1618 1634 1646 pass.
1664 1608 1714 1647 10,
1739 1607 1814 1639 481.

1161 1654 1351 1695 penetralis
1371 1657 1433 1686 adi.
1458 1653 1490 1693 2,
1515 1654 1590 1686 297.
1631 1671 1675 1677 --
1712 1651 1890 1696 penetrale
1914 1653 1946 1691 7,

1209 1698 1260 1728 59.

1159 1742 1298 1784 penitus
1324 1743 1376 1780 12,
1399 1742 1475 1774 256.

1158 1797 1304 1829 pennae,
1326 1797 1408 1819 aves
1425 1788 1457 1826 3,
1489 1787 1564 1820 361.

1167 1831 1382 1864 Penthesilea
1412 1832 1439 1873 1,
1464 1832 1540 1865 490.

1167 1876 1336 1909 Pentheus
1359 1873 1398 1918 4,
1425 1878 1501 1910 469.

1158 1933 1268 1964 penas
1296 1924 1323 1962 1,
1352 1923 1427 1956 704.

1158 1978 1220 2009 per
1246 1968 1402 2007 tacitum,
1427 1972 1500 2000 adv.
1527 1968 1558 2006 9,
1583 1968 1635 2000 31.
1681 1985 1723 1990 —
1759 1971 1809 2001 sic
1831 1978 1895 2011 per
1916 1981 1943 2002 c.

1204 2019 1303 2045 subst.
1330 2024 1385 2051 pro
1404 2017 1556 2046 adverbio
1573 2014 1604 2052 5,
1624 2013 1699 2046 793.
1724 2031 1769 2036 —
1788 2025 1815 2046 c.
1842 2019 1942 2048 subsc.

1204 2069 1259 2096 pro
1283 2063 1447 2092 enuntiato
1469 2062 1657 2092 secundario
1673 2059 1705 2098 4,
1723 2058 1801 2091 663.
1829 2077 1867 2082 -
1897 2070 1944 2102 p„

1205 2107 1238 2135 in
1260 2103 1292 2142 5,
1323 2105 1396 2137 102.
1419 2123 1463 2128 —
1483 2105 1533 2136 ire
1551 2114 1612 2146 per
1636 2105 1846 2146 exemplam,
1871 2107 1945 2136 imi-

1204 2153 1265 2180 tari
1288 2149 1319 2190 5,
1349 2151 1422 2183 786.
1467 2168 1511 2172 -
1544 2160 1592 2192 p.,
1620 2152 1654 2181 in
1676 2153 1855 2182 obtestandi
1879 2153 1944 2182 for-

1203 2198 1300 2226 mulis
1326 2195 1356 2233 2,
1384 2195 1458 2227 142.
1486 2214 1530 2218 —-
1551 2198 1634 2227 inest
1658 2198 1803 2227 brevitas
1815 2199 1942 2228 dicendi

1208 2241 1257 2278 11,
1290 2241 1364 2272 782.

1157 2286 1291 2327 peredit
1312 2296 1408 2318 amor
1431 2287 1461 2324 6,
1489 2285 1565 2318 442.

1164 2330 1358 2369 Perfectum
1382 2341 1437 2363 ere
1461 2342 1516 2369 pro
1541 2334 1641 2364 erunt
1664 2330 1696 2369 2,
1720 2332 1748 2363 1.
1779 2349 1824 2355 -
1857 2342 1887 2370 p.
1916 2338 1947 2364 et

1203 2379 1325 2414 imperf.
1355 2380 1464 2408 iuncta
1496 2377 1526 2414 2,
1554 2378 1581 2409 1.
1630 2394 1673 2398 —
1719 2387 1749 2414 p.
1773 2384 1804 2409 et
1836 2387 1943 2415 praes.

1205 2425 1311 2454 iuncta
1333 2422 1363 2460 2,
1387 2422 1463 2455 466.
1505 2421 1537 2460 5,
1564 2421 1639 2454 243.
1683 2440 1726 2444 —
1769 2434 1798 2460 p.
1824 2425 1945 2454 indicat

1204 2478 1269 2499 rem
1293 2471 1402 2499 statim
1425 2470 1492 2499 fieri
1518 2468 1577 2506 10,
1620 2467 1698 2502 472.
1723 2485 1767 2491 —-
1789 2478 1852 2500 non
1880 2471 1945 2499 iam

1205 2523 1276 2544 esse
1303 2514 1339 2551 7,
1371 2513 1447 2545 413.
1473 2530 1516 2534 —-
1541 2523 1570 2550 p.
1595 2515 1629 2544 in
1650 2516 1944 2550 comparationibus

1206 2559 1242 2597 2,
1285 2558 1360 2590 3⁵30.
1408 2576 1453 2581 —
1500 2569 1529 2595 p.
1566 2560 1743 2590 infinitivus
1783 2562 1946 2597 praelatus

1205 2607 1365 2641 praesenti
1396 2603 1434 2642 3,
1471 2603 1547 2635 431.
1593 2621 1637 2625 —
1687 2603 1768 2636 iisse
1798 2614 1845 2642 pr.
1879 2603 1947 2636 isse

1158 2649 1443 2737 peffiefssssicmm'
1468 2696 1556 2725 vires
1581 2692 1632 2732 12,
1659 2693 1734 2724 907.

1167 2739 1352 2782 Pergama,
1375 2742 1471 2770 Troia
1498 2740 1525 2775 1,
1550 2738 1625 2771 466.
1652 2738 1683 2777 3,
1716 2738 1777 2771 133
1801 2743 1844 2772 al.

1158 2795 1315 2827 pergere,
1340 2795 1384 2815 sc.
1411 2787 1527 2825 dicere,
1550 2793 1682 2817 narrare
1708 2785 1737 2823 1,
1760 2784 1836 2816 372.

1157 2830 1284 2872 perimi
1308 2839 1415 2861 amore
1435 2830 1465 2870 6,
1489 2830 1565 2862 442.

1156 2883 1238 2917 pero
1266 2876 1294 2913 7,
1318 2875 1396 2907 690.

1155 2930 1298 2962 perosus
1321 2932 1347 2953 c.
1374 2930 1439 2953 acc.
1466 2920 1496 2958 6,
1522 2920 1598 2952 435.

1156 2969 1323 3043 ρεᾌρεὲιὲα
1348 2975 1458 2998 mensa
1485 2967 1521 3005 7,
1557 2965 1628 2997 176.
1668 2982 1705 2988 -
1749 2974 1777 3001 p.
1811 2965 1944 2997 iuventa
