2023 3350
231 160 311 198 ‘244

794 157 830 189 P.
857 155 1054 190 VIRGILII
1078 157 1292 193 MARONIS

232 268 422 321 Augur-io
464 271 720 320 monstrum3
763 266 910 309 docuit
947 272 1048 322 post
1090 269 1230 312 exitus
1263 270 1425 327 ingens,

233 303 422 378 Stfiaquc
456 325 634 366 teriifici
669 324 916 366 cecinerunt
955 326 1100 367 omina
1136 330 1268 369 vates.

232 384 430 434 Namque
468 382 616 423 volans
653 381 830 435 liquidis
864 382 909 423 in
942 382 1128 424 nubibus
1165 384 1276 426 arsit
1312 385 1493 438 arundo,

233 439 511 492 Signavitque
548 439 660 480 viam
689 439 890 490 flammis,
931 442 1168 492 tenuesque
1203 443 1382 483 recessit

233 496 495 548 Consumpta
528 495 572 536 111
610 500 775 537 ventos:

232 553 548 593 Transcurrunt
589 552 836 607 crinemque
871 553 1063 595 volantia
1101 553 1245 596 sidera
1279 554 1452 598 ducunt.

232 609 439 651 Attonitis
472 609 650 651 haesere
685 610 861 663 animis,

231 666 442 707 Trinacrii
479 667 717 720 Teucrique
752 668 844 709 viri.

231 723 394 765 Abnuit
425 724 608 776 Aeneas,
652 724 728 766 sed
765 725 930 766 laetum
965 725 1187 778 amplexus
1224 726 1408 768 Acesten

232 780 483 822 Muneribus
522 782 713 831 cumulat
751 783 938 836 magnis,

234 838 378 889 Sume,

421 841 569 891 pater,
609 853 710 881 nam
747 842 790 880 te
828 840 966 881 voluit
1004 853 1082 881 rex
1119 853 1302 894 magnus
1341 840 1512 895 Olympi

236 894 412 936 Talibus
449 896 652 948 auspiciis
687 900 901 938 exsortem
936 896 1091 938 duceie
1127 897 1324 939 110110105.

234 953 375 1006 Ipsius
411 952 625 995 Anchisae
667 952 862 1007 longaevi
899 953 982 995 hoc
1012 968 1166 996 munus
1202 953 1396 1005 habebis,

234 1010 414 1051 Cratera
449 1010 719 1075 impressum
745 1011 896 1065 signis,
938 1025 1066 1065 quem
1106 1011 1314 1053 Thracius
1356 988 1458 1053 011111

235 1067 449 1108 Anchisae
487 1067 671 1121 genitori
707 1068 752 1109 in
789 1082 945 1122 magno
986 1082 1159 1111 1111111010
1197 1069 1365 1111 Cisseus

233 1125 364 1165 Ferre
395 1124 461 1165 sui
487 1100 682 1166 t’dederat
716 1129 1040 1167 monumentum
1077 1129 1120 1167 et
1157 1126 1314 1180 pignus
1353 1125 1526 1168 amoris.

234 1182 304 1223 Sic
341 1181 456 1222 fat-us
491 1182 624 1235 cingit
658 1182 864 1224 viridanti
900 1186 1099 1237 tempora
1135 1183 1274 1235 lauro,

234 1239 291 1280 Et
328 1239 515 1292 primum
556 1243 657 1280 ante
689 1253 833 1282 omnes
872 1240 1080 1282 victorem
1110 1241 1305 1295 appellat
1338 1240 1533 1282 Acesten.

1791 386 1873 426 525

821 496 940 538 caelo
987 510 1064 538 0011
1098 510 1227 549 saepe
1262 498 1397 540 refixa

910 611 1184 675 Superosque
1224 613 1391 665 precati

903 668 993 710 Nec
1028 668 1241 710 maximus
1277 682 1403 710 omen
1794 669 1877 709 530

985 796 1036 824 ac
1073 783 1181 824 talia
1216 782 1354 825 fatur:

1795 954 1876 994 535

1796 1238 1878 1278 540

234 1296 323 1338 Nec
360 1295 497 1338 bonus
531 1296 742 1351 Eurytion
781 1297 978 1352 praelato
1014 1297 1168 1339 invidit
1205 1298 1372 1349 honori,

234 1472 362 1500 modum
385 1468 534 1509 faustus
562 1468 650 1500 Divo
681 1470 843 1513 Augusto
875 1473 1036 1502 iudicatus

235 1519 275 1545 al)
300 1517 389 1553 ipso,
425 1517 480 1551 qui
505 1517 678 1551 incipiente
708 1526 744 1546 00
773 1519 922 1553 apparuit
948 1519 1036 1547 ludis

236 1570 317 1596 quos
342 1561 479 1591 faciebat
502 1562 623 1590 Veneri
649 1563 819 1597 Genetrici,
845 1572 908 1592 non
935 1566 1034 1593 multo

237 1612 307 1643 post
329 1608 449 1635 obitum
471 1608 575 1641 patris
599 1606 786 1636 caesarisf*
815 1616 916 1643 eaque
938 1611 1036 1638 stella

238 1652 415 1689 significari
440 1653 611 1689 Augustus
642 1653 775 1682 credidit
801 1654 975 1683 Caesarem
1001 1655 1034 1683 in

235 1700 311 1727 deos
339 1706 413 1727 esse
446 1703 617 1733 receptum.
667 1699 775 1735 Pergit
808 1700 891 1728 Plin.
924 1701 1035 1736 „Haec

236 1744 292 1772 ille
316 1744 350 1772 in
370 1744 549 1781 publicum,
581 1745 734 1773 interiore
760 1745 877 1779 gaudio
904 1746 967 1774 sibi
995 1746 1037 1773 il-

234 1791 302 1818 lum
327 1794 453 1827 natum,
483 1797 585 1829 seque
617 1787 652 1817 in
679 1798 716 1818 co
743 1788 842 1818 nasci
867 1788 1036 1830 interpre-

236 1836 333 1864 tatus
355 1838 419 1871 est,
455 1838 483 1862 et
507 1835 536 1862 si
563 1843 674 1863 verum
696 1835 849 1871 fatemur,
888 1838 1035 1865 salutare

236 1881 266 1908 id
300 1880 394 1908 terris
427 1877 521 1908 suits*
570 1881 616 1908 De
641 1881 774 1910 cometis
798 1881 929 1910 dubium
956 1886 1035 1919 erat,

238 1929 505 1954 ..moverenturne
528 1929 556 1954 et
579 1933 655 1963 eae,
693 1933 776 1961 quas
803 1932 953 1961 putamus
978 1926 1035 1963 af-

227 1968 366 2010 fixas‘²,
403 1975 431 1999 et
463 1975 611 2007 „praeter
643 1978 700 2000 ora
732 1973 842 2006 populi
875 1974 1034 2001 transcu-

236 2013 382 2045 currit-‘⁶
417 2020 446 2044 et
474 2016 552 2045 talis
581 2018 680 2045 stella
709 2018 907 2054 ¹„longiorem
935 2019 1033 2047 trahit

237 2059 403 2089 limiteni.“
445 2062 494 2090 Ex
516 2062 568 2090 liis
590 2063 710 2096 poteris
735 2063 935 2092 conformare
960 2071 1031 2093 eam

237 2106 488 2141 explicationem
514 2107 611 2135 huius
635 2109 717 2145 loci,
756 2113 787 2136 ut
814 2109 905 2137 illam
930 2109 1032 2145 sagit-

239 2156 315 2187 tam,
340 2152 373 2180 in
394 2156 550 2181 cometam
574 2157 739 2189 mutatam,
762 2153 926 2183 indicasse
942 2155 1032 2184 dicas

237 2199 336 2226 multo
372 2201 442 2232 post
473 2194 576 2235 (sera
610 2195 751 2237 omina)
789 2199 855 2228 fore
886 2205 1032 2235 nepotem

242 2244 390 2277 Aeneae,
422 2246 526 2272 terrae
549 2246 724 2281 potentem,
753 2245 890 2281 Divum,
921 2246 975 2280 qui
999 2247 1032 2274 in

238 2293 355 2317 terram
389 2289 550 2317 reduceret
581 2288 778 2318 felicitatem.
835 2291 904 2319 Etsi
934 2291 1032 2328 igitur

238 2333 363 2363 terrifici
392 2338 504 2371 vates,
530 2334 717 2370 ignorantes
741 2335 861 2372 fatum,
886 2337 1031 2366 timorem

237 2383 384 2416 movent,
411 2379 544 2408 Aeneas
567 2383 596 2408 et
617 2380 754 2410 Acestes
779 2381 896 2410 melius
922 2382 1032 2411 omina

238 2425 432 2461 intelligunt.
500 2425 542 2453 Ut
579 2425 700 2461 sagitta
733 2426 766 2453 in
806 2427 910 2464 ludis,
950 2435 1030 2461 quos

236 2471 369 2499 Aeneas
398 2471 451 2498 dat
480 2470 580 2507 patri,
618 2471 665 2499 sic
699 2475 838 2500 cometes
867 2472 901 2500 in
933 2473 1030 2509 ludis,

237 2524 317 2550 quos
338 2516 507 2551 Augustus
534 2515 617 2550 patri
640 2517 693 2544 dat
721 2516 871 2554 Caesari,
899 2517 1030 2553 signum

237 2565 285 2589 est
313 2561 473 2596 potentiae
502 2560 640 2589 futurae.
690 2562 777 2590 Haec
808 2562 908 2590 simili
939 2564 1030 2591 modo

237 2606 302 2634 iam
323 2606 472 2641 exposuit
500 2603 590 2634 Cron
610 2603 704 2635 lerb.
753 2608 790 2635 In
815 2609 875 2636 hac
900 2616 934 2635 re
958 2616 1030 2643 por-

238 2655 364 2680 tentosa
394 2656 424 2680 et
456 2651 653 2680 miraculosa
684 2659 745 2680 non
776 2654 934 2681 absonum
971 2654 1031 2682 erit

238 2698 353 2725 addere
382 2697 494 2731 aliqua
527 2705 569 2726 ex
599 2697 660 2734 iis,
693 2705 775 2732 quae
812 2694 911 2736 Pmfi·
935 2695 1029 2727 Jhrb.

239 2742 276 2769 de
298 2748 420 2771 arcana
440 2742 574 2778 Virgilii
603 2743 691 2772 docet
716 2749 873 2771 annorum
901 2752 1031 2778 compu-

238 2786 373 2815 tatione:
417 2788 548 2816 Aeneas
575 2786 593 2815 3
619 2795 740 2824 annos,
778 2788 945 2817 Ascanius
978 2787 1029 2827 30,

238 2832 363 2859 Albani
391 2829 457 2859 300
491 2838 641 2870 regnant,
682 2833 821 2862 Romani
854 2834 887 2861 in
918 2842 1030 2869 perpe-

239 2880 338 2904 tuum.
387 2877 557 2913 Augustus
589 2879 690 2907 victor
719 2887 760 2907 ex
793 2879 920 2907 Oriente
951 2880 1031 2909 redit

239 2919 280 2948 29
308 2929 503 2956 aureumque
528 2925 693 2953 saeculum
721 2925 861 2960 reducit,
900 2921 966 2952 729
989 2933 1030 2953 ex

240 2967 344 2995 Cincii
369 2967 549 2996 rationibus
575 2970 702 2998 condita
727 2974 774 2997 est
799 2970 917 3006 Roma,
956 2970 1029 2999 inde

240 3008 325 3038 1029
352 3013 438 3040 Alba
462 3010 602 3053 (300-{-
619 3012 704 3050 700)
730 3015 837 3050 itaque
861 3015 1027 3044 Ascanius

239 3057 378 3091 suscepit
411 3058 578 3091 imperinm
615 3058 716 3096 1059,
755 3061 878 3089 Caesar
912 3062 1027 3089 consul

1083 1474 1186 1502 factus
1220 1478 1269 1502 est
1298 1471 1352 1503 59.
1401 1473 1479 1502 Inde
1509 1470 1732 1501 concludimus
1764 1476 1882 1506 regna-

1083 1520 1174 1548 visse
1193 1520 1340 1548 Aeneam
1369 1517 1503 1547 1062—
1519 1516 1580 1555 60,
1607 1520 1637 1546 et
1663 1516 1814 1553 sagittam
1838 1515 1880 1543 il-

1082 1566 1148 1593 lam
1174 1565 1391 1601 prodigiosam
1413 1564 1548 1593 Acestis
1575 1563 1711 1592 missam
1743 1569 1818 1591 esse
1850 1564 1881 1590 et·

1082 1611 1229 1639 Aeneam
1249 1610 1281 1638 in
1306 1611 1438 1639 Italiam
1462 1609 1654 1644 pervenisse
1674 1605 1773 1636 1063.
1823 1608 1880 1635 Se-

1082 1660 1175 1691 gesta
1214 1656 1397 1685 Romanam
1438 1655 1626 1684 societatem
1670 1654 1786 1688 adepta
1832 1655 1881 1681 est

1083 1699 1164 1738 263,
1209 1702 1380 1737 Angustus
1420 1705 1517 1729 natus
1557 1698 1609 1728 63.
1668 1699 1761 1728 Adde
1796 1699 1881 1733 quod

1082 1747 1215 1775 Aeneas
1240 1755 1295 1781 per
1318 1744 1336 1773 7
1364 1754 1466 1775 annos
1491 1749 1591 1781 errat,
1628 1752 1683 1780 per
1710 1743 1728 1772 3
1755 1748 1877 1781 regnat.

1087 1788 1138 1820 Pl.
1172 1792 1265 1820 refert
1299 1794 1356 1822 hoc
1388 1800 1480 1821 omen
1508 1792 1548 1820 ad
1573 1792 1694 1820 bellum
1717 1790 1879 1820 Punicum

1081 1841 1109 1866 et
1134 1838 1174 1865 ad
1199 1839 1333 1866 oracula
1352 1837 1468 1866 Marcii
1495 1837 1534 1866 cf.
1560 1836 1635 1864 Liv.
1662 1834 1715 1873 25,
1742 1833 1795 1864 12.

1126 1880 1203 1911 525.
1233 1879 1349 1911 Nubes
1376 1879 1535 1922 liquidae
1559 1882 1708 1910 dicuntur
1727 1879 1759 1919 7,
1784 1879 1861 1910 699.

1127 1925 1202 1956 527.
1234 1925 1361 1957 Sidera
1412 1924 1721 1967 Sternschnuppen
1767 1927 1806 1956 cf.
1849 1925 1880 1965 2,

1081 1970 1146 2000 694
1179 1978 1207 2002 et
1238 1975 1279 2002 ad
1311 1971 1421 2013 refixa
1454 1974 1528 2002 Hor.
1554 1974 1611 2008 Ep.
1642 1970 1693 2010 17,
1718 1972 1737 2001 5
1769 1970 1881 2012 refixa

1079 2015 1174 2047 caelo
1208 2016 1374 2048 devolare
1405 2016 1535 2048 sidera.
1563 2034 1608 2038 —
1640 2015 1755 2059 Saepe
1781 2018 1822 2048 cf.
1849 2015 1880 2056 1,

1126 2107 1202 2138 530.
1230 2110 1362 2138 Aeneas
1403 2114 1433 2139 et
1471 2110 1610 2139 Acestes
1646 2110 1766 2137 laetum
1813 2108 1877 2137 sibi

1079 2162 1171 2183 omen
1197 2155 1454 2190 interpretantur.
1487 2154 1630 2184 Romani
1650 2157 1758 2183 autem
1783 2161 1877 2183 omen

1080 2201 1290 2235 quodcunque
1321 2208 1402 2230 casu
1433 2202 1574 2229 oblatum
1598 2199 1633 2228 in
1656 2202 1775 2228 bonam
1801 2206 1878 2234 par-

1080 2250 1143 2274 tem
1173 2246 1338 2280 explicare
1370 2247 1558 2283 studebant,
1596 2247 1679 2280 quod
1711 2245 1741 2275 si
1774 2245 1879 2283 fiebat,

1081 2299 1175 2320 omen
1208 2294 1327 2320 bonum
1357 2296 1435 2320 erat.
1491 2292 1542 2320 Ita
1573 2289 1604 2328 6,
1630 2288 1704 2319 193.
1744 2288 1775 2329 7,
1802 2288 1878 2320 118.

1080 2334 1111 2373 9,
1138 2334 1191 2365 21.
1223 2334 1274 2374 12,
1296 2335 1373 2365 260.

1086 2406 1099 2419 ,7
1123 2379 1200 2410 534.
1228 2378 1408 2421 auspiciis,
1436 2381 1557 2418 sagitta
1582 2381 1724 2411 incensa.
1754 2397 1792 2402 -
1820 2390 1879 2410 1¹2·-

1077 2428 1216 2462 sortem,
1242 2431 1336 2456 extra
1357 2427 1515 2462 ordinem3
1541 2427 1580 2456 cf.
1603 2425 1635 2465 8,
1653 2425 1720 2456 552
1747 2425 1881 2456 dantur

1077 2469 1157 2511 equi
1176 2469 1318 2501 Teucris·
1335 2494 1342 2501 .
1358 2494 1364 2500 .
1388 2470 1520 2502 ducunt
1543 2474 1712 2503 exsortem
1727 2471 1879 2502 Aeneae.

1079 2531 1116 2536 —
1155 2514 1238 2558 ll'g.
1260 2519 1311 2546 dat
1335 2514 1509 2547 honorem.

1123 2559 1199 2590 536.
1232 2561 1378 2592 Cratera
1404 2561 1610 2603 impressum
1634 2559 1767 2604 signis,
1797 2570 1879 2598 opus

1078 2609 1248 2637 caelatum.
1282 2624 1318 2628 —
1357 2609 1528 2643 [inpressis
1555 2608 1659 2645 signis
1682 2609 1779 2637 simul
1803 2608 1875 2643 ipse

1078 2658 1180 2682 crater
1217 2654 1429 2691 imprimitur,
1474 2661 1573 2689 quare
1611 2658 1696 2683 recte
1741 2653 1875 2682 dicitur:

1078 2698 1272 2733 impressum
1298 2700 1403 2736 signis
1429 2699 1467 2728 cf.
1493 2697 1524 2736 6,
1551 2697 1626 2728 229.
1659 2697 1707 2735 10,
1733 2695 1809 2726 497.

1124 2742 1200 2773 537.
1234 2743 1390 2780 Cisseus,
1417 2746 1577 2774 Thracum
1600 2752 1674 2781 rex,
1698 2748 1788 2778 pater
1811 2744 1875 2773 He-

1078 2792 1188 2818 cubae.
1228 2790 1274 2819 Cf.
1303 2787 1333 2828 7,
1360 2788 1436 2818 320.
1470 2805 1507 2809 -
1546 2788 1581 2818 in
1608 2796 1749 2818 munere
1770 2789 1819 2818 sic
1842 2786 1875 2826 8,

1122 2877 1199 2908 540.
1223 2877 1374 2919 primum
1401 2881 1483 2909 ante
1509 2887 1624 2909 omnes
1653 2879 1692 2908 cf.
1719 2876 1749 2916 2,
1776 2876 1828 2908 40.

1122 2923 1197 2954 641.
1221 2923 1383 2964 praelato
1420 2922 1548 2954 invidit
1584 2921 1728 2953 honori.-
1767 2925 1876 2954 Honos

1074 2970 1160 2999 enim
1203 2972 1345 2999 Acestae
1385 2979 1444 2999 suo
1486 2969 1599 2998 honori
1641 2968 1872 3007 (Eurytionis)

1074 3017 1241 3050 praelatus
1265 3020 1324 3045 est.
1365 3012 1426 3044 Hr.
1453 3018 1606 3044 honorem
1631 3015 1750 3044 dictum
1776 3016 1877 3045 sumit

1073 3061 1232 3091 hominem
1271 3064 1477 3098 honoratum,
1522 3061 1683 3096 Acestem
1738 3067 1873 3097 eamque
