2023 3350
674 141 910 175 AENEIDOS
938 144 1022 176 LIB.
1056 144 1096 176 X.

68 257 160 299 Uno
201 257 245 298 in
285 255 412 298 corde
442 254 602 309 pudor,
644 255 865 310 mixtoque
901 257 1069 299 insania
1105 257 1244 310 luctu,

68 315 144 371 [Et
180 314 317 356 Furiis
353 313 541 367 agitatus
581 326 722 365 amor,
759 318 802 356 et
840 315 1013 357 conscia
1046 315 1217 371 virtusz]

67 376 208 426 Atque
246 372 314 413 hic
351 374 524 412 Aenean
558 385 715 425 magna
750 376 817 414 ter
854 386 956 414 voce
991 373 1170 415 vocavit.

68 431 254 481 Aeneas,
293 428 465 482 agnovit
507 429 635 480 enim,
674 429 898 484 laetusque
936 434 1159 484 precatur:

69 488 138 530 Sic
174 490 299 541 pater
334 486 406 527 ille
442 485 567 527 deum
604 486 756 540 faciat,
796 489 858 529 sic
892 488 1006 530 altus
1046 488 1221 543 Apollo!

67 544 250 599 Incipias
289 543 483 585 conferre
523 558 710 586 manum.

68 603 246 644 Tantum
287 600 460 652 effatus,
497 606 540 643 et
578 602 734 644 infesta
774 602 890 644 subit
926 602 1075 644 obvius
1114 602 1252 644 hasta.

66 660 144 702 Ille
185 662 347 700 autem:
408 659 519 709 Quid
555 674 643 712 me,
683 664 850 714 erepto,
887 661 1147 712 saevissime,
1183 665 1285 701 nato

65 716 245 758 Terres‘?
284 716 390 758 11360
429 717 499 759 via
539 718 631 759 sola
670 718 773 769 fuit,
812 732 897 771 qua
931 718 1111 772 perdere
1148 731 1307 771 posses.

63 774 150 816 Nec
190 778 372 816 mortem
413 774 653 827 horremus,
698 790 776 817 1160
816 776 955 817 divom
998 776 1214 830 parcimus
1246 775 1335 816 ulli.

62 831 233 879 Desine:
273 847 371 874 nam
411 833 533 874 venio
568 834 818 885 moriturus,
852 837 895 875 et
934 833 1039 875 haec
1080 833 1161 874 tibi
1197 836 1322 887 porto

61 889 184 931 Dona
222 890 355 943 prius,

415 891 552 941 Dixit,
597 892 814 945 telumque
844 892 1017 932 intorsit
1049 891 1093 932 in
1128 890 1315 941 hostem3

60 946 166 988 Inde
204 947 323 989 aliud
358 962 487 1002 super
525 952 655 1002 atque
699 949 816 990 aliud
856 948 1054 1002 figitque,
1095 949 1295 1002 volatque

60 1005 230 1058 Ingenti
268 1020 393 1060 gyro;
435 1005 511 1047 sed
548 1007 730 1049 sustinet
762 1020 917 1048 aureus
952 1006 1093 1048 umbo.

60 1062 143 1103 Ter
177 1063 339 1104 circum
381 1063 624 1105 adstantem
654 1065 798 1106 laevos
838 1064 1048 1117 equitavit
1080 1064 1125 1105 in
1165 1062 1310 1114 orbes,

1621 1068 1704 1106 885

60 1119 164 1161 Tela
206 1135 336 1163 manu
381 1122 562 1173 iaciens3
606 1126 672 1164 ter
706 1136 848 1164 secum
889 1122 1042 1163 Troius
1076 1121 1204 1163 heros

59 1178 295 1220 Immanem
333 1183 484 1221 aerato
528 1180 775 1222 circumfert
820 1180 1007 1233 tegmine
1047 1179 1209 1220 silvam.

60 1235 166 1277 Inde
201 1236 276 1278 ubi
318 1240 387 1278 tot
416 1237 599 1279 traxisse
635 1252 794 1290 moras,
830 1241 897 1279 tot
932 1237 1098 1291 spicula
1138 1234 1284 1278 taedet

62 1293 242 1346 Vellere,
283 1298 325 1336 et
366 1298 576 1349 urguetur
615 1310 760 1349 pugna
794 1308 1048 1349 congressus
1083 1294 1248 1348 iniqua,

60 1350 200 1392 Multa
232 1365 406 1394 movens
445 1353 588 1394 animo
626 1354 714 1395 iam
750 1352 924 1395 tandem
962 1352 1148 1406 erumpit
1187 1354 1230 1392 et
1265 1350 1377 1392 inter

1624 1354 1706 1392 890

58 1408 291 1452 Bellatoris
322 1410 421 1465 equi
457 1425 562 1452 cava
602 1414 800 1465 tempora
835 1410 1010 1451 coniicit
1052 1409 1236 1451 hastam.

103 1560 183 1591 871.
205 1564 309 1592 Simul
330 1565 463 1599 :pudore
504 1566 544 1593 ob
585 1564 717 1602 fugant,
754 1563 864 1592 furore

59 1608 92 1637 in
116 1611 251 1648 mos-tem
288 1611 323 1638 et
364 1612 453 1639 tuctu
497 1613 536 1639 ol)
578 1611 675 1639 filium
723 1611 862 1644 angitur.

59 1651 237 1694 mixtoque
261 1653 405 1685 insania
429 1654 524 1686 luctu
547 1657 587 1685 cf.
618 1656 668 1688 tl,
691 1654 771 1684 807.

104 1698 185 1729 872.
215 1699 261 1730 Et
294 1699 403 1738 furiis
441 1706 504 1732 etc.
553 1704 642 1731 Ideni
681 1710 712 1730 v.
746 1702 866 1735 legitur

61 1744 115 1782 12,
141 1745 221 1775 668.
269 1748 339 1776 Hoc
376 1750 451 1777 loco
488 1749 644 1777 omittitur
685 1756 705 1776 a
746 1750 788 1776 M.
825 1749 863 1776 R.

57 1792 214 1829 aliisque,
240 1801 347 1828 neque
374 1802 393 1823 a
418 1794 535 1822 servio
563 1795 762 1829 explicatur,
801 1801 863 1820 066

59 1839 160 1872 aptus
185 1839 258 1874 est,
295 1844 326 1867 et
359 1840 490 1868 additus
520 1841 634 1875 modo,
674 1841 762 1874 quod
797 1840 860 1867 duo

60 1891 182 1912 versus
208 1882 273 1912 87l
301 1888 332 1912 et.
355 1883 422 1913 872
452 1885 485 1913 in
506 1886 586 1913 libro
617 1883 666 1913 12.
698 1885 864 1913 coniuncti

60 1930 226 1963 teguntur.
301 1926 354 1958 Pl.
388 1932 474 1958 delet
511 1932 610 1959 etiam
646 1929 795 1959 Aestuat
822 1946 859 1949 —

59 1972 158 2003 luctu
201 1975 354 2010 additque
398 1977 623 2012 „Mezentium
662 1978 733 2011 Vgl.
785 1976 863 2004 facit

60 2028 189 2049 summo
215 2022 345 2056 quidem
368 2023 480 2050 dolore
501 2023 654 2051 affectum
677 2024 736 2050 sed
752 2023 861 2050 animo

59 2071 168 2095 tamen
216 2069 350 2103 sedato,
399 2068 529 2096 minime
574 2066 772 2097 insanum.“
818 2068 864 2097 At

60 2113 138 2141 talis
162 2113 210 2140 vir
233 2113 265 2141 in
293 2114 353 2141 tali
375 2122 457 2142 casu
481 2122 589 2142 nonne
621 2115 762 2150 pudore,
802 2114 862 2150 ira,

61 2159 174 2187 dolore
206 2160 425 2197 exardescet,
464 2161 596 2189 etiamsi
622 2169 686 2188 non
715 2160 862 2189 insanit?

105 2202 184 2232 874.
207 2204 352 2242 Aeneas,
362 2203 512 2246 agnovit
523 2203 625 2243 enim,
641 2206 863 2240 quienimnon

60 2252 271 2285 agnosceret.
286 2252 444 2289 Umhone,
461 2253 554 2286 parte
572 2253 660 2281 scuti
676 2252 864 2280 firmissima

61 2304 100 2325 ac
110 2303 251 2326 curvaet
267 2298 306 2326 ad
317 2299 501 2326 avertenda
518 2300 580 2326 tela
592 2298 764 2332 aptissima
775 2298 817 2327 cf.
831 2296 863 2335 7,

61 2340 128 2370 633
143 2344 207 2371 tela
223 2344 357 2372 Aeneas
374 2344 530 2379 excipere
547 2346 654 2378 callet,
681 2341 864 2384 laetusque

61 2388 81 2416 i.
93 2395 121 2416 e.
136 2392 164 2416 et
186 2388 313 2423 quidem
326 2391 447 2426 laetus,
464 2391 551 2425 quod
574 2390 626 2424 qui
644 2390 806 2420 effugerat
825 2398 863 2419 se

63 2433 159 2462 affert.
185 2435 405 2464 occidendum.
431 2435 581 2473 cf.2,49.
604 2438 640 2465 In
658 2437 692 2464 P.
705 2444 761 2470 pro
774 2434 865 2465 enim

62 2480 117 2507 est
142 2487 228 2516 eum,
252 2482 336 2514 quod
366 2482 446 2510 tollit
473 2490 602 2510 omnem
620 2481 863 2511 difficultatem.

108 2522 188 2553 875.
220 2523 279 2555 Sic
309 2527 341 2554 in
375 2528 562 2561 precatione
603 2528 742 2562 saepius
777 2529 865 2564 apud

64 2571 182 2606 poetas
209 2570 249 2599 cf.
274 2574 344 2600 Ecl.
369 2572 401 2609 9,
424 2572 479 2601 30.
516 2573 565 2610 lO,
592 2572 624 2601 4.
662 2575 741 2602 Hor.
771 2576 807 2603 C.
838 2574 864 2611 Ι,

62 2615 94 2650 3,
124 2617 150 2644 l.
179 2617 343 2646 Usitatius
365 2615 416 2647 ita
438 2618 527 2653 cf.9,
551 2618 629 2647 308.
655 2634 700 2638 —-
722 2617 866 2657 faciat:

55 2661 185 2701 faveat
216 2663 354 2692 coniecit
386 2664 612 2700 minuemus,
641 2669 671 2693 ut
705 2665 864 2694 victoriae

60 2709 137 2738 insit
162 2708 371 2745 significatio,
405 2717 503 2744 quam
529 2711 630 2745 optet.
677 2727 720 2730 *—
768 2709 865 2740 altus

64 2752 191 2794 Apollo
213 2754 253 2783 cf.
278 2754 308 2789 6,
334 2754 366 2782 9.

107 2798 185 2829 870.
211 2798 361 2840 incipias
385 2804 446 2828 etc.
469 2801 508 2828 ad
534 2802 734 2831 Mezentium
764 2802 862 2831 dicta.

63 2847 173 2875 Simile
199 2847 230 2881 9,
253 2844 329 2874 741.
361 2842 411 2874 Pl.
435 2847 497 2873 del.
527 2845 685 2882 conferre
707 2856 862 2876 manum.

8 2915 10 2917 .
108 2890 184 2920 879.
211 2890 295 2921 haec
319 2889 379 2920 via
405 2889 480 2920 sola
499 2889 577 2928 fuit
608 2896 668 2921 etc.
718 2895 787 2922 Iam
811 2902 861 2922 me

8 2953 9 2956 =
64 2938 231 2973 perdidisti
256 2938 320 2966 lilio
349 2937 539 2974 interfecto,
573 2939 699 2966 nullum
722 2940 776 2968 est
797 2939 862 2967 iam

65 2986 183 3013 malum
210 2985 295 3020 quod
313 2984 389 3012 mini
417 2983 522 3018 possit
550 2983 721 3019 accidere,
755 2992 862 3019 neque

64 3031 200 3059 mortem
226 3031 336 3067 timeo,
362 3037 423 3059 nec
449 3029 510 3058 diis
537 3036 648 3064 parco,
678 3031 698 3058 i.
725 3039 753 3058 6.
781 3031 862 3058 deos

908 1571 1004 1597 curo;
1037 1563 1161 1592 frustra
1183 1566 1285 1592 morte
1309 1563 1363 1590 vel
1384 1561 1518 1589 deorum
1546 1565 1632 1590 metu
1654 1569 1705 1591 me

909 1610 1025 1638 terres.
1079 1610 1232 1638 Pluribus
1257 1608 1400 1643 loquitur
1420 1608 1451 1635 in
1471 1609 1606 1636 eandem
1627 1617 1707 1637 sen-

908 1657 1039 1684 tentiam
1066 1664 1118 1690 ap.
1169 1655 1366 1684 Schillerum
1398 1655 1561 1689 Isabella,
1610 1654 1662 1682 ulii
1687 1663 1705 1683 a

908 1703 1054 1731 Caesare
1067 1704 1254 1730 manuelem
1273 1701 1419 1729 occisum
1435 1700 1566 1734 accipit.
1604 1697 1708 1729 'I'rolz

907 1740 985 1776 biet'
1038 1744 1092 1776 ich
1137 1744 1241 1776 ilmen
1280 1743 1370 1783 (den
1414 1742 1579 1783 Giitteru)
1619 1743 1708 1774 mich

905 1790 994 1822 noch
1009 1789 1130 1822 horter
1144 1801 1187 1821 zu
1201 1789 1336 1831 treffen,
1364 1788 1418 1819 als
1435 1787 1484 1819 sie
1503 1790 1620 1829 traseu
1645 1797 1707 1820 etc.

952 1838 1030 1866 880.
1055 1841 1198 1868 mortem
1223 1834 1364 1866 horrere
1389 1836 1429 1864 cf.
1460 1834 1498 1873 3,
1526 1835 1602 1864 191.
1655 1834 1706 1866 ΡΙ.

908 1885 973 1912 del.
1004 1892 1066 1912 uec
1108 1880 1143 1912 d.
1183 1879 1306 1923 pulli
1346 1884 1461 1919 „Haec
1500 1884 1605 1910 liabeo
1648 1891 1705 1917 pro

907 1930 1129 1958 additamento
1153 1929 1305 1966 hominis,
1332 1928 1397 1966 qui,
1422 1928 1497 1963 quid
1523 1928 1596 1963 ipse
1615 1929 1707 1966 velit,

909 1974 1072 2011 ignorat.“

953 2021 1031 2050 881.
1057 2029 1141 2050 nam
1166 2022 1297 2049 MPRbc
1321 2027 1387 2048 rec.
1415 2016 1477 2048 Rb.
1508 2015 1570 2048 Ld.
1599 2016 1668 2048 iam
1688 2028 1709 2058 γ

908 2069 999 2103 prob.
1035 2064 1089 2096 Pl.
1119 2075 1185 2095 rec.
1226 2063 1311 2106 Wg.
1368 2065 1492 2094 Desine
1525 2073 1647 2094 vocare
1677 2069 1708 2093 et

907 2113 1049 2150 precari,
1076 2120 1152 2142 nam
1178 2113 1296 2141 adsum
1316 2111 1504 2140 moriturus.

953 2158 1032 2188 883.
1058 2162 1193 2188 Summa
1220 2158 1390 2186 celeritate
1424 2163 1453 2185 et
1487 2157 1603 2185 ardore
1644 2158 1709 2185 tela

907 2205 939 2234 in
971 2206 1119 2234 Aeneam
1153 2204 1300 2239 coniicit,
1349 2210 1430 2238 gyro
1464 2210 1537 2231 eum
1569 2203 1709 2231 circum-

908 2252 1060 2286 equitans
1089 2251 1239 2286 peditem,
1273 2250 1320 2278 ita
1351 2254 1383 2277 ut
1410 2255 1429 2276 a
1459 2248 1595 2277 sinistra
1617 2252 1710 2283 parte

907 2298 1064 2333 haberet,
1106 2297 1267 2331 quomodo
1301 2296 1335 2323 et
1367 2295 1440 2329 ipse
1476 2298 1583 2323 tectus
1617 2298 1710 2322 esset

908 2348 1003 2372 scuto
1031 2348 1062 2371 et
1082 2345 1148 2371 tela
1171 2343 1286 2370 dextra
1311 2342 1444 2369 sublata
1469 2339 1566 2368 facite
1592 2339 1705 2368 iacere

910 2392 1040 2425 posset.
1087 2389 1150 2416 Sed
1178 2388 1313 2416 Aeneas
1341 2387 1439 2415 simul
1469 2394 1506 2414 se
1533 2386 1709 2421 convertit,

911 2440 943 2464 ut
969 2435 1075 2470 clipeo
1101 2437 1215 2470 posset
1241 2435 1305 2461 tela
1333 2432 1500 2467 excipere.

955 2479 1033 2509 88⁴.
1063 2478 1210 2509 sustinet
1236 2488 1284 2507 sc.
1310 2480 1386 2506 tela.

956 2526 1035 2555 887.
1063 2523 1207 2560 silvam,
1245 2524 1364 2553 iaculis
1394 2527 1621 2559 constantem,
1654 2522 1710 2557 qui

911 2572 1019 2608 clipeo
1039 2571 1181 2600 coniecti
1203 2575 1289 2599 sunt.
1339 2569 1460 2598 Confer
1489 2569 1520 2597 in
1546 2575 1618 2597 eam
1641 2576 1711 2596 rem

910 2618 1132 2647 narrationem
1159 2617 1243 2644 Livii
1266 2616 1303 2649 2,
1344 2612 1397 2643 10.
1446 2615 1498 2643 Sic
1525 2615 1650 2643 Lucan.
1678 2614 1709 2649 6,

911 2663 978 2692 205
995 2661 1208 2701 densamque
1224 2661 1344 2699 ferens
1365 2659 1400 2689 in
1415 2662 1553 2700 pectore
1572 2658 1711 2689 silvam.

956 2709 1036 2737 889.
1056 2715 1184 2747 pugna
1213 2704 1355 2746 iniqua,
1395 2707 1479 2741 quod
1512 2707 1613 2741 pedes
1645 2711 1711 2735 stat

910 2760 1027 2784 contra
1050 2754 1203 2786 equitem.

955 2800 1034 2828 890.
1062 2796 1173 2827 mullo
1198 2805 1339 2826 movens
1365 2793 1482 2826 animo
1503 2805 1633 2831 sc.qua
1658 2804 1712 2826 ra-

910 2847 997 2874 tione
1024 2846 1122 2873 adeat
1147 2843 1358 2872 Mezentium.

956 2887 1033 2919 891.
1060 2887 1151 2918 inter
1188 2891 1343 2927 tempora
1382 2888 1438 2924 „in
1481 2884 1642 2916 frontem“
1675 2890 1709 2915 S.

910 2937 990 2972 Equi
1022 2936 1108 2964 enim
1148 2941 1244 2969 caput
1288 2935 1320 2963 in
1355 2934 1465 2969 ipsum
1508 2940 1709 2962 conversum

909 2987 969 3011 est.
1018 2982 1071 3011 Sic
1094 2981 1166 3010 Liv.
1192 2981 1225 3011 8,
1252 2981 1268 3007 7
1296 2977 1468 3019 spiculum
1494 2976 1584 3009 inter
1609 2987 1714 3008 aures

915 3024 995 3067 equi
1012 3023 1109 3066 fixit.

1379 3137 1444 3181 3⁴
