2023 3350
156 238 269 280 Huic
309 236 444 280 frater
479 234 597 278 subit
635 234 843 289 Alcanor,
882 236 1149 291 fratremque
1196 241 1390 280 ruentem

153 297 376 339 Sustentat
413 293 599 336 dextra:
631 294 815 336 traiecto
855 294 988 338 missa
1028 295 1193 337 lacerto

153 354 356 397 Protinus
394 352 522 393 hasta
556 350 690 405 fugit,
729 356 960 407 servatque
999 357 1177 395 cruenta
1209 356 1423 405 tenorem3

152 413 426 465 Dexteraque
467 423 517 451 ex
554 409 733 452 humero
771 411 913 453 nervis
953 411 1211 454 moribunda
1243 411 1461 466 pependit.

153 470 260 512 Tum
295 468 497 510 Numitor
530 467 671 510 iaculo
708 468 857 510 fratris
895 469 947 511 de

153 529 325 570 Aenean
365 526 507 579 petiit,
547 525 622 567 sed
655 540 741 568 non
778 530 821 568 et
852 526 984 581 figere
1021 531 1173 569 contra

150 586 228 627 Est
261 584 447 635 licitum,
477 584 709 638 magnique
749 584 889 627 femur
924 585 1180 639 perstrinxit
1218 583 1426 626 Achatae.

263 642 345 683 Hic
382 641 584 693 Curibus,
623 642 759 684 fidens
794 644 1015 698 primaevo
1059 657 1254 697 corpore,
1293 642 1471 684 Clausus

150 699 354 751 Advenit,
386 703 428 742 et
464 700 608 755 rigida
644 701 862 756 Dryopem
903 701 1005 743 ferit
1049 702 1213 743 eminus
1256 700 1385 742 hasta

148 757 236 800 Sub
282 761 497 810 mentum,
533 759 723 812 graviter
756 773 926 814 pressa,
965 760 1217 814 pariterque
1249 757 1469 812 loquentis

148 816 307 858 Vocem
339 817 613 871 animamque
645 817 762 871 rapit
793 817 976 859 traiecto
1015 821 1208 871 gutture3
1242 820 1288 858 at
1314 817 1388 858 ille

147 875 309 916 Fronte
346 874 447 917 ferit
482 879 664 927 terram,
704 879 746 917 et
780 890 976 917 crassum
1016 876 1151 917 vomit
1187 889 1260 917 ore
1292 886 1500 916 cruorem.

146 932 251 975 Tres
294 947 464 987 quoque
501 933 721 975 Threicios
755 934 921 976 Boreae
960 933 1011 975 de
1052 938 1178 988 gente
1209 945 1432 987 suprema,

144 990 203 1032 Et
242 991 343 1043 tris,
380 1004 488 1045 quos
527 991 628 1033 Idas
664 995 790 1045 pater
830 995 872 1033 et
907 992 1052 1045 patria
1088 993 1255 1034 Ismara
1285 991 1436 1042 mittit,

144 1049 227 1091 Per
264 1049 409 1091 varios
442 1049 596 1090 sternit
632 1063 767 1091 casus.

146 1108 463 1161 Auruncaeque
505 1122 677 1159 manus,
720 1107 837 1149 subit
874 1111 917 1149 et
946 1108 1166 1161 Neptunia
1204 1107 1366 1161 proles,

146 1165 332 1219 Insignis
368 1165 593 1220 Messapus
633 1165 766 1219 equis.

145 1223 269 1265 Nunc
304 1222 369 1275 hi,
405 1237 518 1265 nunc
556 1223 643 1276 illi,
683 1226 878 1265 certatur
914 1223 1062 1265 limine
1102 1224 1147 1265 in
1186 1223 1280 1278 ipso

148 1282 379 1323 Ausoniae.

439 1281 599 1335 Magno
636 1280 856 1323 discordes
896 1281 1071 1323 aethere
1106 1281 1221 1323 venti

143 1339 316 1382 Proelia
358 1353 436 1381 ceu
470 1340 631 1381 tollunt
670 1340 824 1381 animis
862 1342 905 1381 et
944 1339 1108 1381 viribus
1149 1337 1322 1393 aequis3

144 1398 241 1439 Non
282 1397 366 1452 ipsi
401 1398 516 1440 inter
554 1411 618 1449 se,
659 1412 745 1439 non
785 1397 956 1449 nubila,

773 120 1008 155 AENEmos
1035 124 1119 158 ΜΒ.
1150 124 1191 156 x.
1718 125 1795 165 501

1714 354 1797 393 340

987 484 1168 523 corpore
1205 473 1332 524 rapto

1715 644 1796 682 345

1716 931 1799 970 350

827 1050 1029 1091 Accurrit
1069 1049 1297 1097 Halaesus,

825 1166 1053 1220 Expellere
1087 1165 1272 1207 tendunt

1717 1219 1798 1258 355

1003 1412 1089 1439 non
1125 1411 1245 1439 mare
1288 1394 1422 1445 cedit3

1717 1507 1800 1546 360

142 1456 310 1510 Anceps
352 1470 501 1510 pugna
534 1455 628 1508 diu;
663 1459 783 1497 stant
821 1455 985 1497 obnixa
1022 1456 1168 1497 omnia
1202 1460 1372 1496 contra:

141 1514 271 1556 Haud
307 1514 435 1556 aliter
473 1513 685 1556 Troianae
725 1514 839 1555 acies
881 1514 1084 1568 aciesque
1126 1513 1308 1555 Latinae

143 1572 437 1625 Concurrunt,
471 1572 624 1614 haeret
658 1572 766 1626 pede
807 1586 883 1627 pes
922 1571 1165 1627 densusque
1204 1571 1295 1613 viro
1332 1568 1408 1610 vir.

142 1726 253 1755 hunda
278 1726 438 1761 dependet
461 1726 594 1761 nervis,
633 1733 708 1754 nam
742 1734 780 1755 os
807 1725 942 1754 fractum

141 1776 205 1800 est.
256 1774 324 1800 Non
351 1772 426 1800 lieet
450 1779 515 1800 una
537 1774 635 1800 hasta
663 1775 692 1800 et
719 1775 892 1800 Maeonem
915 1776 946 1798 et

142 1819 341 1847 Alcanorem
367 1817 546 1846 confossos
564 1818 757 1852 intelligere.
807 1821 886 1846 Nam
913 1821 944 1845 ut

144 1864 312 1892 mittamus
341 1863 403 1890 vim
430 1863 624 1896 immanem,
651 1872 714 1896 qua
736 1864 824 1892 iacta
854 1867 946 1892 esset

143 1911 257 1947 hasta,
296 1909 419 1937 labenti
441 1909 461 1937 i.
488 1917 516 1937 e.
553 1910 617 1937 iam
643 1909 833 1938 transfosso
867 1917 946 1938 suc-

144 1956 241 1985 currit
279 1956 443 1989 Alcanor,
490 1959 519 1981 et
562 1955 709 1984 Numitor
748 1964 765 1984 e
797 1956 946 1984 Maeonis

144 2009 285 2036 corpore
307 2003 438 2029 hastam
470 2001 580 2035 eripit:
633 2008 705 2030 nam
737 2009 820 2035 quae
846 2003 948 2030 Alca-

143 2055 257 2076 norem
286 2048 522 2075 vulneraverat
552 2049 650 2075 hasta
681 2048 839 2076 avolavit.
896 2044 946 2075 Pl.

143 2094 198 2129 qui
221 2093 387 2122 desiderat
414 2093 551 2121 indicari
578 2093 676 2122 etiam
700 2101 778 2122 esse
804 2096 948 2128 hastam,

143 2147 228 2175 quae
251 2139 429 2168 Alcanoris
455 2141 611 2169 lacertum
641 2139 875 2177 perforaverit,
917 2139 948 2167 id

142 2187 229 2221 quod
250 2185 349 2214 facile
364 2185 569 2221 intelligitur,
591 2186 690 2214 scribi
710 2188 778 2214 vult
795 2183 949 2214 adducto

143 2239 236 2261 nova
276 2229 384 2260 missa
424 2228 556 2260 lacerto
589 2224 657 2267 (sc.
691 2231 846 2267 Aeneae)
869 2239 951 2270 pro-

143 2275 239 2307 tinus
272 2282 333 2306 etc.
366 2281 397 2305 et
429 2278 479 2306 sic
507 2278 664 2307 omittitur
693 2278 836 2313 narrari,
878 2285 950 2306 eam

141 2327 272 2354 hastam
323 2321 506 2353 uulnerato
544 2324 724 2360 Alcanore,
773 2326 952 2352 cruentam

142 2378 302 2400 servasse
326 2374 473 2400 tenorem
496 2378 604 2407 suum,
629 2371 658 2398 id
679 2371 764 2406 quod
783 2378 868 2406 opus
885 2374 954 2399 erat

144 2417 283 2446 narrari.

188 2461 265 2491 339.
288 2458 436 2491 traiecto
460 2460 609 2492 lacerto:
644 2471 702 2499 per
728 2469 823 2497 quem
851 2463 952 2490 hasta

142 2509 233 2538 iacta
256 2511 309 2537 est
334 2507 376 2537 cf.
402 2507 431 2545 l,
459 2507 538 2539 355.

195 2556 223 2584 A
254 2561 355 2583 versu
391 2552 455 2583 345
481 2557 513 2583 et
545 2560 712 2583 certamen
739 2562 812 2582 cum
836 2553 955 2582 Phorci

143 2601 218 2630 filiis
248 2600 403 2635 persequi
437 2601 551 2629 omittit
584 2605 614 2629 et
655 2602 765 2635 ipsum
806 2601 954 2629 Aeneam

144 2648 240 2683 silet;
263 2646 379 2675 transit
404 2647 445 2674 ad
471 2647 575 2685 alios,
595 2653 627 2676 ut
654 2647 818 2676 narrando
844 2647 954 2681 imago

148 2694 305 2723 reddatur
331 2692 459 2727 proelii.

190 2738 268 2768 3⁴5.
303 2736 454 2767 Clausus
479 2738 521 2767 cf.
552 2738 584 2774 7,
614 2737 691 2767 706.
732 2754 776 2758 -—
804 2734 954 2767 Curibus

144 2795 194 2816 sc.
221 2791 314 2815 ortus
341 2783 381 2813 cf.
408 2782 440 2821 4,
467 2782 519 2813 36.
561 2799 605 2804 -
641 2781 788 2812 Cur-ihm
807 2787 890 2813 Mes.
911 2799 955 2803 ——

144 2829 302 2861 curribus
331 2832 368 2860 R.
394 2835 425 2859 et
457 2831 489 2859 in
517 2833 558 2858 M.
581 2834 654 2865 post
678 2828 799 2870 fidens
834 2830 950 2858 dicitur

143 2878 347 2913 interpungi.
411 2876 571 2906 Videntur
611 2878 694 2904 haee
737 2885 779 2905 ex
819 2876 950 2905 nomine

146 2925 279 2960 proprio
321 2924 407 2952 male
447 2924 614 2952 intellecto
659 2930 738 2950 esse
783 2927 865 2951 orta.
908 2937 953 2941 —

151 2967 337 3000 Primnevo
364 2976 506 3009 corpore
535 2968 576 2998 cf.
605 2969 642 3005 7,
678 2967 741 2997 162
774 2965 955 3007 primaevo

147 3013 231 3052 Ilm-e
249 3013 415 3046 iuventus
435 3016 491 3045 Sil.
515 3014 565 3051 16,
584 3013 661 3043 406.
678 3011 828 3052 confisus
846 3011 956 3054 prim-

149 3069 258 3092 aeuae
290 3061 382 3102 flore
416 3058 592 3092 iuventae.
627 3062 700 3091 val.
732 3061 779 3089 Fl.
808 3058 847 3099 2,
879 3057 957 3089 653.

989 1727 1197 1765 centumque
1252 1731 1360 1764 pares
1413 1718 1600 1761 primaeva
1647 1714 1802 1748 ministri

991 1779 1151 1809 corpora.

1038 1816 1114 1845 346.
1141 1813 1264 1856 rigida
1290 1819 1430 1850 „tenens
1455 1820 1546 1848 eain,
1574 1820 1639 1840 non
1664 1812 1800 1839 vibrans

992 1868 1021 1891 el
1063 1860 1216 1891 iaciens“
1258 1864 1290 1890 S.
1353 1860 1407 1887 Sic
1442 1855 1586 1900 rigidus
1626 1854 1718 1885 ensis
1748 1855 1801 1892 12,

993 1907 1071 1937 304.
1099 1910 1159 1937 ΟΥ.
1183 1911 1223 1937 Μ.
1248 1907 1289 1944 3,
1318 1905 1393 1934 118.

1040 1953 1230 1983 350.1nter
1271 1950 1333 1982 tris
1361 1956 1389 1980 et
1423 1952 1493 1980 tres
1526 1952 1556 1979 h.
1591 1951 1610 1978 l.
1646 1948 1801 1977 variasse

995 2006 1153 2030 memorat
1193 2005 1323 2035 poetam
1356 1999 1437 2027 Gell.
1475 1996 1532 2033 13,
1562 1994 1609 2024 19.
1664 2010 1702 2015 —
1751 1990 1801 2022 De

995 2049 1100 2087 gente
1153 2053 1315 2086 suprema
1363 2043 1404 2073 cf.
1462 2043 1492 2079 7,
1531 2040 1610 2070 220.
1670 2043 1800 2070 Boreae

996 2097 1081 2129 erat,
1126 2093 1179 2127 qui
1218 2093 1258 2120 ad
1300 2092 1441 2120 Boream
1484 2092 1654 2117 auctorem
1693 2093 1800 2122 genus

996 2147 1093 2167 suum
1133 2138 1306 2167 referebat.
1364 2138 1492 2164 Boreas
1534 2137 1698 2163 Thracum
1741 2139 1801 2161 rex

996 2185 1120 2221 fuerat,
1168 2192 1250 2218 quos
1293 2183 1446 2212 Troianis
1487 2181 1648 2210 auxilium
1682 2179 1802 2208 tulisse

995 2237 1161 2260 narratum
1187 2236 1237 2259 est
1259 2231 1353 2258 Hom.
1373 2230 1408 2257 ll.
1427 2227 1459 2263 2,
1489 2225 1568 2254 844.

1044 2277 1121 2306 35¹.
1144 2279 1292 2312 „Ismara
1312 2275 1431 2304 civitas
1452 2272 1615 2302 Thraciae
1641 2279 1659 2300 a
1693 2275 1802 2300 monte

998 2323 1160 2353 Ismaro.⁴*
1187 2325 1218 2351 S.
1269 2320 1317 2350 cf.
1345 2320 1376 2356 5,
1401 2318 1477 2348 620.

1044 2368 1122 2398 360.
1156 2377 1215 2397 ceu
1239 2384 1284 2387 —
1308 2363 1404 2395 haud
1428 2362 1553 2402 aliter,

1000 2424 1061 2445 ceu
1090 2412 1138 2443 sic
1164 2415 1250 2443 infra
1273 2421 1305 2442 v.
1333 2411 1408 2440 729.

1046 2460 1122 2491 361.
1149 2461 1281 2490 Similes
1327 2458 1393 2487 loci
1427 2461 1502 2486 sunt
1545 2464 1598 2491 ap.
1636 2457 1729 2484 Hom.
1762 2453 1801 2484 ΙΙ.

1004 2506 1061 2544 13,
1106 2505 1181 2536 130.
1230 2505 1350 2535 Furius
1382 2504 1563 2533 Bibaculus
1607 2509 1660 2537 ap.
1699 2505 1802 2530 Macr.

1002 2557 1056 2584 Sat
1085 2553 1122 2590 6,
1160 2551 1180 2581 3
1216 2553 1400 2591 pressatnr
1441 2546 1530 2589 pede
1565 2555 1641 2587 pes,
1685 2556 1802 2576 mucro

1000 2607 1180 2633 mucrone,
1226 2595 1300 2626 viro
1353 2594 1417 2624 vir.
1479 2595 1535 2623 Sil.
1569 2591 1609 2631 4,
1644 2592 1709 2624 356
1742 2602 1802 2633 pes

999 2643 1122 2686 pedem
1147 2641 1285 2684 premit.
1322 2659 1367 2662 —
1406 2638 1516 2680 „pede
1546 2637 1606 2675 pro'
1634 2638 1742 2675 pedi.“
1769 2643 1802 2669 S.

999 2692 1155 2722 Dativum
1198 2691 1230 2719 in
1269 2697 1285 2718 e
1326 2693 1501 2717 exeuntem
1545 2690 1634 2715 certe
1678 2686 1805 2720 Virgilii

1597 2364 1641 2392 ua
1664 2363 1695 2399 9,
1723 2362 1801 2391 797.

1001 2744 1147 2772 tempore
1174 2744 1238 2765 non
1266 2735 1298 2764 in
1325 2742 1386 2763 usu
1413 2733 1520 2762 fuisse
1548 2732 1589 2761 cf.
1616 2735 1669 2762 Gr.
1698 2732 1730 2768 S.
1749 2731 1804 2770 85,

1001 2784 1034 2813 2.
1083 2785 1142 2812 Est
1184 2782 1283 2817 igitur
1325 2777 1414 2820 pede
1453 2779 1620 2808 ablativus
1670 2785 1698 2808 et
1743 2787 1804 2818 pes

995 2829 1173 2867 pugnantis
1199 2825 1319 2856 haeret
1338 2827 1410 2856 sive
1442 2825 1618 2860 impeditur
1637 2823 1725 2865 pede
1746 2827 1805 2854 ad-

997 2876 1141 2906 versarii
1179 2873 1354 2908 quominus
1389 2875 1514 2906 pergat.
1573 2873 1627 2900 Sic
1661 2868 1806 2901 haerere

1000 2932 1028 2951 c.
1054 2923 1118 2950 abl.
1154 2921 1216 2949 Ov.
1242 2922 1284 2949 M.
1314 2918 1366 2955 12,
1391 2917 1445 2946 95.
1477 2916 1529 2953 12,
1546 2916 1590 2946 95
1617 2914 1805 2947 haesurum

1001 2964 1108 3008 clipei
1126 2962 1329 2996 curvamine
1345 2960 1465 2993 telum.
1499 2965 1580 2992 Luc.
1607 2962 1636 2998 l,
1657 2963 1725 2993 507
1745 2972 1808 2994 nec

1003 3011 1126 3043 limine
1157 3010 1344 3053 quisquam
1372 3006 1498 3039 haesit.
1529 3025 1565 3031 —
1592 3008 1667 3039 viro
1685 3008 1740 3039 vir
1774 3015 1808 3040 ut

1003 3059 1071 3091 734
1096 3064 1126 3089 et
1153 3058 1212 3095 ll,
1237 3056 1304 3087 632
1332 3053 1443 3086 virum
1468 3053 1520 3085 vir
1545 3056 1586 3086 cf.
1616 3056 1652 3094 l,
1679 3055 1758 3087 684.
