2023 3350
2 2978 5 2990 1

4 2994 5 3002 t

690 80 930 114 AENEIDOS
964 83 1053 115 LIB.
1080 82 1142 116 Vl.

97 196 301 250 Tempus,
343 193 425 246 ait3
476 193 601 246 deus,
647 208 765 245 ecce,

95 255 209 296 Ante
243 253 359 295 fores
400 251 544 293 subito
576 266 662 293 non
702 252 866 304 voltus,

94 312 191 354 Non
231 314 430 365 comptae
465 323 663 352 mansere
702 324 868 363 comae3

95 370 153 412 Et
193 369 316 410 rabie
351 367 446 409 fera
479 367 612 409 corda
650 372 837 420 tument3

809 193 933 236 deus!

1670 83 1752 122 267

996 194 1073 236 Cui
1108 193 1218 236 talia
1255 194 1365 237 fanti

906 265 994 293 11011
1033 251 1152 293 color
1189 267 1311 304 unus,

916 309 990 351 sed
1027 313 1179 363 pectus
1219 309 1434 362 anhelum,

884 368 1109 421 maiorque
1149 367 1297 419 videri,

94 427 184 469 Nec
223 425 409 468 mortale
451 438 631 467 sonans:
671 425 835 467 adflata
877 429 943 467 est
978 425 1151 466 numine
1188 425 1361 479 quando
1702 429 1755 467 50

95 485 191 526 Iam
231 484 438 539 propiore
473 483 554 524 dei.

96 543 223 593 Tros,
268 542 354 593 ait,

96 599 324 641 Attonitae
360 612 519 651 magna
562 611 640 639 ora
679 598 842 640 domus.

99 657 331 699 Conticuit.

617 483 771 525 Cessas
804 483 848 524 in
886 486 989 524 vota
1026 496 1275 536 precesque,

397 540 574 582 Aenea?
622 541 796 582 cessas?
836 554 974 594 neque
1011 541 1124 581 enim
1162 544 1264 581 ante
1301 540 1524 583 dehiscent

902 599 960 639 Et
996 598 1104 639 talia
1143 597 1237 639 fata

394 655 573 697 Gelidus
612 656 790 698 Teucris
821 670 899 710 per
939 655 1049 696 dura
1084 655 1277 697 cucurrit

97 715 206 757 Ossa
241 718 423 765 tremor,
465 712 696 767 funditque
731 727 881 767 preces
915 727 991 754 rex
1026 716 1204 767 pectore
1236 712 1292 754 ab
1326 713 1432 753 imo:

1702 716 1724 753 ΕΠ

1731 715 1753 753 <51

95 771 287 824 Phoebe,
328 784 478 826 graves
516 771 671 813 Troiae
707 785 877 824 semper
918 772 1121 812 miserate
1161 770 1345 822 labores,

95 830 305 872 Dardana
341 829 415 882 qui
452 828 622 870 Paridis
661 828 821 870 direxti
857 828 948 870 tela
986 842 1222 882 manusque

99 888 266 941 Corpus
297 887 342 928 in
376 886 610 938 Aeacidae;
650 900 830 939 magnas
869 885 1074 927 obeuntia
1113 889 1255 927 terras

96 945 178 987 Tot
219 945 361 986 maria
394 944 554 985 intravi
594 943 703 985 duce
741 948 785 985 te
822 943 1080 997 penitusque
1115 946 1311 996 repostas

144 1090 198 1123 46.
230 1091 344 1130 Deus,
376 1102 450 1124 ecce
477 1092 572 1124 deus.
620 1096 691 1123 Iam
715 1094 749 1122 in
773 1094 905 1123 introitu

96 1140 196 1170 sentit
231 1140 283 1169 dei
314 1140 543 1176 praesentiam.
600 1140 648 1169 Cf.
683 1141 742 1169 Ov.
776 1142 819 1168 Μ.
855 1137 905 1176 15,

96 1183 163 1214 677
193 1183 260 1222 Ec,
294 1185 379 1215 dens
405 1195 467 1219 en,
501 1184 587 1214 deus
614 1194 674 1223 en,
701 1182 906 1225 linguisque

99 1229 297 1271 animisque
321 1231 455 1269 favete.
503 1231 625 1261 Avien.
659 1232 744 1260 desc.
781 1235 854 1260 terr.
885 1229 904 1258 6

99 1274 186 1307 dens·
211 1284 264 1310 en,
293 1274 378 1306 deus
403 1275 513 1306 intrat
543 1273 667 1316 Apollo
692 1278 847 1316 pectora.

148 1319 202 1351 47.
229 1323 310 1351 Cum
335 1325 395 1352 hoc
417 1325 505 1359 loco,
530 1323 586 1351 ubi
611 1323 765 1351 sacerdos
791 1322 904 1351 divino

101 1368 235 1397 numine
260 1369 394 1404 impleta
417 1373 483 1405 est,
520 1368 558 1397 cf.
591 1369 669 1397 Luc.
697 1368 735 1403 5,
765 1365 829 1396 163
855 1376 903 1402 sq.

99 1415 138 1442 (10
161 1414 293 1450 Pythia.
328 1416 366 1443 In
386 1422 448 1449 quo
474 1414 618 1443 maxime
642 1415 901 1443 memorandum:

98 1462 315 1499 arentemque
343 1457 495 1500 priorem
529 1456 665 1499 expulit
704 1461 809 1499 atque
843 1456 904 1488 Ιιο-

97 1503 223 1533 miuem
262 1508 332 1534 tolo
372 1503 436 1534 sibi
471 1503 591 1533 cedere
622 1502 723 1534 iussit
754 1506 903 1545 pectore.

99 1553 130 1578 et
170 1552 243 1579 Sen.
275 1551 392 1587 Agam.
426 1547 599 1579 709—18
631 1551 670 1579 (10
703 1551 903 1580 cassandra.

98 1595 288 1630 Quicunque
322 1600 431 1626 autem
471 1598 528 1625 deo
560 1596 728 1631 impletur,
770 1591 905 1626 ἐνθου-

99 1633 223 1677 σιάζει,
250 1642 390 1671 insanus
416 1647 465 1672 est
490 1642 529 1671 cf.
558 1640 588 1678 3,
611 1640 688 1671 4⁴3.
723 1638 904 1681 μαίνεται,

98 1688 183 1715 unde
204 1681 334 1724 μάντις
358 1692 386 1717 et
412 1687 532 1723 furere
556 1688 672 1717 dicitur
699 1688 737 1717 cf.
766 1686 796 1724 2,
819 1685 903 1723 345;

103 1739 205 1766 quum
240 1734 363 1763 maiore
396 1741 493 1769 quam
531 1741 636 1762 sanus
668 1738 771 1769 potest
810 1736 904 1762 homo

98 1779 282 1815 percipere,
308 1780 455 1808 concitus
481 1780 522 1808 sit
547 1784 644 1808 motu.
700 1771 906 1817 Προφήτης

99 1827 207 1852 autem
231 1831 251 1853 a
277 1818 406 1861 φάναι,
427 1823 502 1860 fari
526 1821 685 1862 (vates),
711 1824 740 1852 is
764 1829 822 1857 est,
850 1824 905 1858 qui

99 1869 247 1904 profatur
269 1870 394 1904 aliquid
419 1878 475 1905 pro
506 1871 627 1907 altero,
665 1870 721 1904 qui
746 1870 795 1898 dei
821 1870 906 1899 dicta

104 1915 301 1949 pronuntiat.
351 1916 398 1943 De
432 1924 468 1944 eo
501 1915 607 1944 furore
635 1915 710 1949 quid
743 1916 907 1944 senserint

106 1960 245 1998 antiqui,
269 1962 359 1990 docet
383 1961 450 1990 Cic.
476 1962 515 1989 de
541 1961 606 1989 div.
630 1959 658 1995 1,
685 1958 695 1988 1
719 1969 766 1995 sq.

147 2003 201 2035 48.
236 2003 309 2034 ,Nou
337 2009 516 2046 comptae.
542 2014 640 2039 ..nam
662 2011 791 2041 propter
809 2014 906 2036 sacra

103 2053 268 2080 resolutae
291 2050 399 2080 suut.‘''
433 2053 464 2080 S.
499 2052 537 2081 cf.
563 2050 594 2088 3,
622 2049 697 2079 370.
729 2054 802 2080 Sen.
829 2054 904 2081 oed.

105 2094 182 2125 230.
233 2099 294 2126 Sed
318 2100 378 2126 hoc
401 2099 471 2127 loco
497 2099 672 2126 solvuntur
694 2097 795 2132 ipsae.

147 2139 202 2171 49.
227 2141 324 2171 rabie
355 2143 395 2172 cf.
421 2141 475 2171 80.
513 2158 552 2163 —
586 2140 767 2182 maiorque
793 2140 909 2172 videri

101 2187 141 2217 cf.
168 2189 243 2217 Hor.
271 2189 305 2217 C.
333 2185 363 2224 1,
390 2185 441 2226 19,
465 2187 484 2216 7
509 2186 663 2217 lubricus
687 2186 835 2227 ads-pici.
877 2186 907 2225 4,

102 2232 134 2271 2,
156 2232 198 2261 59
232 2231 372 2263 Ηιηὶπιε
392 2232 524 2271 fronde
549 2232 673 2263 niveus
699 2231 830 2270 videri,
855 2241 909 2263 cc-

103 2281 179 2307 tera
204 2277 339 2315 fulvus.
387 2281 573 2309 Infinitivus
597 2280 650 2309 hic
680 2288 743 2308 11011
776 2284 825 2308 est
850 2288 908 2308 ex-

104 2319 279 2359 plicandus
304 2333 322 2353 e
345 2327 414 2355 loco
440 2325 470 2362 4,
495 2324 579 2363 564,
612 2326 669 2354 sed
695 2330 727 2354 ut
752 2326 910 2354 Horatius

104 2371 192 2398 docet
225 2371 372 2404 apposito
402 2373 515 2401 cetero
542 2368 685 2407 fulvus,
727 2372 910 2400 infinitivus

103 2419 153 2443 est
179 2417 290 2444 eadem
313 2417 438 2445 ratione
464 2418 588 2453 dictus,
615 2425 680 2452 qua
705 2419 788 2446 alter
810 2425 909 2446 accu-

104 2460 236 2489 sativus
263 2463 375 2489 cetera
403 2462 441 2491 cf.
469 2461 498 2497 3,
525 2461 602 2491 594.
658 2460 720 2492 Ld.
747 2464 835 2492 addit
861 2464 910 2492 sic

104 2506 245 2541 primum
264 2507 398 2542 Vglium
423 2516 519 2537 usum
544 2508 650 2537 fuisse
676 2509 836 2538 infinitivo
869 2509 908 2538 cf.

105 2553 158 2580 Gr.
187 2552 209 2585 ς
243 2549 307 2579 426
335 2553 399 2581 An.
438 2551 469 2582 8.
523 2554 629 2583 Etiam
670 2554 704 2582 in
743 2557 803 2584 hoc
848 2562 911 2583 usu

106 2599 248 2626 Graecos
272 2602 422 2627 auctores
447 2598 552 2627 fuisse
571 2608 635 2627 non
660 2604 709 2628 est
734 2601 817 2634 quod
843 2608 911 2628 mo-

106 2650 212 2671 neam.
240 2658 278 2663 —-
309 2644 415 2672 Maior
436 2648 543 2673 autem
569 2645 713 2677 videtur,
747 2647 830 2680 quod
854 2647 911 2675 deo

105 2689 239 2724 impleta
259 2693 308 2718 est
333 2694 429 2724 atque
449 2691 509 2719 (lea
533 2690 562 2718 fn
586 2690 624 2719 cf.
651 2688 681 2725 2,
706 2688 783 2719 772.

152 2734 206 2763 50.
235 2743 294 2763 nec
327 2732 476 2763 mortale
513 2744 643 2764 sonans
685 2736 725 2765 cf.
765 2734 801 2773 1,
834 2735 909 2766 328,

105 2781 159 2809 Sic
181 2781 322 2816 Pythiae
349 2778 474 2810 emicat
499 2782 601 2810 vas-to
626 2779 778 2822 fragore
802 2780 916 2811 maior

105 2822 258 2854 humano
287 2835 391 2854 sonus
416 2828 489 2855 Sen.
506 2828 581 2855 Oed.
599 2824 675 2855 232.
704 2843 742 2847 ——
771 2825 910 2867 adflata

110 2871 149 2900 cf.
179 2869 207 2907 1,
234 2869 312 2900 591.

152 2914 205 2945 51.
238 2916 361 2946 Ces-<os
388 2913 421 2945 in
450 2918 532 2946 vota
561 2916 600 2946 cf.
628 2914 681 2955 12,
705 2914 759 2946 71.
808 2920 912 2956 „Tar-

109 2963 170 2991 dus
196 2970 233 2991 es
256 2964 297 2992 ad
324 2967 403 2992 vota
426 2962 597 2992 1”(«101011(111ιι
624 2965 655 2992 S.
704 2964 749 2992 Te
774 2972 814 2993 ne
840 2973 911 2994 ces-

108 3015 162 3036 ses
195 3011 323 3047 hortor,
365 3017 470 3044 neque
507 3009 595 3038 enim
637 3009 801 3048 patefient,
837 3014 913 3040 ante

954 1102 1051 1129 (utam
1084 1098 1160 1123 vota
1192 1093 1318 1123 feceris.
1368 1094 1504 1129 „Trahit
1535 1097 1595 1123 hoc
1621 1095 1658 1122 de
1685 1097 1757 1123 Ma-

953 1140 1012 1168 tris
1048 1141 1143 1169 deum
1173 1141 1310 1176 templo,
1351 1141 1435 1174 quod
1469 1148 1532 1168 non
1569 1147 1667 1169 mauu
1702 1142 1759 1169 setl

954 1187 1105 1221 precibus
1133 1184 1372 1220 aperiebatur.“
1404 1188 1435 1214 S.
1486 1188 1522 1214 Iu
1547 1186 1695 1215 Castoris
1729 1191 1757 1214 et

953 1232 1101 1260 Pollucis
1138 1232 1259 1267 „aedes
1295 1231 1459 1267 (Romae)
1497 1232 1622 1261 nultius
1654 1232 1758 1261 homi—

953 1285 1030 1306 num
1059 1284 1157 1306 mauu
1178 1281 1325 1305 reserata
1351 1275 1478 1312 patuit‘*
1511 1279 1585 1307 val.
1614 1280 1704 1306 Max.
1729 1276 1758 1313 1,

953 1320 984 1355 8,
1008 1320 1035 1351 1.
1086 1323 1228 1359 „Thebis
1254 1323 1286 1350 in
1311 1325 1429 1358 templo
1456 1324 1607 1352 Herculis
1634 1325 1759 1353 valvae

950 1370 1086 1398 clausae
1114 1369 1282 1404 repagulis
1306 1370 1412 1397 subito
1439 1377 1474 1397 se
1501 1369 1593 1404 ipsae
1620 1377 1759 1404 aperue—

951 1414 1047 1443 runt“
1074 1415 1109 1444 C.
1134 1416 1171 1443 de
1199 1415 1265 1442 div.
1294 1413 1322 1451 1,
1349 1412 1402 1451 34,
1425 1412 1478 1443 74.
1529 1412 1643 1450 „Tros
1670 1416 1759 1450 prin-

951 1461 1060 1495 cipale
1088 1469 1144 1495 pro
1172 1460 1368 1497 derivativo,
1395 1469 1452 1495 pro
1476 1461 1628 1490 Troitts.“
1653 1464 1684 1490 S.
1718 1461 1757 1491 cf.

951 1504 993 1534 57
1026 1503 1200 1535 Dardana
1228 1503 1311 1535 tela.
1360 1507 1453 1535 Adde
1483 1504 1515 1539 1,
1541 1505 1618 1536 686.

998 1550 1051 1580 53.
1081 1550 1243 1581 Attonita
1270 1549 1409 1589 domus,
1438 1553 1581 1587 explieat
1611 1549 1695 1589 Ld„
1727 1557 1760 1583 ut

951 1598 1059 1633 ipsam
1094 1602 1217 1631 sumat,
1258 1598 1354 1633 quasi
1387 1606 1471 1632 quae
1503 1604 1608 1627 mente
1637 1604 1757 1637 utatur,

953 1645 1194 1679 propinquitate
1219 1644 1268 1672 dei
1295 1645 1504 1678 commoveri,
1531 1645 1685 1680 affertque
1710 1648 1759 1674 lo-

950 1698 1023 1719 cum
1053 1691 1177 1719 Lucan.
1202 1688 1237 1725 2,
1261 1686 1300 1717 21
1338 1688 1386 1719 sic
1409 1689 1541 1727 funere
1564 1689 1678 1729 primo
1706 1694 1760 1721 at-

951 1733 1086 1764 ionitae
1124 1737 1264 1764 tacuere
1298 1733 1431 1763 domus.
1482 1736 1537 1765 Sic
1569 1736 1634 1765 iam
1673 1735 1758 1777 lls'g.

955 1795 993 1800 —
1031 1778 1207 1809 dehiscent
1234 1778 1411 1809 attonitae
1441 1786 1489 1810 cst
1526 1783 1687 1817 prolepsis
1719 1783 1758 1812 cf.

954 1825 984 1862 4,
1010 1824 1063 1854 22.
1091 1842 1129 1846 —
1163 1824 1207 1854 Et
1234 1823 1324 1854 talia
1342 1825 1430 1862 sala
1455 1835 1526 1856 cum
1548 1828 1626 1856 aliis
1647 1829 1760 1858 malim

952 1875 1080 1909 abesse,
1107 1873 1165 1900 sed
1191 1871 1351 1900 elicienda
1378 1880 1441 1900 non
1465 1877 1550 1901 sunt.

1000 1915 1054 1946 54.
1082 1915 1185 1946 (lura.
1235 1918 1390 1946 Homines
1416 1918 1449 1945 in
1476 1919 1622 1953 proeliis,
1650 1919 1760 1949 incen-

953 1964 1037 2000 diis,
1079 1963 1326 1998 tempestatibus
1353 1964 1504 1998 omnique
1532 1965 1645 1993 mortis
1673 1966 1761 2000 peri-

955 2011 1029 2039 culo
1056 2009 1227 2038 exercitati
1262 2013 1292 2037 et
1321 2010 1487 2047 intrepidi,
1529 2011 1677 2045 percussi
1713 2012 1760 2040 rei

953 2055 1102 2084 novitate
1129 2059 1158 2083 et
1183 2057 1314 2084 horrore
1341 2056 1451 2084 timent
1476 2059 1505 2084 et
1528 2060 1676 2085 tremunt.

999 2099 1052 2128 55.
1072 2097 1236 2137 sundere
1252 2108 1372 2140 preces
1397 2101 1436 2130 cf.
1464 2101 1494 2139 5,
1518 2099 1594 2130 482.

1100 2176 1200 2207 56-
1215 2177 1268 2207 76.
1318 2177 1441 2209 Preces
1471 2176 1622 2209 Aeneae.

1001 2233 1055 2263 56.
1087 2232 1243 2263 Phoebus
1270 2233 1397 2273 Apollo
1433 2243 1489 2270 per
1519 2240 1617 2265 totum
1648 2238 1762 2267 Troia-

956 2289 1032 2310 num
1059 2282 1179 2309 bellum
1205 2281 1357 2309 Troianis
1384 2281 1441 2309 fav
1444 2284 1530 2316 ebat,
1563 2283 1636 2311 eius
1664 2285 1760 2313 ductu

955 2327 1089 2355 Paridis
1124 2327 1245 2363 sagitta
1277 2327 1376 2361 potuit
1403 2327 1567 2356 Achillem
1603 2329 1762 2377 attingere

955 2373 994 2403 cf.
1023 2374 1115 2401 Hom.
1139 2374 1177 2400 ΙΙ.
1205 2370 1258 2406 22,
1287 2370 1350 2399 359
1382 2364 1495 2423 ἤματι
1520 2369 1590 2414 τῷ,
1616 2365 1677 2402 ότε
1701 2369 1762 2403 κέν

956 2424 993 2447 σε
1024 2411 1142 2452 Πάρις
1167 2425 1229 2446 και
1254 2413 1390 2469 ‹Dojssog
1411 2404 1600 2457 Ἀπόλλων,
1626 2413 1764 2448 ἐσθλὸν

955 2455 1048 2493 ἐόντ’
1089 2456 1262 2492 digamo-v
1301 2456 1353 2491 ἔνι
1397 2458 1552 2513 Σκαιῇσι
1594 2457 1762 2515 πύλῃσιν.

956 2511 1053 2544 Soph.
1073 2509 1159 2537 Ρ1111.
1188 2507 1253 2535 334
1279 2502 1468 2546 τέθνηκεν,
1494 2501 1633 2559 ἀνδρὸς
1659 2497 1765 2539 οὐδε-

955 2548 1032 2592 νὸς,
1059 2550 1154 2583 θεοῦ
1181 2550 1211 2582 δ’
1236 2545 1323 2591 ono,
1347 2547 1537 2590 τοξευτὸς,
1565 2562 1614 2589 ως
1639 2549 1762 2594 λέγου-

957 2605 1024 2635 σιν,
1049 2592 1087 2628 ἐκ
1117 2594 1258 2638 Φοίβου
1282 2594 1420 2636 δαμείς.

1005 2643 1058 2673 58.
1090 2642 1204 2673 Obirt.
1236 2645 1419 2677 circumire
1445 2645 1661 2676 circumflecti.
1686 2655 1763 2682 poe-

957 2692 999 2720 tis
1025 2695 1151 2720 tantum
1178 2691 1211 2718 iu
1237 2698 1299 2719 usu
1331 2690 1369 2719 cf.
1402 2688 1452 2725 10,
1484 2687 1560 2719 483.
1601 2694 1660 2721 Ov.
1687 2695 1762 2721 Met.

955 2737 987 2775 5,
1005 2734 1044 2764 51
1080 2733 1307 2774 Chlamydem
1330 2733 1455 2764 limbus
1481 2733 1598 2765 obibat
1623 2746 1763 2767 aureus.

1003 2780 1057 2810 59.
1090 2778 1233 2810 Pe‘nitus
1254 2783 1416 2819 repostae
1438 2785 1549 2817 gentes
1570 2788 1655 2819 sunt,
1680 2791 1764 2819 quae

957 2830 1052 2865 longe
1083 2834 1103 2856 a
1129 2831 1214 2856 terra
1244 2830 1385 2855 remotae
1417 2831 1502 2855 sunt.
1552 2829 1602 2857 Ita
1632 2827 1766 2868 reposi-

958 2875 1015 2903 tus
1039 2872 1116 2901 655.
1146 2871 1176 2907 3,
1204 2869 1267 2900 364
1288 2874 1330 2900 al.
1358 2873 1417 2900 Sil.
1444 2871 1473 2908 3,
1491 2871 1568 2902 325.
1595 2890 1633 2894 -
1667 2872 1765 2904 Mas-

959 2916 1038 2959 syli,
1066 2926 1145 2955 gens
1169 2917 1286 2947 Africa
1311 2917 1350 2947 cf.
1376 2915 1405 2955 4,
1437 2916 1511 2947 132.
1539 2934 1578 2938 -
1607 2917 1694 2949 duce
1718 2922 1763 2957 te,

959 2965 1042 3000 quod
1072 2965 1242 2993 oraculum
1277 2963 1447 2999 Apollinis
1480 2966 1584 2994 secuti
1615 2970 1692 2995 sunt
1723 2967 1763 2996 cf.

960 3009 991 3048 3,
1019 3007 1083 3038 154
1111 3017 1158 3044 sq.
