2023 3350
729 80 968 114 AENEIDOS
1002 81 1086 113 LlB.
1111 81 1160 114 vl

118 196 404 252 Praepetibus
437 196 591 252 pennis
629 209 760 238 ausus
802 209 847 236 se
889 194 1063 236 credere
1103 193 1236 245 caelo,

1689 79 1772 120 265

118 257 340 299 Insuetum
375 269 453 309 per
489 256 574 296 iter
611 253 778 308 gelidas
814 253 958 294 enavit
992 252 1049 294 ad
1083 252 1252 302 Arctos,

122 313 456 366 Chalcidicaque
488 312 594 354 levis
634 311 810 353 tandem
848 324 976 364 super
1010 309 1182 351 adstitit
1219 321 1329 350 arce.

121 371 332 414 Redditus
370 371 436 412 his
472 370 662 424 primum
700 368 847 420 terris,
891 367 989 419 tibi,
1030 366 1221 417 Phoebe,
1267 365 1456 407 sacravit

117 429 358 482 Remigium
399 428 587 479 alarum,
631 427 864 481 posuitque
900 425 1106 466 immania
1140 423 1315 476 templa.

117 487 169 529 In
206 486 372 528 foribus
409 486 545 527 letum
578 484 834 538 Androgeo,
884 487 977 524 tum
1011 481 1200 536 pendere
1234 494 1395 534 poenas

120 543 386 598 Cecropidae
424 543 529 585 iussi
574 567 624 572 ——
668 541 893 583 miserum!
933 565 992 571 —-
1030 543 1209 594 septena
1247 538 1479 591 quotannis

123 603 320 656 Corpora
358 605 586 652 natorum,
637 603 726 642 stat
767 599 908 640 ductis
944 598 1132 639 sortibus
1171 610 1295 637 urna.

121 659 284 702 Contra
323 659 440 701 elata
477 658 588 700 mari
616 656 852 711 respondet
891 656 1053 697 Gnosia
1087 655 1227 696 tellus.

120 717 203 759 Hic
242 717 430 758 crudelis
467 730 590 758 amor
631 715 772 766 tauri,
819 717 1111 767 suppostaque
1148 712 1265 753 furto

118 774 353 829 Pasiphae,
400 774 671 828 mixtumque
710 786 842 827 genus
881 771 1114 826 prolesque
1148 767 1349 811 biformis

117 997 122 1001 Ι
171 959 224 990 15.
256 958 485 1002 Praepetibus
514 957 640 1000 pennis
672 960 747 989 item
781 957 817 994 3,
851 957 928 987 361.

123 1011 155 1037 et
189 1014 241 1042 ap.
268 1007 335 1036 Cic.
362 1008 396 1036 in
421 1007 526 1035 Mario
558 1008 596 1035 de
619 1006 684 1035 div.
714 1003 742 1042 1,
771 1003 824 1041 47,
853 1003 927 1033 106.

122 1055 160 1082 Et
196 1053 326 1082 omnino
355 1060 503 1092 praepes
535 1053 642 1089 signat
673 1052 870 1081 celeritatem
895 1050 928 1086 5,

122 1096 200 1128 254.
254 1099 366 1127 Claud.
407 1098 440 1126 in
475 1097 549 1127 Ruf.
590 1095 625 1135 1,
663 1095 728 1125 262
778 1092 930 1124 volut-ris

120 1146 288 1185 yratpete
312 1152 413 1172 cursu
444 1147 559 1172 vectus
584 1140 674 1182 equi.
713 1157 751 1162 —-
785 1142 838 1170 Ad
864 1149 928 1169 rem

122 1191 163 1219 cf.
201 1191 278 1219 Hor.
311 1190 345 1218 C.
380 1187 417 1226 1,
443 1187 473 1225 3,
498 1186 540 1216 34
577 1190 739 1228 erpertns
779 1194 928 1215 vacuum

129 1233 310 1265 Daedalus
337 1242 421 1263 acra
450 1232 577 1274 permis
604 1242 671 1262 uon
706 1229 841 1261 homini
868 1230 932 1260 ‹Ia-

124 1285 180 1310 ts.
222 1296 268 1301 —-
307 1279 446 1309 credere
478 1277 595 1317 caelo:
638 1280 770 1315 Cycnus
795 1285 846 1313 ap.
871 1279 931 1306 Ov.

124 1329 199 1356 Met.
220 1324 250 1364 2,
273 1324 338 1354 377
364 1333 425 1355 ncc
452 1333 486 1353 se
507 1323 670 1365 caeloque
694 1322 836 1363 Iovique
861 1331 930 1352 cre-

126 1369 199 1408 t-'it‚·
223 1375 355 1412 stagna
376 1367 474 1411 petit.

172 1415 225 1447 16.
252 1415 381 1446 enavit.
430 1417 471 1445 Ut
492 1424 524 1445 v.
552 1413 579 1444 1.
606 1417 644 1444 ob
671 1422 753 1449 eam,
776 1422 860 1449 quae
883 1418 931 1443 est

128 1464 163 1492 in
190 1471 306 1493 currus
333 1466 362 1492 et
380 1462 479 1491 navis
507 1465 593 1491 motu
620 1465 650 1490 et
674 1462 814 1490 rectione
838 1461 932 1489 simi-

122 1509 245 1546 litudo,
283 1511 386 1538 verba
416 1507 575 1537 alteriutri
602 1508 733 1542 propria
766 1507 862 1536 facile
889 1507 930 1535 ad

131 1556 270 1584 alterum
295 1555 484 1590 referuntur,
508 1554 557 1582 sic
577 1554 741 1587 reciproca
759 1558 807 1582 est
832 1553 930 1581 etiam

123 1603 314 1636 metaphora
344 1600 481 1629 navium
510 1603 539 1628 et
570 1599 703 1634 avium3
742 1599 787 1628 ita
816 1600 930 1627 volare

127 1653 234 1676 naves
265 1647 413 1675 dicuntur
448 1645 487 1675 cf.
523 1646 598 1674 Val.
627 1646 673 1673 ΕΙ.
701 1646 742 1674 ad
768 1653 799 1673 v.
831 1642 857 1672 1.
900 1648 928 1673 et

122 1700 210 1721 nare
240 1689 401 1721 volantes
438 1696 470 1720 ut
498 1693 529 1720 h.
556 1692 578 1719 1.
605 1688 635 1727 4,
661 1688 738 1719 245.
777 1687 827 1726 10,
851 1688 928 1718 265.

125 1739 161 1767 G.
197 1735 234 1774 4,
254 1736 308 1766 59.
354 1738 449 1766 Lucr.
476 1735 515 1774 3,
546 1735 623 1764 590.
674 1738 767 1764 Hom.
792 1737 847 1764 Od.
880 1733 929 1772 11,

125 1780 192 1812 124
223 1776 374 1822 ἐρετμά,
406 1776 492 1811 τάτε
521 1775 636 1819 πτερὰ
669 1777 777 1820 νηυσὶ
805 1775 931 1810 πέλον-

124 1835 206 1864 ταις
243 1833 273 1857 et
306 1825 494 1868 remigium
527 1824 666 1855 alarum
702 1825 752 1854 19.
790 1825 824 1863 1,
853 1824 928 1855 301.

124 1875 221 1903 Lucr.
251 1874 289 1910 6,
315 1870 393 1901 743.
444 1870 530 1901 remi
561 1869 701 1901 alarum
734 1873 794 1901 Ov.
822 1874 864 1900 M.
899 1873 930 1909 5,

125 1917 206 1951 558.
254 1920 346 1948 Adde
370 1920 446 1948 Eur.
472 1920 542 1953 Iph.
568 1919 664 1946 Taur.
693 1915 758 1945 290
785 1916 934 1956 πτεροῖς

128 1957 278 2004 ἐρέσσει.
310 1979 348 1984 -—
379 1962 520 1999 Arctos,
544 1964 667 1997 Ursas,
697 1971 771 1992 nain
797 1968 932 1998 utraque

126 2019 169 2039 ex
200 2010 321 2039 femina
354 2014 479 2038 mutata
511 2013 559 2038 est
582 2009 625 2038 cf.
649 2010 690 2037 ad
719 2006 747 2045 1,
775 2006 853 2038 744.
890 2024 928 2028 -

134 2053 301 2092 (it-lidae,
326 2057 408 2090 quod
433 2063 530 2090 prope
555 2057 664 2089 polum
688 2058 774 2083 sunt.
805 2069 842 2074 —
879 2051 932 2082 Ad

127 2105 177 2130 est-
211 2110 349 2136 versus,
388 2109 452 2129 non
479 2101 641 2129 indicatur
667 2108 769 2134 usque
803 2100 844 2128 ad
875 2107 933 2128 eas

128 2155 201 2176 eum
234 2147 443 2183 pervenisse3
481 2154 582 2181 quare
609 2154 712 2180 neque
737 2146 858 2174 Cumas
893 2146 934 2174 ad

130 2194 255 2222 Arcton
278 2202 353 2222 esse
376 2193 470 2227 sitaS,
496 2201 601 2227 neque
621 2193 813 2227 Daedalum,
837 2199 934 2226 quum

133 2240 175 2267 ad
199 2246 256 2267 eas
282 2239 503 2274 pervenisset,
529 2239 562 2266 in
586 2245 659 2267 eam
682 2240 794 2266 urbem
824 2245 935 2266 rever-

132 2292 205 2313 sum
229 2292 303 2313 esse
330 2285 435 2313 voluit
461 2284 634 2321 Virgilius.
924 2303 943 2313 .-

179 2338 230 2370 17.
258 2339 344 2370 leuis
369 2341 408 2371 cf.
437 2341 467 2378 5,
493 2338 570 2370 819.

182 2395 230 2425 te.
261 2395 428 2426 Sacrouir
458 2407 500 2427 ex
533 2406 621 2427 more
657 2398 711 2433 qui
739 2400 935 2426 memoratur

134 2443 166 2479 5,
187 2441 262 2471 let.
312 2444 438 2472 Poteris
459 2446 522 2473 huc
545 2444 664 2473 referre
690 2444 787 2472 etiam
814 2450 935 2471 morem

131 2488 378 2525 naufragorum,
409 2490 502 2518 cuius
522 2490 639 2518 mentio
663 2489 694 2518 fit
723 2487 772 2525 12,
798 2486 875 2517 768.

178 2543 230 2573 19.
262 2542 451 2583 posuitque
473 2543 604 2585 templa
630 2554 671 2575 ex
688 2550 764 2575 voto
788 2549 822 2574 ut
843 2545 934 2574 vide-

133 2595 202 2627 tur,
228 2599 316 2620 more
341 2592 499 2620 Romano.

179 2645 232 2676 20.
258 2648 358 2676 Fores
380 2649 570 2682 templorum
596 2648 723 2682 antiqui
746 2655 840 2682 opere
860 2654 934 2676 cae-

130 2695 197 2722 lato
231 2701 347 2722 ornare
378 2695 543 2727 solebant,
576 2698 610 2722 ut
642 2694 739 2722 etiam
770 2693 930 2722 maiorum

129 2744 312 2768 nostrorum
331 2748 400 2768 mos
420 2739 540 2768 ferebat
559 2741 681 2768 valvas
706 2746 832 2775 ornare,
856 2746 928 2767 ma-

131 2786 221 2814 xime
244 2785 279 2814 in
304 2786 443 2820 templis.
493 2785 577 2814 Hinc
602 2785 718 2814 variae
744 2792 856 2813 earum
881 2793 932 2813 re-

132 2839 204 2860 rum
237 2835 267 2860 et
297 2831 447 2867 egregiae
476 2830 710 2865 descriptiones
746 2832 782 2859 G.
812 2828 848 2865 3,
876 2827 929 2858 26.

132 2877 181 2906 Cf.
204 2878 264 2906 Ov.
290 2879 364 2906 Met.
388 2875 419 2913 2,
445 2877 513 2904 init.
538 2877 596 2904 Sil.
622 2874 652 2913 3,
674 2874 727 2904 32.
776 2876 931 2910 Equidem

131 2925 194 2952 has
223 2923 385 2959 imagines
419 2922 585 2958 probabile
615 2926 663 2951 est
689 2921 822 2958 Virgilii
853 2924 931 2950 tem-

132 2975 208 3003 pore
237 2969 272 2998 in
296 2969 421 2998 foribus
441 2968 552 3003 templi
574 2968 707 2997 Cumaei
731 2967 845 2997 fuisse.
893 2968 932 2995 In

133 3014 237 3043 altera
273 3018 364 3050 parte
405 3022 459 3044 res
500 3017 802 3051 repraesentantur,
848 3020 932 3048 quae

1722 769 1774 808 25

975 958 1134 994 Athenis3

976 1008 1114 1038 suntque
1138 1004 1250 1038 plures
1278 1001 1439 1037 imagines
1462 999 1496 1027 in
1518 1000 1660 1028 diversis
1686 1003 1778 1029 tabu-

975 1050 1019 1078 lis
1052 1050 1215 1085 sculptae,
1258 1052 1292 1076 ut
1325 1047 1502 1074 indicatum
1535 1050 1581 1073 est
1613 1047 1777 1074 hocloco.

977 1095 1031 1124 Sic
1056 1092 1087 1131 8,
1114 1092 1190 1122 630.
1235 1093 1282 1122 Cf.
1311 1094 1392 1120 Stat.
1413 1092 1511 1119 Theb.
1543 1088 1570 1124 1,
1599 1088 1677 1119 548.
1719 1092 1777 1119 Sil.

977 1138 1008 1177 2,
1035 1137 1110 1167 406.
1149 1155 1187 1159 -
1234 1135 1482 1177 Androgeum,
1522 1136 1643 1165 Minois
1668 1136 1779 1174 filium,

977 1185 1118 1215 Athenis
1152 1185 1239 1213 ludis
1269 1182 1528 1211 Panathenaicis
1560 1182 1593 1210 in
1630 1183 1779 1211 ninnibus

978 1231 1210 1261 certaminibus
1259 1229 1416 1258 victorem
1464 1228 1580 1257 occidit
1629 1229 1778 1263 Aegeum

977 1285 1075 1312 quani
1099 1281 1231 1305 mortem
1260 1277 1347 1304 ultus
1370 1279 1459 1309 pater
1478 1274 1573 1302 iussit
1597 1275 1780 1303 Athenien-

978 1332 1032 1352 ses
1053 1323 1226 1357 quotannis
1245 1325 1397 1356 septenos
1421 1320 1559 1348 iuvenes
1579 1324 1607 1348 et
1627 1324 1780 1354 septenas

978 1369 1125 1403 virgines
1157 1370 1251 1397 dare.
1292 1374 1312 1395 a
1345 1366 1528 1394 Minotauro
1565 1366 1779 1401 devorandos,

977 1415 1059 1443 inter
1091 1422 1173 1449 111105
1207 1415 1355 1442 Theseus
1383 1412 1552 1440 Ariadnae
1581 1416 1611 1440 et
1642 1412 1781 1441 Daedali

978 1469 1037 1496 ope
1060 1461 1191 1489 adiutus
1209 1460 1430 1488 Minotaurum
1455 1457 1626 1486 interfecit.
1652 1458 1699 1487 Cf.
1720 1460 1779 1487 Ov.

978 1505 1013 1541 8,
1047 1503 1227 1534 152-82.
1269 1506 1388 1534 Catull.
1421 1504 1562 1538 Epithal.
1598 1501 1779 1532 52—267.

978 1550 1190 1592 Androgeo,
1227 1551 1267 1580 cf.
1303 1552 1355 1579 Gr.
1387 1551 1409 1584 S
1441 1548 1500 1585 94,
1533 1547 1583 1585 3.,
1621 1552 1681 1579 hoc
1711 1551 1780 1578 loco

977 1600 1145 1633 probatum
1170 1600 1210 1626 ab
1233 1597 1377 1631 antiquis
1396 1595 1628 1631 grammaticis,
1654 1596 1781 1632 servio,

980 1645 1143 1680 Charisio,
1170 1643 1352 1672 Prisciano.
1378 1642 1545 1670 inventum
1567 1641 1599 1669 in
1625 1643 1679 1674 bc:
1710 1640 1780 1670 An-

977 1687 1103 1729 drogei
1146 1690 1277 1728 MPR2¹;
1325 1689 1381 1716 sed
1418 1686 1456 1725 2,
1492 1685 1557 1715 392
1599 1683 1784 1727 Androgei

977 1740 1162 1764 constanter
1187 1738 1323 1763 servant
1349 1736 1429 1762 Mss.
1459 1740 1582 1762 olnneS.
1619 1748 1657 1752 —
1697 1730 1782 1761 Poe-

976 1789 1043 1810 nas
1076 1789 1223 1819 corpora
1254 1780 1442 1814 appositum
1472 1779 1632 1813 explicat,
1673 1779 1782 1813 qualis

978 1834 1082 1861 poena
1110 1826 1216 1855 fuerit.
1266 1826 1316 1854 Cf.
1348 1824 1376 1862 1,
1402 1822 1477 1853 358.
1508 1838 1546 1843 ——
1586 1825 1782 1859 Cecropidae

977 1880 998 1901 a
1023 1873 1162 1907 Cecrope
1193 1872 1270 1901 dicti
1294 1870 1533 1905 Athenienses,
1575 1874 1607 1898 ut
1634 1871 1781 1898 Romuli-

978 1919 1038 1947 dae
1062 1918 1203 1947 Romani
1230 1916 1262 1954 8,
1288 1914 1365 1945 638.
1393 1931 1431 1936 ——
1460 1917 1604 1956 septena
1633 1918 1783 1956 quotan-

978 1962 1032 1992 nis
1059 1964 1098 1993 cf.
1125 1964 1155 2001 5,
1183 1962 1259 1992 560.

1181 958 1302 992 altera,
1344 961 1427 990 quae
1467 954 1582 983 Cretae
1617 954 1778 992 accidunt,

1025 2018 1079 2049 22.
1107 2023 1177 2049 stat
1198 2016 1312 2048 ducti<
1336 2015 1487 2048 sortibus
1508 2026 1609 2047 urna.
1643 2019 1783 2053 Saepius

979 2066 1054 2095 licet
1087 2069 1264 2094 observare
1295 2065 1447 2099 antiquos
1483 2068 1595 2099 poetas
1629 2073 1687 2093 nec
1720 2073 1782 2093 non

980 2112 1157 2148 Virgilium
1184 2119 1252 2140 rem
1273 2111 1418 2145 aliquam
1440 2111 1555 2145 paucis
1574 2111 1665 2139 modo
1685 2110 1783 2139 lineis

981 2157 1154 2193 designare
1182 2158 1298 2193 malle,
1323 2164 1420 2190 quam
1445 2160 1596 2184 accurate
1621 2160 1649 2184 et
1677 2156 1782 2185 omni-

981 2205 1042 2231 bus
1068 2202 1231 2231 coloribus
1257 2202 1438 2237 depingere.
1473 2201 1520 2229 Cf.
1548 2199 1574 2234 1,
1604 2199 1677 2229 168.
1705 2199 1782 2229 502.

982 2250 1025 2277 al.
1082 2249 1137 2277 Sic
1169 2248 1264 2276 vides
1301 2249 1361 2275 hoc
1396 2248 1466 2275 loco
1496 2247 1602 2275 ductis
1640 2247 1783 2274 sortibus

982 2296 1148 2330 plorantes
1180 2294 1317 2329 liberos,
1355 2294 1443 2321 luctu
1475 2290 1620 2320 furentes
1652 2296 1784 2328 matreS,

982 2340 1092 2369 tristes
1118 2344 1245 2375 patres,
1280 2338 1336 2373 qui
1361 2337 1523 2372 complexi
1548 2337 1631 2365 inter
1654 2345 1690 2366 se
1714 2345 1784 2366 mo-

982 2390 1114 2417 rantur.
1159 2387 1334 2419 noluntque
1370 2383 1520 2413 discerni.
1586 2383 1658 2411 Alii
1691 2383 1783 2419 laeti,

982 2433 1066 2467 quod
1103 2431 1215 2460 mortis
1251 2430 1431 2465 periculum
1466 2428 1659 2465 effugerunt,
1711 2437 1783 2458 cum

982 2478 1198 2515 gaudentibus
1222 2476 1370 2512 cognatis
1397 2476 1523 2503 domum
1548 2475 1689 2503 redeunt.

1030 2532 1084 2563 23.
1115 2530 1261 2570 Gnosia,
1289 2533 1383 2561 Creta
1405 2532 1444 2561 cf.
1472 2530 1598 2569 3,115.

1031 2588 1083 2619 24.
1110 2589 1245 2624 furtum
1278 2589 1316 2618 cf.
1342 2587 1420 2617 568.
1459 2603 1498 2608 -
1535 2595 1602 2628 qne
1632 2588 1671 2617 cf.
1698 2585 1728 2624 1,
1754 2586 1784 2617 2.

985 2652 1024 2656 —-
1054 2637 1230 2671 Pasiphae.
1258 2643 1341 2669 quae
1363 2639 1454 2663 tauro
1477 2634 1658 2666 concubuit.
1677 2635 1784 2662 Mino-

983 2686 1111 2712 taurum
1130 2683 1231 2710 enixa
1251 2686 1308 2709 est.
1359 2681 1461 2709 Amor
1486 2681 1515 2708 is
1541 2680 1674 2716 bestiae,
1699 2681 1782 2714 quod

979 2733 1091 2757 contra
1124 2732 1276 2756 naturam
1309 2730 1375 2762 est,
1417 2723 1569 2754 crudelis
1602 2726 1720 2755 dicitur
1755 2729 1786 2754 et

978 2781 1089 2802 venus
1110 2770 1285 2809 nefanda.
1321 2772 1368 2800 Cf.
1396 2780 1427 2800 v.
1452 2768 1529 2801 442.
1557 2787 1594 2791 -
1621 2769 1786 2806 „Crude-

980 2816 1024 2848 lis
1048 2820 1235 2854 appellatur
1259 2818 1288 2846 is
1315 2824 1421 2853 amor,
1455 2817 1509 2852 qui
1536 2824 1557 2846 a
1579 2818 1706 2846 Venere
1735 2817 1784 2845 of-

977 2865 1090 2894 fensas
1134 2871 1214 2893 suas
1256 2864 1429 2892 crudeliter
1466 2863 1644 2892 ulciscente
1682 2863 1782 2891 Pasi-

978 2913 1083 2946 phaae
1107 2910 1246 2939 iniectus
1270 2906 1341 2938 (351ιι
1375 2906 1460 2949 Wg.
1510 2908 1677 2937 Contorte!

1025 2965 1079 2995 25.
1111 2964 1229 2996 Proles
1261 2962 1439 3001 biformis:
1481 2967 1540 2995 Ov.
1572 2967 1615 2993 Μ.
1656 2963 1693 3001 8,
1722 2962 1784 2993 169

979 3009 1077 3043 tauri
1104 3009 1283 3053 geminam
1306 3008 1512 3051 iuvenisque
1528 3006 1720 3052 figuram!
