2023 3350
300 103 384 142 474

878 101 915 133 P.
940 100 1137 133 VIRGILII
1166 100 1377 135 MARONIS

306 212 531 256 Moenibus
573 212 768 254 exclusos
800 212 908 255 duro
944 214 989 256 in
1027 215 1259 258 certamine
1296 214 1470 270 linquit3

303 274 384 313 Ast
425 270 534 311 alios
570 284 714 311 secum
752 269 934 313 includit
973 272 1210 326 recipitque
1249 277 1434 325 ruentes,

301 330 502 378 Demens,
547 327 620 380 qui
656 328 861 370 Rutulum
897 329 941 371 in
974 329 1115 372 medio
1149 344 1235 372 non
1271 332 1440 385 agmine
1476 341 1620 382 regem

301 386 470 427 Viderit
507 385 842 439 inrumpentem,
881 387 1085 442 ultroque
1121 388 1343 431 incluserit
1377 389 1486 442 urbi,

302 444 536 485 Immanem
572 443 703 485 veluti
740 459 903 498 pecora
934 445 1047 487 inter
1080 446 1239 487 inertia
1273 447 1432 501 tigrim.

304 501 516 543 Continuo
550 514 660 543 nova
698 502 772 543 lux
810 503 944 545 oculis
981 503 1156 556 effulsit,
1198 507 1242 545 et
1275 518 1398 546 arma

301 558 576 600 Horrendum
618 573 816 613 sonuere3
854 565 1046 603 tremunt
1084 562 1127 603 in
1164 562 1322 604 vertice
1361 563 1516 604 cristae

303 617 585 671 Sanguineae,
626 617 849 672 clipeoque
886 620 1090 661 micantia
1127 619 1307 662 fulmina
1342 621 1487 662 mittit.

300 675 582 727 Adgnoscunt
617 675 771 717 faciem
814 677 994 719 invisam
1035 681 1168 732 atque
1204 678 1409 721 immania
1445 678 1637 721 membra

300 733 480 774 Turbati
515 733 654 775 subito
692 735 930 777 Aeneadae.

299 791 488 842 Emicat,
527 795 568 833 et
609 792 762 833 mortis
804 792 1024 835 fraternae
1062 793 1251 836 fervidus
1289 795 1355 837 ira

298 849 484 891 Effatur:
530 849 628 891 Non
657 849 763 892 haec
801 851 961 893 dotalis
1002 853 1123 906 regia
1161 853 1354 904 Amatae,

297 908 388 949 Nec
430 908 564 949 muris
604 907 778 950 cohibet
813 910 968 962 patriis
1006 910 1148 951 media
1182 910 1327 952 Ardea
1361 910 1570 952 Turnum:

300 965 454 1008 Castra
491 965 666 1007 inimica
705 966 772 1007 vid
780 981 844 1019 es

299 1023 383 1066 Olli
425 1022 652 1065 subiidens
691 1024 840 1066 sedato
879 1030 1055 1080 pectore
1101 1026 1286 1068 Turnus:

298 1082 466 1136 Incipe,
506 1082 541 1123 si
580 1096 666 1136 qua
708 1083 850 1125 animo
891 1084 1048 1136 virtus,

298 1140 381 1181 Hic
420 1139 551 1181 etiam
588 1140 806 1182 inventum
843 1141 1015 1184 Priamo
1053 1142 1253 1185 narrabis
1284 1142 1492 1184 Achillen.

300 1198 493 1240 Dixerat.

552 1198 632 1240 Ille
672 1199 823 1240 rudem
859 1200 982 1242 nodis
1019 1204 1062 1241 et
1096 1202 1255 1242 cortice
1296 1200 1427 1242 crudo

1863 444 1946 484 '730

990 736 1096 777 Tum
1133 736 1355 778 Pandarus
1395 737 1543 791 ingens
1865 739 1946 779 735

887 968 1006 1009 nulla
1040 968 1139 1010 hinc
1181 969 1297 1010 exire
1336 972 1543 1023 potestas.
1892 1025 1947 1064 40

1094 1087 1137 1126 et
1172 1098 1349 1126 consere
1388 1083 1605 1135 dextram3
1864 1027 1886 1064 7

1865 1313 1946 1352 745

301 1256 529 1310 Intorquet
563 1257 738 1299 summis
776 1257 958 1300 adnixus
997 1258 1161 1300 viribus
1198 1259 1380 1300 hastam.

303 1315 524 1369 Excepere
559 1328 706 1366 aurae,
744 1315 896 1357 volnus
935 1316 1139 1358 Saturnia
1172 1317 1279 1358 Iuno

759 1377 999 1428 port-aeque
1037 1373 1230 1428 infigitur
1264 1374 1402 1415 hasta.

300 1372 496 1414 Detorsit
530 1373 701 1414 veniens
714 1407 723 1425 ,

300 1430 359 1472 At
394 1444 481 1471 non
526 1429 611 1472 hoc
647 1431 798 1482 telum,
838 1445 934 1473 mea
976 1431 1092 1485 quod
1133 1432 1175 1473 Vi
1210 1431 1388 1474 dextera
1423 1433 1579 1483 versat,

299 1487 507 1542 Effugies3
540 1501 680 1542 neque
719 1489 831 1530 enim
867 1489 904 1530 is
939 1489 1015 1531 teli
1053 1503 1131 1531 nec
1164 1490 1352 1532 volneris
1390 1491 1554 1530 auctor.

299 1546 369 1588 Sic
404 1546 484 1597 ait,
520 1549 563 1587 et
597 1545 815 1588 sublatum
856 1547 942 1588 alte
984 1548 1204 1602 consurgit
1243 1548 1286 1589 in
1317 1560 1470 1598 ensem,

298 1604 357 1646 Et
391 1603 578 1645 mediam
616 1603 731 1646 ferro
767 1605 939 1659 gemina
974 1605 1086 1646 inter
1126 1609 1325 1661 tempora
1364 1605 1553 1647 frontem

1864 1607 1947 1646 750

299 1662 466 1704 Dividit
503 1661 784 1716 impubesque
821 1663 997 1704 immani
1030 1662 1202 1705 volnere
1235 1663 1384 1705 malas.

299 1720 371 1762 Fit
411 1733 542 1762 sonus
555 1733 564 1772 3

606 1720 771 1773 ingenti
818 1734 1025 1762 concussa
1067 1724 1132 1762 est
1170 1721 1359 1775 pondere
1395 1719 1538 1761 tellus.

306 1777 529 1832 Collapsos
570 1781 690 1820 artus
733 1782 865 1831 atque
902 1792 1023 1819 arma
1065 1782 1243 1821 cruenta
1280 1778 1458 1820 cerebro

343 1894 421 1925 726.
449 1896 496 1926 Cf.
515 1899 595 1925 Stat.
610 1898 707 1926 Theb.
728 1895 779 1932 10,
804 1895 869 1925 508
895 1894 964 1926 Par
984 1895 1098 1937 operis

296 1940 436 1972 iactura
488 1940 603 1978 lucro,
653 1940 781 1983 quippe
823 1940 920 1972 hoste
967 1946 1100 1972 retento

300 1986 494 2019 Exclusere
517 1997 607 2017 suos.

344 2032 421 2062 727.
449 2036 588 2062 ruentes
616 2035 654 2064 cf.
683 2032 735 2072 12,
762 2032 840 2064 305.

342 2079 420 2109 728.
447 2077 597 2115 demens,
624 2078 683 2119 qui
698 2090 764 2109 nou
782 2078 908 2109 viderit
924 2081 963 2110 cf.
980 2078 1009 2116 2,
1027 2078 1102 2108 346.

346 2124 423 2155 731.
452 2128 492 2154 Se
544 2127 757 2156 interclusum
807 2127 924 2156 videns
973 2128 1103 2155 Turnus

298 2181 403 2202 novos
417 2173 544 2201 animos
555 2173 662 2209 sumit,
681 2174 791 2208 quiex
804 2174 907 2202 oculis
918 2170 1103 2213 effulgent,

299 2223 329 2248 et
367 2218 575 2248 concitatiore
614 2220 758 2254 corporis
801 2224 887 2248 motu
921 2219 1034 2253 fertur,
1074 2223 1103 2247 et

300 2273 400 2294 arma
440 2265 594 2301 concutit,
636 2265 681 2294 ita
724 2270 757 2295 ut
795 2266 899 2295 maior
941 2273 1040 2294 sonus
1073 2269 1103 2294 et

300 2313 410 2340 lumen
437 2313 477 2339 ab
504 2311 546 2339 iis
570 2315 675 2341 exeat.

342 2355 419 2386 735.
447 2360 647 2397 agnoscunt
688 2353 824 2386 turbati
866 2358 887 2386 i.
930 2366 956 2386 e.
990 2365 1040 2393 ag.
1073 2360 1102 2385 et

297 2406 475 2439 turbantur,
500 2404 544 2432 ita
571 2411 630 2432 nos
658 2400 847 2443 gettsnhren
874 2399 1101 2431 1111183111*εῆ-

301 2447 386 2481 kern
438 2449 638 2486 Adiungitur
662 2449 854 2485 primarium
879 2449 1049 2485 participio
1069 2452 1103 2477 ut

297 2493 329 2533 2,
356 2492 430 2524 169.

343 2538 419 2569 737.
447 2537 576 2570 dotalis
588 2537 918 2579 (cf.11,369)regia
932 2537 1103 2569 Amatae.-

297 2588 508 2623 Laurentum.
535 2591 587 2623 „et
608 2589 688 2616 bene
713 2587 872 2623 Amatae,
899 2593 982 2620 quae
1007 2586 1101 2614 illum

298 2635 373 2662 sola
401 2641 553 2669 generum
585 2641 659 2662 esse
688 2633 846 2667 cupiebat.
878 2647 922 2652 —
953 2633 988 2660 Id
1023 2632 1101 2668 agit,

298 2683 333 2708 ut
358 2680 503 2708 ostendat
528 2687 564 2708 se
588 2687 651 2708 non
675 2687 731 2714 per
751 2678 999 2713 imprudentiam
1019 2679 1101 2706 Tur-

297 2733 374 2754 num
407 2725 601 2762 inclusisse,
637 2726 693 2754 sed
725 2725 817 2753 illum
849 2733 906 2759 per
938 2724 1101 2752 temerita-

298 2775 360 2800 tem
395 2771 459 2799 sibi
495 2771 627 2800 minime
668 2771 837 2807 profutura
867 2775 977 2800 castra
1003 2778 1102 2805 pene-

297 2814 438 2846 trasse.“
464 2818 495 2845 S.

344 2860 420 2891 740.
447 2859 632 2891 subridens
663 2859 785 2890 sedato
808 2862 966 2901 pectore:
1008 2868 1100 2897 ..ma-

298 2916 395 2945 gnam
419 2908 641 2938 confidentiam
664 2908 796 2937 virtutis
821 2904 990 2936 ostendit.“
1015 2909 1046 2936 S.

346 2951 423 2983 742.
451 2954 499 2984 Cf.
522 2955 563 2983 ad
583 2963 651 2984 rem
679 2952 716 2990 6,
741 2951 802 2989 89,
827 2957 857 2983 et
878 2953 982 2983 simili
1008 2954 1099 2983 modo

297 3006 448 3029 narrare
470 3004 662 3036 usurpatum
686 2997 718 3038 2,
743 2996 820 3029 549.

1192 1895 1268 1927 743.
1294 1895 1417 1927 rudem
1448 1894 1571 1926 nodis.-
1610 1895 1691 1924 Nodi
1718 1895 1877 1935 fecerunt,
1916 1900 1949 1926 ut

1149 1945 1240 1973 rudis
1266 1949 1369 1979 essen
1394 1945 1504 1979 itaque
1528 1943 1650 1972 nodosa
1678 1946 1725 1971 est
1749 1945 1855 1972 hasta.

1195 2009 1270 2040 74⁴.
1297 2014 1371 2041 val.
1398 2014 1445 2041 ΕΙ.
1477 2011 1507 2048 3,
1535 2010 1596 2040 193
1626 2009 1790 2040 Torserat
1816 2007 1872 2040 hic
1895 2012 1948 2040 to·
2001 2020 2003 2046 ξ

1148 2055 1191 2087 tis
1216 2056 1386 2087 connixus
1406 2056 1538 2087 viribus
1564 2054 1715 2086 hastam.

1194 2102 1271 2133 745.
1305 2102 1437 2133 l‘olnus
1457 2101 1599 2132 veniens
1623 2107 1671 2132 est
1696 2105 1804 2132 telum.

1195 2159 1271 2189 7⁴8.
1299 2158 1327 2189 is
1355 2163 1479 2189 auctor
1505 2161 1525 2189 i.
1551 2169 1577 2190 e.
1606 2160 1683 2189 talis
1708 2160 1817 2194 qualis
1843 2163 1876 2188 tu
1900 2167 1946 2188 33.

1152 2223 1189 2227 -—
1223 2209 1335 2236 Telum
1357 2212 1464 2236 autem
1491 2207 1571 2235 dixit
1597 2207 1783 2242 generalius
1804 2208 1948 2235 vocabu-

1148 2255 1233 2289 lum,
1275 2261 1336 2288 quo
1373 2258 1402 2281 et
1437 2255 1564 2282 hastam
1600 2257 1629 2281 et
1667 2260 1776 2282 ensem
1802 2260 1947 2287 compre-

1146 2301 1309 2328 henderet.
1358 2299 1397 2328 cf.
1431 2307 1474 2328 rte
1503 2296 1582 2338 quis
1604 2296 1640 2327 in
1669 2296 1753 2327 urbe
1776 2306 1851 2327 cum
1879 2294 1947 2326 telo

1147 2343 1191 2374 sit
1215 2347 1293 2374 Tab.
1320 2347 1392 2374 XII.

1193 2400 1270 2431 749.
1301 2399 1360 2430 Sic
1391 2398 1441 2430 uit
1469 2409 1514 2430 sc.
1540 2402 1681 2438 Turnus,
1711 2403 1746 2430 ut
1772 2408 1814 2429 ex
1835 2399 1946 2429 verbis

1146 2449 1230 2484 ipsis
1256 2451 1404 2483 apparet,
1436 2455 1518 2482 quae
1554 2447 1639 2476 dicit.
1687 2447 1742 2476 Sic
1766 2446 1946 2475 subiectum

1148 2495 1313 2523 variatum
1344 2502 1376 2522 v.
1409 2491 1486 2531 733,
1519 2509 1557 2513 —
1593 2490 1665 2522 alte
1695 2489 1877 2529 consurgit
1909 2488 1945 2520 in

1147 2548 1284 2575 ensem5
1337 2548 1467 2574 corpore
1510 2539 1594 2568 enim
1638 2542 1701 2567 toto
1744 2541 1775 2568 et
1813 2537 1944 2567 brachio

1149 2588 1276 2616 sublato
1299 2585 1522 2615 vehementior
1545 2585 1575 2614 tit
1600 2585 1694 2614 ictus,
1742 2586 1795 2613 Ita
1811 2583 1944 2618 saepius

1147 2640 1292 2672 surgere
1318 2635 1347 2660 et
1379 2632 1557 2667 composita
1581 2632 1619 2660 de
1645 2631 1772 2660 sublato
1798 2637 1942 2664 corpore.

1149 2677 1199 2714 10,
1227 2676 1291 2705 796
1320 2674 1542 2717 assurgentis
1569 2674 1692 2705 dextra
1725 2673 1946 2715 plagamque

1139 2720 1510 2762 ferentis‚11,284
1542 2723 1694 2761 quantus
1724 2717 1758 2749 in
1793 2716 1943 2757 clipeum

1144 2771 1326 2809 assurgat,
1352 2745 1416 2797 697
1447 2766 1555 2797 altior
1578 2774 1780 2815 exsurgens.
1814 2766 1865 2794 Ita
1890 2763 1942 2802 12,

1146 2812 1209 2843 729
1235 2812 1306 2844 alte
1327 2812 1503 2844 sublatum
1530 2810 1713 2853 consurgit
1745 2808 1884 2840 Turnus
1906 2807 1943 2839 in

1145 2868 1278 2897 ensem,
1309 2859 1409 2899 G.3,
1446 2857 1511 2888 109
1538 2865 1725 2907 assurgere
1752 2854 1786 2885 in
1818 2864 1940 2885 auras.

1144 2908 1194 2936 Ita
1232 2882 1289 2941 10',
1326 2904 1390 2935 725
1427 2912 1577 2946 surgens
1611 2900 1647 2932 in
1685 2910 1828 2932 cornua.
1879 2902 1942 2932 Ubi

1144 2954 1239 2988 plura
1252 2929 1350 2982 etiam
1363 2952 1460 2982 huius
1470 2949 1720 2987 praepositionis
1733 2945 1768 2977 in
1781 2950 1941 2984 exempla.

1145 2999 1200 3029 Sic
1223 3006 1371 3040 surgere
1395 2995 1433 3027 in
1449 2994 1588 3026 hastam
1604 2996 1683 3024 Stat.
1699 2995 1782 3024 Aeli.
1806 2991 1838 3034 1,
1863 2992 1940 3024 485.

1999 2190 2002 2232 ἑ
