2023 3350
301 129 384 169 468

868 126 902 157 P.
931 125 1126 158 VIRGILH
1152 124 1367 159 MARONIS

305 238 525 289 Constitit,
562 240 663 278 ante
702 238 845 278 Iovem
881 237 1064 290 supplex
1106 252 1184 292 per
1220 242 1321 281 vota
1358 243 1585 294 precatus:

303 296 498 349 Iuppiter
538 295 828 348 omnipotens,
869 294 1107 336 audacibus
1145 295 1285 338 adnue
1323 298 1501 352 coeptis.

1870 297 1952 337 625

304 355 403 407 Ipse
440 352 521 393 tibi
563 352 619 394 ad
659 356 738 394 tua
775 352 939 407 templa
976 352 1113 394 feram
1151 353 1374 396 sollemnia
1409 356 1536 408 dona,

304 412 361 453 Et
396 414 586 451 statuam
622 414 723 452 ante
764 424 864 452 aras
902 415 1059 452 aurata
1092 410 1234 452 fronte
1269 412 1496 455 iuvencum

306 468 568 511 Candentem
606 468 857 522 pariterque
894 472 1026 522 caput
1062 483 1158 510 cum
1194 473 1332 511 matre
1365 470 1587 524 ferentem,

304 527 397 567 Iam
434 539 566 567 cornu
603 529 726 579 petat
761 531 805 568 et
842 526 1027 580 pedibus
1064 526 1137 580 qui
1174 530 1354 580 spargat
1390 543 1578 572 arenam.

305 583 456 626 Audiit
494 587 537 625 et
576 584 684 625 caeli
724 583 906 626 Genitor
942 584 995 626 de
1031 588 1157 639 parte
1195 598 1345 626 serena

1872 590 1956 629 630

305 642 499 684 Intonuit
536 641 722 694 laevum,
755 645 882 684 sonat
925 657 1011 684 una
1048 642 1194 684 fatifer
1231 656 1369 694 arcus,

306 698 469 753 Effugit
503 699 765 742 horrendum
799 700 984 742 stridens
1023 700 1212 742 adducta
1254 700 1431 754 sagitta,

306 757 472 811 Perque
512 762 644 811 caput
673 758 841 800 Remuli
880 759 996 800 venit
1030 762 1073 799 et
1114 771 1218 800 cava
1257 762 1454 813 tempora
1486 758 1600 801 ferro

306 815 496 857 Traiicit.

307 931 401 972 Hoc
434 934 604 973 tantum
639 932 863 974 Ascanius.

563 816 602 867 I,
644 815 785 858 verbis
825 816 1031 858 virtutem
1067 816 1213 857 inlude
1252 816 1466 870 superbis!

306 873 380 915 Bis
417 872 535 926 capti
573 873 764 928 Phryges
800 874 907 916 haec
946 874 1115 916 Rutulis
1156 888 1363 927 responsa
1401 873 1639 916 remittunt.

929 932 1081 974 Teucri
1125 932 1312 974 clamore
1348 934 1596 986 sequuntur,

1875 876 1956 916 635

306 989 579 1043 Laetitiaque
609 989 816 1042 fremunt,
859 990 1112 1044 animosque
1151 989 1220 1031 ad.
1249 989 1393 1031 sidera
1428 989 1600 1031 tollunt.

422 1047 628 1089 Aetheria
667 1052 759 1090 tum
794 1048 908 1090 forte
946 1048 1079 1103 plaga
1118 1048 1298 1090 crinitus
1336 1048 1490 1101 Apollo

307 1105 501 1159 Desuper
537 1106 750 1148 Ausonias
787 1106 901 1148 acies
938 1106 1176 1159 urbemque
1210 1105 1396 1157 videbat,

307 1162 431 1205 Nube
469 1162 636 1215 sedens,
681 1167 812 1218 atque
848 1164 914 1206 his
952 1165 1159 1206 victorem
1200 1163 1378 1206 adfatur
1412 1162 1574 1205 Iulum:

1875 1161 1959 1201 640

309 1221 451 1263 Macte
488 1235 599 1264 nova
633 1222 812 1274 virtute,
854 1236 980 1277 puer3
1025 1223 1085 1264 sic
1123 1222 1212 1264 itur
1255 1221 1312 1263 ad
1349 1224 1480 1272 astra,

310 1279 386 1321 Dis
424 1279 565 1333 genite
601 1283 646 1322 et
685 1281 881 1334 geniture
920 1280 1035 1323 deos.

355 1420 432 1450 625.
459 1417 656 1450 audacibus
679 1418 810 1461 coeptis
835 1421 877 1450 cf.
902 1421 933 1459 7,
963 1421 1042 1450 562.

356 1476 435 1506 627.
462 1480 595 1507 aurata
624 1475 745 1515 fronte
787 1478 828 1506 cf.
873 1477 912 1516 5,
955 1477 1033 1507 366.
1070 1494 1108 1498 —

309 1521 526 1560 „Iuvencum
545 1524 726 1554 secundum
752 1525 920 1553 Romanas
939 1531 1112 1554 caeremo-

310 1569 384 1598 nias
410 1569 508 1604 dixin
535 1577 610 1598 nam
633 1569 703 1598 lovi
729 1571 768 1597 de
794 1575 886 1598 tauro
912 1578 976 1599 non
996 1570 1113 1598 immo-

309 1617 449 1651 labatur,
476 1615 539 1644 nisi
557 1623 654 1650 quum
669 1615 822 1650 triumphi
838 1616 968 1645 nomine
987 1624 1113 1645 suove-

310 1661 443 1690 taurilia
464 1659 616 1690 fiebant.“
642 1664 675 1690 S.
705 1661 746 1690 cf.
771 1661 803 1699 3,
827 1661 882 1690 20.

356 1716 434 1746 628.
458 1715 595 1756 pariter
625 1726 651 1746 c.
686 1726 712 1746 c.
739 1727 782 1747 m.
804 1717 854 1755 f.,
888 1719 944 1753 qui
976 1724 1112 1747 matrem

308 1764 374 1792 iam
404 1768 525 1798 aequat
552 1763 792 1801 magnitudine,
824 1769 856 1792 et
882 1765 937 1799 qui
961 1765 1024 1793 iam
1053 1773 1113 1800 pu-

311 1812 369 1859 b>es
398 1809 441 1858 fit.
497 1808 545 1839 Cf.
579 1811 721 1839 Theocr.
751 1809 793 1848 8,
832 1808 872 1838 14
908 1802 1113 1848 ἰσομάτορα

310 1862 439 1893 αμνον.

355 1912 432 1942 629.
459 1913 548 1941 Idem
574 1920 607 1941 v.
631 1914 702 1941 Ecl.
726 1911 759 1949 3,
785 1911 840 1941 87.

355 1968 432 1997 630.
461 1966 502 1998 de
521 1971 625 2009 parte
647 1977 771 1998 serena
799 1973 855 2007 „ut
876 1978 941 1999 non
965 1977 1113 1999 caussae

310 2015 364 2051 sit,
391 2016 450 2043 sed
477 2012 640 2050 aug·1ri·1.“
667 2018 700 2044 S.
730 2021 762 2044 ut
786 2015 818 2053 8,
843 2015 921 2044 523.

356 2070 433 2100 631.
460 2069 616 2109 laevum,
656 2080 853 2107 prosperum
890 2072 932 2102 cf.
963 2073 1001 2110 2,
1033 2072 1111 2102 693.

305 2115 438 2157 fatifer
468 2120 553 2146 Mss.
585 2115 704 2155 letifer
731 2120 809 2153 alqt.
841 2127 883 2148 ex
915 2120 1113 2155 interpreta-

312 2167 411 2193 tione.

356 2209 434 2239 632.
462 2206 592 2250 effugit
616 2208 723 2249 myth.
749 2217 815 2239 rec.
841 2207 925 2251 Wg.
958 2206 1021 2238 Ld.
1049 2207 1111 2239 Hb.

311 2257 343 2285 et
366 2252 470 2295 fugit
500 2253 644 2295 Prista„
671 2257 849 2290 Utrumque
872 2258 1026 2293 probum,
1051 2257 1111 2285 sed

311 2299 439 2342 effugit
472 2302 581 2336 aptius
610 2302 651 2330 ad
674 2302 870 2336 signandam
895 2302 1111 2337 celeritatem,

311 2354 376 2382 qua
414 2354 515 2376 arcus
555 2347 701 2384 intentio,
741 2348 859 2377 missio
898 2348 1039 2383 sagittae
1081 2352 1112 2376 et

311 2399 494 2427 temporum
526 2393 692 2431 traiectio,
725 2401 809 2428 quae
841 2394 1029 2428 adiungitur
1054 2402 1112 2429 per

312 2447 395 2479 que,
449 2446 512 2467 uno
561 2440 745 2474 eodemque
793 2440 823 2468 fit
871 2445 1028 2474 tempore.
1066 2455 1111 2459 —

310 2481 525 2514 horrendum
560 2483 712 2513 stridens
749 2485 792 2514 cf.
819 2484 850 2522 S,
880 2483 958 2514 489.
981 2501 1025 2505 —
1046 2483 1112 2514 ad-

311 2527 419 2559 ducta
452 2538 478 2559 s.
528 2530 590 2559 Ubi
627 2531 749 2565 sagitta
789 2532 1007 2560 retroducitur
1037 2539 1110 2560 cum

310 2583 426 2613 nervo,
455 2575 590 2611 propius
617 2578 657 2605 ad
685 2581 801 2611 pectus
824 2578 1011 2606 adducitur.

357 2631 433 2661 633.
459 2634 618 2672 tempora
631 2630 765 2662 traiicit
783 2633 824 2662 cf.
846 2633 872 2670 1,
889 2633 967 2662 355.
990 2630 1112 2663 traicit

310 2680 374 2707 mh.
406 2676 577 2719 transigit
601 2680 661 2708 sed
683 2679 837 2714 perfosso
854 2687 890 2720 g.
915 2681 950 2708 P.
968 2676 1112 2708 transiit

310 2723 350 2763 71
390 2722 531 2753 traiecit
571 2724 645 2763 7⁶20.
694 2722 917 2764 transadigit
958 2727 997 2754 R.
1032 2726 1111 2753 Inde

310 2770 507 2805 interpretes
520 2771 678 2799 dederunt
692 2768 838 2809 traiicit,
856 2773 914 2799 Rb.
929 2767 1111 2812 transigit.

356 2824 432 2855 636.
463 2824 625 2856 Clamore
647 2829 853 2868 sequuntur,
879 2832 911 2856 ut
936 2825 991 2856 54.

357 2881 434 2911 637.
461 2880 605 2912 Animos
638 2881 685 2913 ad
715 2881 833 2913 sidera
871 2880 1001 2914 tollunt
1035 2883 1054 2912 i.
1081 2891 1109 2912 e.

311 2936 440 2957 summa
473 2930 615 2958 audacia
646 2932 827 2959 exsultant.
878 2931 980 2958 Omne
1001 2934 1109 2958 autem

312 2975 397 3007 quod
413 2982 565 3009 magnum
581 2980 643 3012 est,
669 2976 781 3005 sidera
800 2976 915 3005 dicitur
932 2976 1110 3011 attingere,

324 3023 354 3045 ta
373 3020 487 3055 gloria,
512 3020 600 3050 fania
616 3021 658 3050 cf.
689 3021 717 3059 1,
738 3021 816 3050 287.
833 3021 864 3057 6,
886 3021 951 3050 783
973 3018 1110 3050 animos

1104 1281 1200 1322 Iure
1243 1280 1387 1322 omnia
1425 1277 1542 1321 bella

1158 1419 1324 1462 aequabit
1355 1418 1512 1462 Olympo.
1535 1418 1590 1458 10,
1605 1416 1673 1448 548
1690 1414 1787 1447 caelo
1803 1414 1961 1447 animum

1157 1467 1263 1504 ferre.

1204 1522 1281 1553 638.
1313 1521 1416 1554 Forte
1433 1524 1466 1552 in
1484 1524 1618 1552 deorum
1637 1521 1836 1557 interventu,
1860 1527 1961 1554 quum

1158 1570 1303 1598 maxime
1326 1571 1503 1598 adversum
1521 1568 1672 1597 videatur
1686 1565 1859 1603 divinitati,
1876 1565 1961 1594 forte

1159 1615 1291 1644 fortuna
1328 1616 1451 1644 adesse
1497 1615 1590 1643 deos.
1653 1613 1718 1641 Sed
1760 1612 1960 1648 hominibus,

1160 1661 1213 1696 qui
1250 1661 1413 1696 quomodo
1457 1664 1553 1695 agant
1584 1659 1627 1687 dii
1655 1667 1722 1687 non
1763 1657 1961 1695 intelligant,

1160 1707 1243 1735 forte
1273 1707 1395 1736 factum
1426 1707 1555 1735 videtur
1586 1705 1635 1742 id,
1657 1704 1744 1740 quod
1768 1705 1903 1733 deorum
1928 1703 1961 1732 fit

1160 1753 1312 1782 consilio.
1353 1752 1423 1788 (cf.
1448 1751 1479 1789 6,
1509 1750 1603 1786 186.)
1634 1765 1679 1770 -—
1701 1752 1823 1785 Apollo
1849 1754 1961 1779 autem

1161 1799 1249 1833 apud
1290 1799 1466 1827 Homerum
1511 1797 1675 1826 Troianos
1711 1796 1820 1834 iuvat⁷
1861 1801 1959 1830 atque

1159 1846 1311 1879 Augusto
1328 1848 1358 1872 et
1383 1843 1516 1872 omnino
1535 1842 1623 1878 genti
1646 1842 1751 1871 Iuliae
1770 1841 1900 1871 favisse
1919 1843 1960 1870 ab

1160 1897 1267 1925 eaque
1298 1892 1408 1919 cultus
1441 1890 1585 1918 maxime
1613 1888 1741 1917 dicitur.
1798 1888 1962 1924 Quocirca

1160 1941 1250 1965 recte
1286 1938 1348 1965 hoc
1383 1937 1457 1964 loco
1497 1934 1645 1964 insertur.
1694 1934 1759 1962 Sed
1791 1930 1960 1963 Aetheria

1157 1980 1276 2023 plaga
1304 1990 1370 2011 non
1402 1981 1539 2017 sufficit,
1563 1988 1649 2016 opus
1682 1984 1753 2009 erat
1777 1979 1961 2009 definitione

1160 2028 1367 2057 accuratiore
1413 2031 1444 2056 et
1488 2024 1639 2056 crinitus
1681 2028 1746 2055 hoc
1790 2027 1867 2055 loco
1908 2028 1960 2055 est

1160 2075 1314 2104 otiosum.

1205 2129 1283 2160 639.
1306 2133 1460 2165 Desuper
1496 2128 1627 2158 videbat
1667 2127 1799 2157 Troiam
1835 2134 1959 2157 novam

1159 2182 1188 2206 et
1223 2178 1316 2207 acies
1344 2175 1614 2212 oppugnantium.

1205 2223 1281 2252 640.
1308 2220 1398 2252 nube
1428 2219 1569 2258 sedens,
1608 2223 1642 2248 ut
1674 2221 1757 2248 Iuno
1792 2217 1848 2257 12,
1879 2217 1961 2249 810.

1159 2285 1204 2289 -
1237 2266 1372 2307 Adfari
1403 2268 1544 2296 nondum
1577 2266 1643 2301 legi
1674 2265 1770 2294 aliter
1800 2272 1896 2300 quam
1928 2269 1961 2293 ut

1159 2316 1288 2352 audiat,
1309 2315 1349 2343 ad
1371 2321 1467 2348 quem
1487 2318 1654 2341 conversa
1674 2316 1725 2340 est
1745 2311 1868 2348 orati03
1887 2311 1959 2350 sed,

1159 2367 1191 2390 ut
1215 2364 1278 2390 noc
1302 2363 1376 2390 loco
1406 2359 1446 2397 fix,
1473 2366 1576 2394 posse
1593 2357 1656 2387 dici
1671 2365 1737 2386 non
1752 2357 1958 2393 negaverim.

1204 2416 1281 2446 641.
1308 2413 1451 2453 „Macte
1474 2411 1603 2444 virtute
1628 2416 1699 2443 esto
1720 2415 1961 2449 sanguinolen-

1158 2464 1200 2492 tis
1228 2468 1259 2492 et
1283 2471 1326 2491 ex
1353 2463 1425 2491 acie
1452 2460 1666 2489 redeuntibus
1695 2458 1846 2490 dicitur.“
1882 2463 1959 2490 Sen.

1157 2511 1217 2544 Ep.
1243 2507 1298 2544 66,
1323 2506 1378 2537 47.
1415 2508 1463 2535 De
1488 2506 1593 2535 forma
1612 2505 1707 2536 vocis
1732 2509 1785 2536 Gt.
1808 2505 1830 2542 S
1855 2505 1910 2544 98,
1928 2505 1958 2534 1.

1201 2563 1278 2594 642.
1305 2561 1372 2603 dis,
1396 2563 1469 2593 Iovi
1490 2567 1520 2591 et
1541 2562 1662 2593 Veneri
1684 2578 1729 2583 —
1754 2560 1848 2600 deos,
1873 2563 1960 2592 Cae-

1157 2618 1268 2640 sarem
1293 2614 1324 2639 et
1350 2611 1547 2645 Augustum.
1597 2608 1653 2638 Sic
1693 2609 1751 2638 Sil.
1778 2607 1810 2646 3,
1834 2607 1911 2637 625.
1938 2616 1958 2637 o

1157 2659 1241 2685 nate
1268 2653 1381 2693 deum,
1406 2653 1574 2695 divosque
1599 2651 1736 2684 dature.
1785 2655 1958 2690 Augustus

1157 2707 1267 2732 autem
1308 2702 1378 2730 iure
1409 2702 1539 2730 claudet
1579 2700 1690 2729 omnia
1729 2701 1830 2737 bella,
1871 2706 1957 2734 quae

1158 2748 1225 2777 fato
1262 2749 1304 2776 ad
1332 2755 1406 2776 eum
1440 2754 1545 2781 usque
1577 2751 1718 2774 ventura
1751 2749 1847 2782 sunt,
1879 2753 1957 2775 nam

1159 2794 1280 2829 dignus
1318 2793 1393 2831 erit,
1431 2793 1486 2828 qui
1521 2793 1662 2821 claudat.
1710 2790 1765 2820 Sic
1797 2790 1862 2820 iam
1891 2787 1957 2820 Ld.

1158 2841 1224 2869 Sed
1249 2847 1333 2874 quae
1360 2846 1401 2868 ea
1424 2843 1474 2868 est
1496 2838 1673 2874 sententia,
1698 2837 1785 2871 quod
1800 2843 1899 2866 nnum
1924 2841 1957 2866 tu
2002 2856 2004 2862 ,

1156 2886 1321 2914 hominem
1347 2884 1508 2920 occidisti,
1536 2882 1683 2918 mereris,
1707 2886 1739 2911 ut
1764 2883 1891 2918 posteri
1913 2882 1959 2912 tui

1157 2932 1335 2966 aliquando
1362 2930 1511 2959 fruantur
1537 2936 1620 2964 pace
1645 2929 1802 2957 aeterna?
1838 2929 1959 2958 Civilia
2006 2936 2011 2948 ⁶

1157 2982 1266 3006 autem
1294 2978 1393 3013 bella,
1426 2982 1511 3011 quae
1541 2974 1681 3003 aliorum
1706 2975 1873 3004 sententia
1893 2979 1957 3012 est,

1156 3031 1222 3052 non
1256 3022 1434 3059 intellexit,
1474 3027 1550 3049 nam
1581 3018 1704 3048 addidit
1743 3019 1879 3059 omnia,
1915 3027 1956 3050 ac
