2023 3350
65 242 359 298 Exsiliumque
392 242 495 297 pati.

67 301 268 355 Sanguis,
306 301 388 351 ait,
431 299 678 355 solidaeque
716 314 794 342 suo
833 303 949 342 stant
984 300 1136 342 robore
1172 301 1296 352 vires,

65 359 152 401 Vos
188 359 350 413 agitate
383 357 538 411 fugam.

65 416 136 458 Me
174 416 211 458 si
249 415 476 457 caelicolae
511 414 744 456 voluissent
779 414 932 456 ducere
967 415 1110 466 vitam,

66 473 156 515 Has
193 473 297 514 mihi
333 475 572 514 servassent
609 472 740 513 sedes.

66 529 258 572 Vidimus
298 529 463 572 excidia.
500 533 542 571 et
580 533 731 583 captae
769 530 1059 583 superavimus
1097 529 1204 571 urbi.

670 128 904 162 AENEIDOS
930 130 1014 162 LIB.
1041 130 1083 162 11.
1616 129 1694 169 105

561 241 646 285 Vos
682 256 723 294 o,
764 241 917 297 quibus
952 242 1117 296 integer
1150 242 1242 284 aevi

1615 358 1696 397 640

810 472 922 513 Satis
960 486 1044 514 una
1080 486 1293 526 superque

1613 643 1694 681 645

68 588 138 630 Sic
173 602 214 640 o,
252 587 313 629 sic
349 588 538 641 positum
573 587 709 628 adfati
744 587 948 629 discedite
985 601 1147 640 corpus.

65 645 164 699 Ipse
199 659 327 687 manu
359 648 539 686 mortem
574 645 805 696 inveniamg
848 644 1115 686 miserebitur
1148 643 1296 694 hostis,

561 702 717 743 Facilis
755 702 920 744 iactura
958 702 1152 756 sepulcri.

65 702 337 756 Exuviasque
370 705 498 756 petet.

67 866 126 900 tis,
154 870 185 894 ut
213 867 249 894 G.
274 865 313 903 3,
337 865 403 895 456
430 866 470 895 cf.
497 869 549 896 Gr.
576 866 597 900 ‚S
622 865 697 895 430.
747 869 858 896 Solum

68 913 294 940 accusativum
313 912 394 947 regit
410 913 441 949 7,
460 911 537 941 423.
578 915 616 941 H.
633 914 667 942 C.
687 914 714 948 1,
731 912 784 948 35,
804 912 859 940 22.

113 955 189 985 638.
222 954 360 998 Integer
381 955 468 995 aevi,
494 958 537 987 ita
557 958 587 993 9,
613 957 689 987 255.
739 960 799 987 ov.
817 961 857 986 M.

67 1002 104 1037 9,
139 1001 215 1030 440.
246 1018 290 1022 —
323 1005 399 1031 Hor.
434 1004 468 1033 C.
507 1003 544 1038 1,
573 1003 634 1039 22,
676 1003 685 1032 1
724 1001 859 1044 integer

70 1046 163 1076 vilae
194 1045 397 1087 scelerisque
424 1057 543 1087 purus.
594 1052 674 1078 Stat.
700 1051 799 1078 Theb.
830 1049 858 1083 1,

68 1091 134 1121 415
152 1091 289 1133 integer
309 1102 489 1129 annorum,
516 1094 557 1123 cf.
583 1093 610 1129 l,
642 1094 691 1123 14.
739 1096 859 1124 Contra

70 1139 234 1167 ablativus
257 1139 384 1167 additur
409 1147 461 1174 ap.
483 1141 562 1167 Ped.
584 1140 691 1168 Albin.
712 1141 760 1167 El.
785 1139 816 1176 3,
838 1138 858 1167 5

67 1182 205 1224 integer
229 1192 323 1212 aevo.
367 1185 461 1219 Prop.
488 1183 523 1217 4,
549 1184 585 1220 5,
610 1184 653 1212 57
681 1182 761 1213 dum
786 1192 859 1212 ver-

66 1231 129 1258 ua!
153 1227 316 1268 sanguis.
344 1226 424 1257 dum
451 1228 551 1269 rugis
574 1228 711 1269 integer
734 1237 857 1257 annus.

66 1290 111 1294 —
147 1271 286 1314 Integer
313 1280 420 1303 autem
452 1280 501 1303 est
536 1276 683 1309 quisquis
716 1276 857 1304 nondum

68 1320 197 1349 attritus
219 1325 268 1348 est
293 1325 321 1348 et
347 1320 399 1348 cui
424 1329 485 1349 sno
506 1323 600 1350 stant
620 1319 738 1349 robore
758 1319 858 1356 vires,

67 1363 101 1394 in
129 1362 219 1393 ihrer
250 1363 540 1405 urspriinglt'chen
570 1363 676 1403 Kraft
710 1366 769 1401 (de
795 1368 858 1394 abl.

67 1408 186 1440 robore
207 1418 279 1439 cum
305 1413 398 1440 stant
418 1411 526 1440 iuncto
543 1420 575 1440 v.
593 1411 669 1447 88).
720 1412 772 1440 Sic
792 1412 858 1441 Cic.

68 1465 115 1492 pr.
126 1459 210 1484 Man.
225 1456 256 1485 9.
290 1454 465 1494 Quantum
481 1454 569 1486 illud
584 1454 858 1494 bellumfactum

66 1500 207 1542 putetis,
238 1500 328 1541 quod
420 1505 586 1531 renovant
609 1500 772 1542 agitatae
796 1511 860 1531 na-

67 1545 194 1583 tiones,
234 1544 426 1586 susripitmt
459 1545 619 1588 integrae
651 1550 782 1588 gentes.
816 1564 860 1567 ——

69 1595 174 1622 Aetas
198 1593 337 1621 hominis
362 1593 450 1622 vires
469 1595 562 1628 quasi
583 1599 721 1623 atterere
739 1595 857 1623 studet.

67 1640 103 1667 Id
123 1638 219 1666 etiam
236 1639 312 1667 alibi
331 1639 466 1676 fingitur,
494 1644 523 1668 ut
547 1639 579 1676 5,
602 1638 681 1668 416.
727 1638 858 1669 Aenum

68 1686 108 1713 de
134 1688 241 1712 aetate
267 1684 307 1713 cf.
332 1683 408 1712 435.

113 1728 189 1756 610.
222 1727 288 1758 Vos
325 1728 464 1769 agitate
498 1729 650 1771 fugam3
685 1731 729 1759 ita
762 1732 859 1766 „Sal-

66 1775 205 1804 lustius:
251 1772 563 1817 'Fradirurfugam
582 1774 616 1805 in
639 1773 768 1805 Oceani
786 1775 860 1805 Ion-

67 1818 203 1861 ginqua
234 1818 464 1860 agitavisse.“
505 1824 538 1850 S.
586 1823 633 1850 Fl.
667 1820 706 1857 4,
741 1820 780 1857 2,
816 1821 852 1850 51

63 1865 196 1905 fugam
296 1864 331 1894 in
363 1863 508 1895 Parthos
615 1865 784 1907 agilaret.
816 1883 859 1886 —-

70 1913 160 1940 Unus
189 1911 294 1939 codex
332 1914 480 1946 supplet:
520 1915 551 1941 ct
591 1911 688 1941 rebus
725 1916 861 1942 servate

69 1953 239 1985 secundis.
289 1957 400 1985 01111311
427 1958 639 1992 interpolator
667 1966 742 1996 vos,
774 1959 858 1993 quod

70 2006 119 2031 est
147 2001 180 2037 1,
204 2001 289 2036 216,
317 2004 400 2030 unde
425 2010 487 2031 sua
512 2005 660 2038 sumpsit.

115 2046 190 2076 641.
223 2044 353 2076 Ducere
381 2045 485 2077 ritum
509 2050 705 2084 producere;
735 2054 764 2078 ut
791 2047 860 2078 bel·-

69 2091 139 2122 lum
168 2090 305 2121 (lucere.
338 2098 415 2121 nota
446 2093 594 2122 formula.
650 2095 703 2123 Sic
738 2093 860 2123 ducere

68 2136 177 2167 vitam
204 2140 241 2166 H.
268 2139 370 2172 Epod.
401 2139 456 2174 17,
489 2138 542 2168 63.
592 2142 739 2169 aetatem
765 2143 801 2168 E.
827 2139 859 2175 2,

67 2184 104 2220 2,
130 2183 206 2212 202.
256 2192 391 2213 somnos
412 2186 493 2213 Aen.
519 2183 555 2221 4,
580 2185 657 2213 560.

115 2228 190 2258 6⁴2.
217 2230 304 2258 Satis
336 2235 364 2257 et
397 2231 459 2259 iam
497 2231 627 2259 nimium
663 2235 731 2267 est,
775 2233 857 2265 quod

69 2277 172 2304 semel
207 2275 273 2303 vidi
303 2276 427 2310 patriae
462 2277 643 2311 excidium3
681 2285 728 2305 sc.
762 2285 858 2311 quum

69 2322 228 2350 Hercules
255 2322 487 2350 Laomedontis
513 2323 652 2357 perlurio
680 2327 709 2350 et
737 2325 775 2350 ob
801 2332 860 2351 ne-

70 2371 178 2401 gatam
203 2367 382 2395 Hesionam
406 2367 506 2396 iratus
534 2371 645 2396 urbem
672 2368 798 2396 evertit.

115 2411 190 2440 643.
221 2410 472 2451 Superauimus
495 2411 588 2451 urbi,
625 2418 657 2441 ut
683 2416 762 2442 Sall.
788 2415 858 2448 lug.

69 2456 114 2485 70
144 2464 212 2493 res,
252 2465 341 2496 quae
375 2455 570 2498 Iugurthae
599 2461 859 2498 superaverant.

70 2509 154 2537 quae
178 2504 354 2531 restabant.
380 2517 425 2524 —
447 2504 494 2533 Cf.
521 2503 557 2540 3,
585 2503 660 2533 339.

117 2546 193 2576 644.
220 2549 309 2576 Iubet
341 2549 506 2578 Anchises
545 2550 607 2579 sibi
646 2559 727 2580 suos
763 2558 858 2587 prae-

71 2596 160 2622 stare
183 2593 317 2621 funebre
343 2594 490 2629 officium,
516 2596 611 2630 quasi
634 2596 696 2625 iam
722 2602 858 2625 mortuo.

71 2639 181 2667 Simile
207 2645 256 2667 est
283 2646 333 2673 ap.
359 2641 429 2668 val.
453 2643 500 2669 Fl.
529 2641 553 2676 Ι,
580 2640 656 2669 33-1.
679 2658 722 2661 -
747 2640 816 2679 Sic,
841 2651 859 2670 o

70 2689 130 2712 etc.
187 2686 336 2719 „Sensus
370 2686 444 2714 talis
479 2691 546 2714 est:
591 2692 754 2721 praestate
795 2696 858 2716 vos

69 2730 146 2758 mihi
171 2729 306 2758 funebre
333 2731 501 2767 solatium,
535 2734 597 2760 hoc
627 2737 677 2761 est
704 2733 858 2762 adfamini

69 2783 136 2812 me,
177 2779 210 2803 ut
248 2776 308 2804 dici
348 2777 483 2805 mortuis
517 2779 601 2805 solet
635 2780 728 2815 vale,
771 2781 857 2814 vale,

69 2819 181 2849 vale.“
218 2823 251 2849 S.
300 2820 347 2850 Cf.
370 2820 401 2855 3,
429 2821 483 2850 67.
531 2823 580 2850 Ita
603 2820 709 2862 affari
730 2824 760 2859 9,
783 2823 859 2853 484.

69 2881 113 2886 —
143 2863 295 2895 Poeitum
331 2867 446 2895 dieitur
471 2875 590 2902 corpus
618 2874 794 2905 mortuum,
828 2875 858 2898 ut

69 2909 102 2949 4,
127 2911 205 2940 681.
257 2911 307 2945 11,
332 2912 386 2940 30.
436 2914 496 2941 Ov.
521 2915 556 2942 F.
586 2913 617 2949 5,
646 2914 713 2942 480
735 2913 860 2955 positis

70 2955 163 2985 insta
182 2956 352 2994 feruntur
375 2955 461 2987 ovis.
512 2961 553 2987 Μ.
576 2958 607 2994 9,
631 2959 696 2987 503
720 2963 860 3001 toroque

69 3004 205 3030 mortua
239 3011 440 3043 componor,
481 3001 683 3044 positaeque
719 3003 775 3036 det
807 3015 860 3035 o<-

70 3045 151 3077 cula
176 3047 303 3086 frater.
369 3051 493 3078 Tamen
531 3051 680 3080 omnibus
710 3052 742 3080 in
774 3052 859 3081 locis

905 868 969 895 iam
995 875 1037 895 ex
1063 866 1181 895 ceteris
1208 865 1317 893 verbis
1343 868 1479 900 apparet
1507 864 1546 891 de
1570 866 1697 891 mortuo

906 921 983 941 esse
1009 919 1204 940 sermonem.

951 957 1026 986 645.
1058 955 1201 985 Mortem
1237 953 1413 984 inveniam
1446 954 1590 989 explicat
1621 955 1695 981 Sen.

905 1004 1001 1032 Here.
1035 1004 1068 1030 F.
1109 1001 1197 1030 1245
1233 998 1356 1029 Mortis
1395 998 1569 1028 inveniam
1603 996 1696 1026 viam

905 1053 934 1076 et
957 1045 1113 1076 invenire
1134 1044 1227 1075 viam
1255 1046 1295 1074 cf.
1315 1044 1344 1077 3.
1364 1044 1441 1073 395.
1495 1042 1571 1083 Ipse
1590 1051 1697 1072 manu

905 1098 955 1121 est
982 1090 1043 1121 mit
1072 1090 1193 1131 cigner
1218 1089 1347 1124 lland‚-
1372 1091 1418 1119 sic
1443 1089 1520 1118 321.
1562 1087 1593 1123 3,
1620 1086 1696 1115 372.

905 1137 1028 1172 5:241.
1056 1136 1133 1165 499.
1166 1137 1195 1173 7,
1221 1136 1292 1164 143.
1319 1135 1401 1165 621:
1438 1137 1550 1169 ltaque
1571 1134 1698 1162 videtur

906 1184 1013 1211 dicere
1050 1183 1237 1212 Anchises:
1295 1183 1371 1216 lpse
1412 1189 1462 1209 me
1497 1179 1697 1213 interficiam,

905 1229 1010 1257 hostis
1034 1233 1159 1260 autem.
1186 1227 1239 1261 qui
1262 1235 1323 1256 sua
1349 1233 1446 1255 manu
1471 1229 1621 1254 necatum
1646 1224 1698 1252 vi—

907 1275 989 1302 debit
1021 1282 1153 1310 senem,
1193 1273 1399 1302 miserebitur
1436 1280 1496 1301 nec
1531 1270 1698 1300 insultabit

906 1326 961 1348 aut
984 1319 1124 1348 foedabit
1151 1324 1328 1352 mortuum.
1362 1318 1422 1347 sed
1452 1318 1585 1346 exuviis
1617 1324 1699 1345 con-

906 1371 1013 1394 tentus
1039 1365 1147 1394 abibit.
1196 1365 1308 1393 Facile
1334 1369 1441 1392 autem
1465 1371 1562 1392 careo
1585 1364 1698 1397 sepul-

905 1415 988 1440 tura.
1034 1411 1112 1440 Alia
1130 1415 1179 1439 est
1196 1410 1373 1445 explicatio
1389 1410 1515 1442 Servii:
1541 1414 1697 1438 ..mortem

906 1465 967 1492 ego
998 1464 1094 1485 manu
1126 1457 1233 1485 hostis
1261 1456 1437 1484 inveniam.
1492 1455 1698 1484 Miserebitur

906 1511 985 1531 vero
1007 1502 1103 1533 dixit.
1135 1503 1252 1530 affectu
1279 1501 1368 1537 eius,
1396 1501 1447 1534 qui
1472 1502 1622 1536 cupiebat
1647 1501 1698 1529 in—

906 1548 1017 1583 terimi,
1045 1553 1075 1576 ut
1097 1555 1169 1575 eum
1195 1547 1300 1576 hostis
1323 1547 1417 1581 quasi
1443 1548 1619 1575 miseratus
1642 1554 1698 1575 oc-

906 1594 1037 1623 cideret.
1093 1594 1147 1622 Sic
1175 1593 1207 1621 in
1239 1601 1326 1621 nono
1360 1591 1466 1628 [495]
1500 1598 1604 1621 mater
1631 1594 1698 1620 Eu-

906 1640 1012 1674 ryalw
1036 1642 1068 1668 S.
1119 1640 1209 1674 Quae
1242 1639 1417 1673 explicatio
1449 1643 1526 1673 apta
1557 1639 1697 1673 quidem,

907 1690 957 1714 est
989 1689 1018 1713 et
1052 1685 1194 1713 firmatur
1230 1685 1314 1713 dicto
1349 1684 1447 1713 simili
1476 1685 1644 1714 Ciceronis
1678 1690 1698 1712 a

906 1733 992 1766 U'go
1018 1733 1116 1759 allato
1137 1732 1202 1759 Att.
1228 1730 1259 1761 9.
1288 1729 1345 1758 12:
1394 1732 1462 1762 ..Ne
1489 1731 1564 1764 quid
1590 1734 1698 1765 optem

906 1778 1033 1811 quidem
1059 1778 1121 1805 iam
1147 1779 1268 1804 habeo.
1296 1776 1362 1804 nisi
1387 1781 1418 1804 ut
1444 1776 1554 1810 aliqua
1576 1775 1697 1805 inimici

906 1820 1146 1851 misericordia
1177 1823 1387 1850 liberemur-⁵*
1435 1823 1498 1850 Sed
1526 1823 1567 1850 ad
1592 1829 1697 1850 mauu

906 1877 971 1896 non
996 1872 1101 1903 potest
1128 1868 1264 1902 intelligi
1285 1865 1404 1904 hostis,
1428 1876 1488 1896 nec
1509 1865 1582 1907 ipse
1601 1869 1696 1895 habet

906 1922 969 1948 quo
996 1914 1197 1942 defendatur.
1247 1914 1398 1942 Attamen
1424 1921 1520 1947 quum
1542 1915 1602 1945 val
1624 1913 1696 1947 ipse

905 1968 971 1988 non
990 1960 1139 1988 videatur
1157 1960 1264 1988 dicere
1281 1959 1449 1987 Anchisen
1475 1959 1536 1987 sibi
1562 1964 1696 1986 mortem

904 2005 1087 2039 illaturum,
1119 2010 1206 2033 certe
1229 2007 1361 2033 Aeneas
1392 2005 1447 2038 qui
1471 2005 1551 2040 patri
1578 2006 1697 2033 adver-

907 2056 1015 2085 satur.
1053 2052 1082 2079 id
1119 2060 1184 2079 non
1221 2051 1348 2079 videtur
1383 2051 1582 2087 intelligere,
1619 2050 1696 2078 nihil

905 2101 1005 2124 restat
1033 2103 1128 2129 quam
1154 2094 1227 2134 ipse
1257 2105 1361 2124 manu
1389 2094 1562 2125 inueniam
1590 2096 1697 2130 expli-

906 2149 993 2171 care.
1024 2146 1053 2169 ut
1080 2142 1162 2170 idem
1192 2142 1300 2170 facere
1327 2142 1389 2170 sibi
1415 2146 1584 2177 proponat,
1612 2143 1695 2176 quod

905 2186 979 2214 fecit
1006 2187 1173 2216 Priamus.
1201 2188 1254 2221 qui
1276 2189 1404 2216 hostem
1428 2196 1521 2216 manu
1550 2195 1611 2216 sua
1638 2194 1697 2222 ag—

906 2239 1043 2266 gressus
1068 2232 1192 2260 invenit
1213 2237 1357 2261 mortem.
1406 2235 1480 2261 Erat
1505 2238 1610 2261 autem
1627 2234 1696 2261 An-

906 2278 1017 2305 chises
1042 2278 1224 2305 obstinatus
1250 2278 1345 2313 mori,
1373 2280 1457 2312 quod
1483 2285 1565 2312 quae
1590 2285 1609 2306 a
1634 2278 1696 2306 diis

906 2324 945 2351 de
972 2323 1077 2351 futuro
1103 2331 1236 2351 suorum
1263 2323 1396 2357 imperio
1430 2328 1618 2357 acceperat.
1653 2323 1696 2351 ir-

905 2369 965 2397 rita
991 2376 1068 2397 esse
1090 2369 1197 2396 omnia
1220 2368 1281 2397 sibi
1303 2369 1483 2403 intelligere
1508 2369 1695 2404 videbatur3

906 2422 1005 2448 quare
1031 2418 1130 2442 mutat
1157 2414 1340 2451 consilium,
1366 2415 1462 2443 simul
1482 2419 1578 2448 atque
1598 2414 1640 2442 dii
1664 2415 1696 2442 in

905 2460 1052 2489 Ascanio
1080 2467 1237 2488 summam
1265 2467 1357 2494 spem
1383 2468 1461 2488 esse
1486 2461 1670 2488 ostendunt.

951 2504 1026 2533 646.
1046 2503 1172 2543 facilis
1199 2503 1350 2541 iactura,
1382 2506 1455 2533 item
1480 2506 1552 2534 Liv.
1583 2505 1621 2543 5,
1653 2504 1696 2533 39

903 2549 1047 2587 facilem
1065 2559 1136 2579 esse
1154 2549 1323 2579 iacturam
1344 2549 1514 2580 seniorum
1540 2551 1559 2579 i.
1578 2559 1606 2579 e.
1631 2559 1697 2579 non

905 2597 1013 2629 magni
1035 2605 1113 2625 esse
1132 2597 1292 2625 momenti.
1334 2598 1457 2625 Eodem
1477 2597 1570 2626 etiam
1593 2604 1696 2626 sensu

905 2640 986 2671 vilis
1011 2643 1127 2670 dicitur
1157 2640 1294 2670 iactura
1327 2646 1405 2670 Stat.
1432 2645 1531 2671 Theb.
1563 2642 1598 2672 1.
1629 2641 1695 2670 649

906 2694 936 2716 ut
968 2685 1034 2715 vile
1060 2687 1221 2717 damnum
1255 2696 1306 2722 ap.
1336 2690 1415 2716 Tac.
1440 2690 1479 2716 A.
1504 2688 1542 2721 2,
1568 2688 1621 2717 85.
1653 2705 1695 2707 ἡ

904 2734 1061 2768 Loquitur
1098 2739 1202 2762 autem
1236 2734 1404 2762 Anchises
1439 2739 1469 2762 ut
1503 2736 1696 2763 Theodorus

904 2779 958 2807 1110
984 2780 1211 2814 philosophus.
1239 2779 1290 2813 001
1313 2780 1381 2814 regi
1397 2780 1597 2814 Lysimacho
1621 2788 1695 2808 cru-

904 2833 975 2853 cem
999 2825 1173 2853 minitanti.
1199 2826 1376 2854 Theodori.
1401 2826 1520 2860 inquit.
1544 2827 1622 2854 nibil
1645 2826 1696 2854 in-

904 2875 1016 2904 terest,
1044 2871 1174 2898 humine
1199 2878 1240 2898 an
1266 2871 1404 2899 sublime
1427 2876 1586 2907 putescat.
1631 2872 1693 2900 Sed

904 2917 1108 2950 antiquorum
1128 2917 1261 2944 multum
1277 2916 1428 2946 intererat
1446 2918 1592 2953 sepeliri,
1611 2917 1694 2951 quod

904 2962 967 2990 nisi
997 2963 1148 2996 sepultus
1177 2963 1261 2996 apud
1291 2962 1414 2992 inferos
1441 2964 1612 2997 quiescere
1636 2970 1694 2990 ne-

905 3008 1023 3041 quibat.
1073 3007 1120 3035 Cf.
1149 3005 1186 3043 6,
1219 3005 1295 3036 333.
1330 3007 1405 3037 365.
1431 3025 1474 3028 -—
1501 3011 1627 3037 Seneca
1655 3009 1694 3035 de

904 3053 1055 3081 remediis
1079 3052 1279 3081 fortuitorum
1303 3061 1329 3082 c.
1355 3054 1386 3083 5.
1408 3054 1582 3083 terribilem
1605 3055 1695 3083 illam
