2044 3329
310 130 360 169 18

870 128 906 159 P.
935 125 1129 158 vath
1152 124 1360 159 MARONJS

307 238 549 293 Expediunt
577 239 675 281 sessi
699 252 860 288 rerum,
886 237 1113 289 frugesque
1140 241 1334 290 receptas

309 297 362 338 Et
387 301 549 338 torrere
572 300 729 350 parunt
760 295 938 336 flammis
966 297 1008 335 et
1038 294 1234 345 frangere
1261 307 1377 335 saxo.

422 355 582 394 Aeneas
607 353 824 405 scopulum
852 351 1017 391 interea
1043 351 1285 392 conscendit
1312 355 1353 392 et
1387 363 1551 391 omnem

1849 349 1929 389 180

308 411 581 463 prospectum
615 411 699 450 late
732 408 884 461 pelago
913 407 1038 461 petit,
1063 406 1230 448 Anthea
1254 408 1289 448 si
1313 422 1438 460 quein

308 468 518 508 Iactatum
547 470 669 507 vento
697 465 839 505 vident
865 463 1153 516 Phrygiasque
1178 463 1370 512 biremes,

310 525 394 565 Aut
418 524 579 576 Capyn,
609 526 682 563 :rut
713 521 835 562 celsis
861 521 903 561 in
929 519 1140 574 puppibus
1168 534 1286 562 arma
1312 521 1436 562 Caici.

308 582 466 622 Navem
494 581 535 620 in
565 582 793 631 conspeetu
817 577 994 628 nullam,
1021 580 1109 618 tres
1135 577 1263 619 litore
1289 592 1436 618 cervos

308 637 517 690 Prospieit
544 639 755 677 erra-ntes:
785 635 862 676 hos
887 638 982 675 tota
1012 638 1205 676 armenta
1231 638 1465 687 sequuntur

1850 631 1929 670 185

308 695 344 735 A
368 698 510 745 tergo,
537 696 579 733 et
601 692 772 745 longum
795 706 871 745 per
896 691 1028 732 valles
1055 691 1244 744 pascitur
1268 705 1430 744 agmen.

310 750 512 792 Constitit
537 749 624 799 hic,
647 762 876 802 arcumque
903 762 1032 790 manu
1060 748 1302 801 celeresque
1331 748 1511 801 sagittas

309 806 541 860 Corripuit,
570 805 680 848 fidus
708 820 817 860 quae
842 805 930 847 tela
960 804 1138 859 gerebat
1171 805 1368 855 Achates,

307 864 600 918 Ductoresque
626 864 743 918 ipsos
767 863 967 917 primum,
996 862 1138 916 capita
1169 863 1259 904 alta
1286 861 1468 903 serentes

309 1039 499 1074 generaliter
522 1038 662 1067 omnium
689 1045 793 1066 rerum
819 1037 1027 1066 instrumenta
1051 1037 1099 1065 ui-

310 1089 423 1113 cnntur
451 1084 510 1117 (ef.
546 1081 638 1118 119).
685 1084 767 1117 Ergo
801 1083 851 1111 liic
880 1088 1004 1117 propter
1028 1090 1098 1111 car-

310 1130 406 1159 minis
426 1130 610 1165 dignitatem
628 1128 789 1162 refugiens
808 1129 900 1157 vilia.
920 1137 985 1156 rem
1003 1128 1099 1156 vilem

310 1176 401 1204 auxit
432 1177 595 1203 honestate
618 1175 789 1205 sermonis.
822 1179 852 1202 ut
878 1174 956 1202 alibi
985 1173 1039 1207 (G.
1070 1171 1098 1208 1,

312 1219 396 1255 391)
418 1229 456 1249 ne
477 1221 639 1249 lucernam
662 1220 788 1253 «ΗΝ-τω,
813 1220 874 1247 ait:
911 1220 1008 1247 'l'esta
1027 1226 1098 1247 cum

311 1267 440 1294 ardente
459 1266 600 1294 viderent
623 1265 800 1293 scintillare
819 1264 945 1293 oleum*
968 1266 999 1292 S.
1046 1264 1100 1292 Sic

311 1314 414 1340 notae
436 1318 491 1345 pro
511 1311 623 1339 litteris
649 1308 678 1341 3,
698 1307 772 1338 444.
815 1307 891 1338 avis
915 1318 968 1344 pro
996 1317 1101 1344 mergo

312 1354 348 1391 4,
376 1354 439 1384 254
473 1361 501 1384 et
535 1364 588 1390 pro
619 1356 743 1384 ciconia
773 1357 808 1383 G.
840 1352 877 1391 2,
917 1353 981 1382 320
1023 1355 1102 1382 dici-

312 1407 362 1430 tur
392 1405 420 1429 et
451 1398 585 1430 Graeca
613 1403 701 1429 testa
734 1409 787 1435 pro
818 1403 971 1434 ampliora
1001 1401 1038 1428 H.
1066 1400 1100 1427 C.

313 1444 343 1483 1,
362 1444 414 1483 20,
439 1444 469 1474 2.
499 1462 536 1466 —
565 1443 764 1485 expediunt.
790 1446 835 1474 ita
855 1443 930 1474 702.
972 1443 1002 1477 6.
1025 1442 1100 1473 219.

359 1500 433 1530 178.
452 1499 543 1540 sessi
566 1510 698 1531 rerum:
723 1502 760 1531 cs.
781 1500 829 1530 tl.
849 1500 1027 1541 —fruges
1050 1508 1101 1528 re-

313 1550 447 1587 ceptus,
483 1552 701 1583 recuperatas,
735 1552 766 1576 ut
797 1555 878 1581 quae
912 1547 977 1575 iam
1002 1546 1102 1575 maris

312 1602 385 1622 esse
407 1594 603 1626 videbantur,
629 1593 666 1621 ef.
693 1590 756 1620 583
781 1598 809 1621 et
829 1591 859 1627 6,
885 1590 940 1620 111
967 1588 1102 1621 Patrem

312 1635 426 1668 medio
458 1646 497 1668 es
529 1635 624 1668 hoste
652 1635 775 1678 recepi.
826 1636 862 1675 6,
892 1635 956 1666 819
985 1636 1104 1675 fasces

314 1685 483 1723 receptas.

362 1737 435 1768 179.
462 1739 508 1768 Cf.
535 1740 570 1767 G.
594 1736 628 1775 1,
656 1737 720 1767 267
750 1735 848 1768 Nunc
877 1740 1002 1769 torrete
1026 1734 1104 1779 igni

308 1783 458 1826 fruges,
480 1793 570 1814 nunc
589 1782 756 1825 frangite
782 1793 878 1814 saxo.

362 1893 566 1927 1804198.

360 1965 492 1993 Aeneas
528 1964 614 1999 regio
652 1964 788 1998 fungens
824 1973 951 1993 munere
983 1964 1106 1992 vilibus

315 2010 453 2046 negotiis
474 2018 537 2038 non
560 2010 707 2044 interest3
733 2009 772 2038 cf.
798 2008 833 2045 6,
862 2007 891 2037 9.

366 2062 437 2094 181.
467 2062 601 2105 Pelago
623 2066 752 2094 dativus
777 2067 956 2100 explicatur
974 2065 1004 2098 5.
1028 2062 1104 2100 451,

316 2112 391 2146 quid
416 2111 458 2139 sit
480 2107 632 2150 pelagus
657 2110 693 2147 5,
725 2109 754 2139 S.
804 2109 880 2149 (Er
906 2108 1003 2139 sucht
1034 2108 1105 2139 sich

319 2154 394 2186 eine
419 2152 579 2185 Aussicht
604 2154 682 2184 weit
703 2152 762 2184 hin
785 2153 881 2193 auf's
909 2154 1037 2194 Meer.)
1064 2171 1101 2175 —

317 2198 348 2230 si
379 2201 418 2230 cf.
450 2198 525 2229 57⁸.
561 2216 599 2220 —
636 2198 719 2239 Quis
755 2201 945 2230 indefinitum
986 2201 1105 2230 nomini

318 2247 444 2282 proprio
467 2247 646 2280 appositum
671 2251 727 2274 est.
782 2243 830 2275 Ob
857 2254 892 2275 er
917 2244 991 2275 eine
1013 2246 1106 2286 Spar

318 2300 385 2321 υοπ
407 2290 449 2321 Α.
479 2289 577 2320 sehen
613 2289 735 2320 hiltine.
783 2292 835 2320 Sic
864 2299 914 2327 ap.
948 2293 1040 2326 Prop.
1074 2289 1105 2329 4,

320 2335 372 2373 11,
402 2335 439 2365 19
466 2334 496 2365 si
521 2334 598 2376 quis
618 2334 736 2376 posita
766 2334 870 2366 iudex
896 2335 989 2365 sedet
1019 2336 1106 2365 Aea-

319 2390 379 2412 cus
403 2390 503 2411 urna.
545 2384 601 2410 Ov.
628 2383 701 2410 Am.
725 2379 761 2415 1,
790 2380 846 2415 13,
874 2380 914 2410 39
944 2379 984 2410 si
1008 2389 1105 2420 quem

325 2424 513 2467 Cephalum
534 2425 710 2466 complexa
734 2429 876 2456 teneres.
917 2429 988 2455 Seu.
1014 2428 1103 2455 llere.

321 2474 393 2501 Fur.
424 2470 509 2501 1323
540 2469 625 2510 Quis
655 2470 786 2501 Tanais
813 2474 874 2502 aut
902 2470 977 2511 quis
1005 2469 1107 2500 Mlus

321 2519 383 2547 ant
413 2515 489 2556 quis
517 2514 654 2546 Persica
685 2515 856 2546 violentus
895 2514 1014 2556 'l'igris
1045 2519 1107 2546 aut

324 2559 464 2591 Rhenus
490 2561 662 2600 servan...
693 2560 831 2591 abluere
861 2559 1019 2591 dextram
1045 2570 1107 2602 po—

321 2604 411 2636 terit.
460 2608 510 2635 Ad
536 2604 614 2646 quis
638 2607 676 2636 cf.
703 2605 754 2642 10,
782 2605 858 2636 861.
908 2608 978 2635 Noli
1000 2612 1107 2636 autem

322 2652 452 2685 iungere
475 2655 589 2681 verba:
614 2650 644 2681 si
669 2661 781 2692 quem,
808 2649 957 2689 Anthea,
987 2650 1107 2692 Capyn

322 2701 397 2731 etc.;
427 2701 459 2725 nt
488 2698 698 2731 appositionis
727 2700 795 2727 loco
827 2698 957 2726 nomina
980 2698 1108 2732 propria

323 2743 477 2770 addantur
508 2744 678 2776 pronomini
711 2749 738 2771 et
765 2744 891 2777 signent
917 2743 969 2778 qni
996 2743 1017 2770 ii
1045 2743 1107 2771 sint

323 2796 402 2822 quos
432 2788 569 2821 quaerit:
613 2796 685 2816 nani
719 2789 747 2817 itl
775 2790 803 2816 si
832 2789 931 2824 facis,
967 2789 1107 2816 ordinem

323 2835 448 2861 turbant
482 2835 578 2860 verba
613 2830 852 2872 Phrygiasque
884 2831 1043 2868 biremes,
1079 2838 1108 2861 et

325 2885 422 2918 quem
445 2878 636 2905 indefinitum
665 2885 730 2911 post
754 2879 966 2907 certissimum
996 2886 1107 2906 nomen

324 2923 442 2952 Anthei
469 2923 571 2957 inepto
595 2928 642 2951 est
667 2925 743 2952 loco.

325 2966 354 2997 si
377 2976 456 3008 qua.

373 3022 443 3053 182.
473 3020 624 3053 Biremes
645 3031 725 3058 quas
748 3027 806 3054 hoc
830 3026 898 3054 loco
923 3024 1007 3061 (licit,
1033 3024 1109 3054 facit

615 1893 756 1925 Troiani
778 1893 867 1926 vires
892 1891 1058 1925 reficiunt.

799 2922 879 2953 Wd.
902 2926 1006 2960 legere
1025 2924 1108 2953 iubet

1146 1036 1290 1064 triremes
1315 1034 1351 1070 5,
1384 1031 1456 1062 119.
1506 1032 1592 1061 Satis
1617 1030 1677 1060 fuit
1700 1034 1809 1066 poetae
1832 1027 1933 1065 signi-

1147 1082 1259 1110 ficasse
1285 1089 1396 1109 naves.

1192 1134 1267 1165 183.
1293 1144 1393 1165 arma
1419 1131 1531 1164 Caici:
1576 1133 1681 1169 „Quia
1710 1131 1934 1165 navigantium

1145 1183 1281 1211 militum
1318 1186 1363 1210 est
1398 1181 1556 1215 puppibus
1586 1185 1679 1207 arma
1708 1175 1866 1212 religare‘
1901 1177 1933 1203 S.

1145 1229 1183 1257 cf.
1209 1228 1247 1263 s,
1273 1226 1325 1255 91.
1371 1223 1430 1263 10,
1457 1224 1510 1253 so,

1193 1281 1268 1311 184.
1295 1283 1413 1318 „Ferri
1437 1290 1498 1309 non
1522 1283 1595 1309 sunt
1618 1280 1650 1307 in
1671 1279 1840 1313 provincia
1861 1286 1936 1319 pro-

1148 1329 1326 1366 consulari,
1374 1329 1414 1356 att
1454 1334 1549 1361 quam
1586 1325 1674 1354 venit
1711 1322 1863 1352 Aeneas2‘
1900 1325 1934 1351 S.

1149 1376 1307 1406 ..Possunt
1335 1378 1408 1401 tunc
1434 1373 1553 1407 fuisse,
1583 1371 1639 1399 sed
1669 1374 1702 1398 ut
1726 1370 1835 1398 multis
1858 1369 1936 1398 aliis

1147 1421 1229 1448 loeis
1256 1419 1367 1448 variae
1392 1418 1584 1446 mutationes
1606 1413 1729 1444 faetae“
1755 1416 1786 1442 S.
1813 1415 1845 1443 in
1868 1415 1934 1443 cod.

1149 1466 1237 1493 Fnld.
1286 1466 1335 1492 lta
1356 1472 1427 1492 esse
1453 1466 1566 1496 negant
1593 1462 1779 1493 Herodotus,
1808 1461 1936 1489 Aristo-

1148 1513 1243 1546 teles,
1283 1514 1361 1538 teste
1402 1508 1544 1543 Heynio,
1577 1511 1607 1535 et
1644 1507 1727 1534 Plin.
1762 1507 1800 1534 H.
1837 1507 1873 1534 N.
1904 1503 1936 1542 8,

1148 1554 1208 1584 51:
1264 1552 1389 1584 Cervos
1421 1551 1544 1587 Africa
1582 1548 1828 1591 propemodum
1861 1547 1937 1580 sala

1148 1610 1217 1630 uon
1247 1597 1379 1640 gignit.
1434 1600 1551 1627 Contra
1578 1597 1650 1633 Vgl.
1679 1597 1774 1625 etiam
1802 1593 1838 1633 4,
1870 1593 1936 1624 154

1148 1651 1178 1675 et
1202 1648 1353 1674 Lucanus
1377 1643 1406 1679 9,
1433 1642 1494 1672 921
1527 1651 1642 1672 cervos
1666 1650 1737 1670 esse
1767 1642 1800 1669 in
1822 1640 1938 1671 Africa

1149 1695 1333 1725 memorant,
1365 1699 1422 1718 nec
1446 1690 1552 1718 minus
1578 1688 1612 1723 ii,
1636 1688 1691 1721 qui
1716 1687 1835 1715 nostris
1858 1692 1936 1716 tem-

1149 1738 1279 1771 poribus
1306 1743 1362 1764 eas
1388 1735 1532 1769 regiones
1564 1736 1782 1768 peragrarunt.
1833 1733 1880 1761 Cf.
1905 1730 1936 1771 4,

1149 1780 1202 1811 73.
1250 1782 1286 1815 5,
1327 1779 1385 1817 37,
1427 1781 1542 1815 quilius
1579 1787 1620 1807 ex
1659 1778 1740 1807 locis
1778 1778 1937 1812 intelliges

1151 1828 1182 1856 in
1207 1828 1324 1855 talibus
1351 1829 1445 1855 rebus
1469 1826 1599 1861 Vglinm
1632 1831 1695 1851 non
1721 1828 1834 1852 temere
1865 1820 1938 1852 esse

1149 1877 1322 1901 versatum.
1375 1874 1451 1899 Sunt
1485 1871 1538 1905 qui
1567 1870 1782 1903 antiloparum
1808 1869 1938 1904 aliquod

1151 1926 1253 1953 genus
1277 1918 1384 1945 cervis
1408 1916 1579 1950 significari
1603 1919 1720 1949 putent.
1754 1930 1791 1934 —
1819 1923 1938 1943 erran-

1152 1965 1221 1993 tes:
1253 1967 1453 1997 ..pascentes,
1477 1965 1511 1990 ut
1533 1963 1568 1989 E.
1596 1958 1626 1995 2,
1648 1958 1687 1988 2¹
1720 1956 1819 1989 Mille
1841 1967 1939 1990 meae

1157 2005 1285 2036 Siculis
1311 2010 1428 2036 errant
1451 2004 1485 2035 in
1507 2003 1678 2035 montibus
1698 2013 1826 2046 agnae.
1874 2006 1938 2034 Re-

1152 2061 1229 2082 vera
1262 2053 1346 2081 enim
1378 2054 1452 2081 dum
1489 2055 1663 2086 pascuntur
1693 2049 1873 2087 vagantur“
1904 2053 1937 2079 S.

1152 2101 1198 2127 lle
1221 2096 1282 2128 tris
1305 2103 1333 2127 et
1360 2100 1426 2127 tres
1449 2097 1487 2127 ef.
1513 2099 1564 2125 Gr.
1589 2094 1650 2132 86,
1676 2092 1705 2124 4.

1199 2153 1272 2184 185.
1302 2154 1330 2184 A
1369 2156 1469 2194 tergo
1508 2150 1605 2192 sequi
1643 2151 1838 2181 abundantia
1879 2155 1938 2190 est,

1152 2202 1244 2231 ouius
1278 2201 1427 2234 exempla
1464 2200 1504 2227 acl
1543 2197 1579 2236 6,
1618 2195 1678 2225 751
1720 2201 1858 2226 exstant.
1897 2213 1936 2217 —

1152 2249 1223 2276 tota
1244 2247 1401 2274 armenta
1425 2241 1564 2284 (ganze
1585 2239 1720 2281 Rudel)
1745 2243 1783 2272 cf.
1808 2241 1838 2280 3,
1861 2241 1938 2271 220.

1198 2300 1273 2330 186.
1303 2298 1463 2341 Longum
1484 2308 1606 2335 agmen,
1629 2299 1721 2328 multi
1746 2299 1844 2334 igitur
1866 2303 1940 2328 sunt

1151 2348 1239 2376 cervi
1270 2355 1325 2381 per
1357 2348 1477 2375 vallem
1510 2346 1684 2374 flexuosum
1715 2343 1774 2378 [cf.
1806 2342 1842 2382 7,
1875 2342 1938 2381 98)

1151 2397 1328 2428 pascentes.

1200 2435 1272 2466 187.
1299 2444 1420 2472 arcus,
1446 2433 1617 2475 sagittas,
1649 2442 1738 2474 quae
1761 2431 1842 2464 tela.
1889 2436 1940 2463 Ita

1152 2480 1190 2518 7,
1220 2480 1284 2510 477
1317 2479 1447 2516 locum,
1485 2489 1550 2520 quo
1583 2478 1695 2510 litore.
1730 2495 1769 2500 —
1802 2481 1848 2508 De
1879 2482 1939 2510 hac

1152 2528 1350 2562 oppositione
1381 2527 1419 2555 cf.
1446 2528 1497 2555 Gr.
1530 2526 1551 2559 §
1583 2524 1658 2554 25⁰.
1695 2540 1733 2544 —
1767 2533 1830 2564 que
1864 2534 1940 2554 eon-

1152 2573 1332 2602 secutivum
1349 2572 1385 2601 cf.
1404 2574 1454 2600 Gr.
1473 2572 1495 2605 §
1511 2569 1586 2600 480.
1603 2586 1640 2591 -—
1660 2571 1804 2599 Achates
1822 2575 1869 2600 est
1886 2578 1940 2599 ar-

1152 2619 1251 2652 miger
1284 2619 1430 2654 Aeneae,
1464 2620 1497 2645 ut
1528 2620 1661 2651 apparet
1693 2624 1734 2644 ex
1768 2612 1825 2652 10,
1863 2614 1938 2645 332.

1151 2664 1189 2692 ef.
1217 2660 1274 2696 11,
1301 2661 1353 2691 32.
1381 2678 1417 2682 —
1450 2659 1516 2690 Hic
1538 2666 1569 2690 ut
1594 2659 1673 2690 hinc
1702 2669 1732 2689 v.
1762 2657 1824 2688 194
1855 2658 1938 2690 ch.

1152 2711 1220 2737 vult
1253 2717 1324 2736 esse
1362 2709 1542 2742 temporale.
1582 2723 1619 2727 -
1661 2703 1758 2744 Quae
1796 2703 1866 2735 tela
1897 2714 1937 2747 g.

1154 2753 1194 2783 A.
1227 2755 1307 2782 delet
1345 2751 1393 2781 ΡΙ.
1424 2751 1484 2781 Πὸ.
1520 2749 1578 2782 Gr.
1615 2760 1659 2782 sc.
1696 2752 1779 2785 quod
1809 2752 1940 2781 Aeneas

1155 2800 1249 2833 „ipsa
1279 2800 1400 2827 Venere
1430 2797 1576 2827 mollior·⁴
1608 2798 1656 2833 (l)
1692 2804 1770 2824 suas
1803 2797 1940 2832 sagittas

1155 2844 1234 2872 ferre
1258 2846 1362 2872 nollet.

1201 2886 1274 2917 189.
1304 2887 1464 2918 Ferentes
1493 2886 1726 2923 significantius
1761 2894 1857 2921 quam
1886 2895 1940 2924 ge-

1154 2939 1272 2966 rentes:
1301 2935 1387 2963 cervi
1404 2935 1488 2962 enim
1508 2940 1628 2962 cornua
1643 2939 1714 2968 sua,
1739 2937 1770 2960 ut
1790 2939 1940 2967 magnum

1153 2984 1308 3013 ornatum,
1337 2979 1465 3013 superbi
1490 2979 1569 3007 ferre
1593 2979 1749 3014 dicuntur,
1779 2979 1861 3013 quod
1885 2979 1941 3007 vel

1152 3033 1195 3054 ex
1219 3025 1338 3054 sabulis
1361 3029 1469 3053 notum
1490 3024 1536 3059 ei,
1564 3024 1619 3058 qui
1642 3024 1780 3052 nondum
1803 3022 1893 3053 vidit.
