<?xml version="1.0" encoding="UTF-8"?>
<!DOCTYPE html PUBLIC "-//W3C//DTD XHTML 1.0 Transitional//EN"
    "http://www.w3.org/TR/xhtml1/DTD/xhtml1-transitional.dtd">
<html xmlns="http://www.w3.org/1999/xhtml" xml:lang="en" lang="en">
 <head>
  <title>
</title>
<meta http-equiv="Content-Type" content="text/html;charset=utf-8" />
  <meta name='ocr-system' content='tesseract 3.04.00' />
  <meta name='ocr-capabilities' content='ocr_page ocr_carea ocr_par ocr_line ocrx_word'/>
</head>
<body>
  <div class='ocr_page' id='page_1' title='image "aeneisvi00virguoft_0505.png"; bbox 0 0 2023 3350; ppageno 0'>
   <div class='ocr_carea' id='block_1_1' title="bbox 458 74 1399 109">
    <p class='ocr_par' dir='ltr' id='par_1_1' title="bbox 458 74 1399 109">
     <span class='ocr_line' id='line_1_1' title="bbox 458 74 1399 109; baseline 0 0"><span class='ocrx_word' id='word_1_1' title='bbox 458 77 495 109; x_wconf 91' lang='lat' dir='ltr'>P.</span> <span class='ocrx_word' id='word_1_2' title='bbox 522 76 719 108; x_wconf 85' lang='lat' dir='ltr'>VIRGILII</span> <span class='ocrx_word' id='word_1_3' title='bbox 743 74 956 108; x_wconf 87' lang='lat' dir='ltr'><strong>MARONIS</strong></span> <span class='ocrx_word' id='word_1_4' title='bbox 983 75 1217 109; x_wconf 85' lang='lat' dir='ltr'>AENEIDOS</span> <span class='ocrx_word' id='word_1_5' title='bbox 1244 77 1331 109; x_wconf 90' lang='lat' dir='ltr'>LIB.</span> <span class='ocrx_word' id='word_1_6' title='bbox 1354 77 1399 109; x_wconf 85' lang='lat' dir='ltr'>X.</span> 
     </span>
    </p>
   </div>
   <div class='ocr_carea' id='block_1_2' title="bbox 1672 77 1755 117">
    <p class='ocr_par' dir='ltr' id='par_1_2' title="bbox 1672 77 1755 117">
     <span class='ocr_line' id='line_1_2' title="bbox 1672 77 1755 117; baseline -0.012 0"><span class='ocrx_word' id='word_1_7' title='bbox 1672 77 1755 117; x_wconf 87' lang='grc'>479</span> 
     </span>
    </p>
   </div>
   <div class='ocr_carea' id='block_1_3' title="bbox 115 188 1476 302">
    <p class='ocr_par' dir='ltr' id='par_1_3' title="bbox 115 188 1476 302">
     <span class='ocr_line' id='line_1_3' title="bbox 117 188 1319 240; baseline 0 -6"><span class='ocrx_word' id='word_1_8' title='bbox 117 191 338 234; x_wconf 85' lang='lat' dir='ltr'>Sideream</span> <span class='ocrx_word' id='word_1_9' title='bbox 367 190 412 232; x_wconf 86' lang='lat' dir='ltr'>in</span> <span class='ocrx_word' id='word_1_10' title='bbox 451 189 614 240; x_wconf 88' lang='lat' dir='ltr'>sedem,</span> <span class='ocrx_word' id='word_1_11' title='bbox 649 190 790 230; x_wconf 86' lang='lat' dir='ltr'>terras</span> <span class='ocrx_word' id='word_1_12' title='bbox 826 188 940 231; x_wconf 87' lang='lat' dir='ltr'>unde</span> <span class='ocrx_word' id='word_1_13' title='bbox 975 189 1135 232; x_wconf 88' lang='lat' dir='ltr'>arduus</span> <span class='ocrx_word' id='word_1_14' title='bbox 1173 204 1319 234; x_wconf 90' lang='lat' dir='ltr'>omnes</span> 
     </span>
     <span class='ocr_line' id='line_1_4' title="bbox 115 246 1476 302; baseline 0.001 -10"><span class='ocrx_word' id='word_1_15' title='bbox 115 250 353 302; x_wconf 75' lang='lat' dir='ltr'>Castraque</span> <span class='ocrx_word' id='word_1_16' title='bbox 387 246 685 289; x_wconf 83' lang='lat' dir='ltr'>Dardanidum</span> <span class='ocrx_word' id='word_1_17' title='bbox 719 246 946 301; x_wconf 74' lang='lat' dir='ltr'>adspectat</span> <span class='ocrx_word' id='word_1_18' title='bbox 980 248 1253 302; x_wconf 89' lang='lat' dir='ltr'>populosque</span> <span class='ocrx_word' id='word_1_19' title='bbox 1286 250 1476 294; x_wconf 88' lang='lat' dir='ltr'>Latinos.</span> 
     </span>
    </p>
   </div>
   <div class='ocr_carea' id='block_1_4' title="bbox 115 304 856 369">
    <p class='ocr_par' dir='ltr' id='par_1_4' title="bbox 115 304 856 369">
     <span class='ocr_line' id='line_1_5' title="bbox 115 304 856 369; baseline -0.007 -19"><span class='ocrx_word' id='word_1_20' title='bbox 115 307 350 351; x_wconf 76' lang='lat' dir='ltr'>Considunt</span> <span class='ocrx_word' id='word_1_21' title='bbox 386 304 510 346; x_wconf 89' lang='lat' dir='ltr'>tectis</span> <span class='ocrx_word' id='word_1_22' title='bbox 550 304 856 369; x_wconf 81' lang='lat' dir='ltr'>bipatentibus.</span> 
     </span>
    </p>
   </div>
   <div class='ocr_carea' id='block_1_5' title="bbox 917 306 1756 360">
    <p class='ocr_par' dir='ltr' id='par_1_5' title="bbox 917 306 1756 360">
     <span class='ocr_line' id='line_1_6' title="bbox 917 306 1756 360; baseline 0.006 -13"><span class='ocrx_word' id='word_1_23' title='bbox 917 306 1074 360; x_wconf 82' lang='lat' dir='ltr'>Incipit</span> <span class='ocrx_word' id='word_1_24' title='bbox 1109 306 1223 360; x_wconf 84' lang='lat' dir='ltr'>ipse:</span> <span class='ocrx_word' id='word_1_25' title='bbox 1731 312 1756 352; x_wconf 86' lang='lat'>5</span> 
     </span>
    </p>
   </div>
   <div class='ocr_carea' id='block_1_6' title="bbox 111 362 1755 648">
    <p class='ocr_par' dir='ltr' id='par_1_6' title="bbox 111 362 1755 648">
     <span class='ocr_line' id='line_1_7' title="bbox 231 362 1327 428; baseline 0 -22"><span class='ocrx_word' id='word_1_26' title='bbox 231 363 469 407; x_wconf 79' lang='lat' dir='ltr'>Caelicolae</span> <span class='ocrx_word' id='word_1_27' title='bbox 508 362 669 416; x_wconf 80' lang='lat' dir='ltr'>magni,</span> <span class='ocrx_word' id='word_1_28' title='bbox 708 363 913 428; x_wconf 82' lang='lat' dir='ltr'>quianam</span> <span class='ocrx_word' id='word_1_29' title='bbox 954 365 1166 405; x_wconf 89' lang='lat' dir='ltr'>sententia</span> <span class='ocrx_word' id='word_1_30' title='bbox 1204 364 1327 407; x_wconf 84' lang='lat' dir='ltr'>vobis</span> 
     </span>
     <span class='ocr_line' id='line_1_8' title="bbox 114 421 1336 476; baseline 0.001 -12"><span class='ocrx_word' id='word_1_31' title='bbox 114 422 249 464; x_wconf 45' lang='lat' dir='ltr'>Nersa</span> <span class='ocrx_word' id='word_1_32' title='bbox 287 424 403 462; x_wconf 79' lang='lat' dir='ltr'>iet-ro</span> <span class='ocrx_word' id='word_1_33' title='bbox 441 423 696 474; x_wconf 87' lang='lat' dir='ltr'>tantumque</span> <span class='ocrx_word' id='word_1_34' title='bbox 738 421 891 463; x_wconf 85' lang='lat' dir='ltr'>animis</span> <span class='ocrx_word' id='word_1_35' title='bbox 932 422 1108 463; x_wconf 78' lang='lat' dir='ltr'>certatis</span> <span class='ocrx_word' id='word_1_36' title='bbox 1146 422 1336 476; x_wconf 80' lang='lat' dir='ltr'>iniquis?</span> 
     </span>
     <span class='ocr_line' id='line_1_9' title="bbox 114 477 1246 521; baseline 0 0"><span class='ocrx_word' id='word_1_37' title='bbox 114 480 358 521; x_wconf 88' lang='lat' dir='ltr'>Abnueram</span> <span class='ocrx_word' id='word_1_38' title='bbox 398 477 512 519; x_wconf 90' lang='lat' dir='ltr'>bello</span> <span class='ocrx_word' id='word_1_39' title='bbox 550 478 722 519; x_wconf 88' lang='lat' dir='ltr'>Italiam</span> <span class='ocrx_word' id='word_1_40' title='bbox 757 492 1014 521; x_wconf 67' lang='grc' dir='ltr'>001101111Ηοιο</span> <span class='ocrx_word' id='word_1_41' title='bbox 1051 480 1246 521; x_wconf 90' lang='lat' dir='ltr'>Teucris:</span> 
     </span>
     <span class='ocr_line' id='line_1_10' title="bbox 115 536 1456 591; baseline 0.004 -13"><span class='ocrx_word' id='word_1_42' title='bbox 115 538 230 587; x_wconf 84' lang='lat' dir='ltr'>Quae</span> <span class='ocrx_word' id='word_1_43' title='bbox 266 539 416 577; x_wconf 88' lang='lat' dir='ltr'>contra</span> <span class='ocrx_word' id='word_1_44' title='bbox 453 536 632 577; x_wconf 86' lang='lat' dir='ltr'>vetitum</span> <span class='ocrx_word' id='word_1_45' title='bbox 671 536 916 579; x_wconf 83' lang='lat' dir='ltr'>discordia?</span> <span class='ocrx_word' id='word_1_46' title='bbox 958 537 1053 591; x_wconf 88' lang='lat' dir='ltr'>quis</span> <span class='ocrx_word' id='word_1_47' title='bbox 1082 542 1221 579; x_wconf 87' lang='lat' dir='ltr'>metus</span> <span class='ocrx_word' id='word_1_48' title='bbox 1266 543 1342 581; x_wconf 87' lang='lat' dir='ltr'>aut</span> <span class='ocrx_word' id='word_1_49' title='bbox 1378 541 1456 584; x_wconf 87' lang='lat' dir='ltr'>hos</span> 
     </span>
     <span class='ocr_line' id='line_1_11' title="bbox 111 593 1755 648; baseline 0.002 -12"><span class='ocrx_word' id='word_1_50' title='bbox 111 595 198 636; x_wconf 91' lang='lat' dir='ltr'>Aut</span> <span class='ocrx_word' id='word_1_51' title='bbox 226 593 303 634; x_wconf 89' lang='lat' dir='ltr'>hos</span> <span class='ocrx_word' id='word_1_52' title='bbox 339 607 460 634; x_wconf 87' lang='lat' dir='ltr'>arma</span> <span class='ocrx_word' id='word_1_53' title='bbox 492 594 612 648; x_wconf 89' lang='lat' dir='ltr'>sequi</span> <span class='ocrx_word' id='word_1_54' title='bbox 652 593 900 648; x_wconf 86' lang='lat' dir='ltr'>ferrumque</span> <span class='ocrx_word' id='word_1_55' title='bbox 924 595 1134 637; x_wconf 79' lang='lat' dir='ltr'>lacessere</span> <span class='ocrx_word' id='word_1_56' title='bbox 1165 597 1331 638; x_wconf 75' lang='lat' dir='ltr'>suasit?</span> <span class='ocrx_word' id='word_1_57' title='bbox 1704 607 1755 646; x_wconf 87' lang='lat'>10</span> 
     </span>
    </p>
   </div>
   <div class='ocr_carea' id='block_1_7' title="bbox 110 651 1097 706">
    <p class='ocr_par' dir='ltr' id='par_1_7' title="bbox 110 651 1097 706">
     <span class='ocr_line' id='line_1_12' title="bbox 110 651 1097 706; baseline 0.003 -15"><span class='ocrx_word' id='word_1_58' title='bbox 110 651 318 692; x_wconf 85' lang='lat' dir='ltr'>Adveniet</span> <span class='ocrx_word' id='word_1_59' title='bbox 353 651 514 692; x_wconf 88' lang='lat' dir='ltr'>iustum</span> <span class='ocrx_word' id='word_1_60' title='bbox 555 666 740 706; x_wconf 79' lang='lat' dir='ltr'>pugnae,</span> <span class='ocrx_word' id='word_1_61' title='bbox 782 667 834 694; x_wconf 91' lang='lat' dir='ltr'>ne</span> <span class='ocrx_word' id='word_1_62' title='bbox 872 654 1097 705; x_wconf 87' lang='lat' dir='ltr'>arcessite,</span> 
     </span>
    </p>
   </div>
   <div class='ocr_carea' id='block_1_8' title="bbox 1138 657 1320 708">
    <p class='ocr_par' dir='ltr' id='par_1_8' title="bbox 1138 657 1320 708">
     <span class='ocr_line' id='line_1_13' title="bbox 1138 657 1320 708; baseline 0.011 -14"><span class='ocrx_word' id='word_1_63' title='bbox 1138 657 1320 708; x_wconf 87' lang='lat' dir='ltr'>tempus,</span> 
     </span>
    </p>
   </div>
   <div class='ocr_carea' id='block_1_9' title="bbox 88 708 1754 940">
    <p class='ocr_par' dir='ltr' id='par_1_9' title="bbox 111 708 1222 764">
     <span class='ocr_line' id='line_1_14' title="bbox 111 708 1222 764; baseline 0.004 -15"><span class='ocrx_word' id='word_1_64' title='bbox 111 709 249 759; x_wconf 82' lang='lat' dir='ltr'>Quum</span> <span class='ocrx_word' id='word_1_65' title='bbox 288 708 381 750; x_wconf 84' lang='lat' dir='ltr'>fera</span> <span class='ocrx_word' id='word_1_66' title='bbox 419 709 638 764; x_wconf 82' lang='lat' dir='ltr'>Carthago</span> <span class='ocrx_word' id='word_1_67' title='bbox 673 711 878 752; x_wconf 87' lang='lat' dir='ltr'>Romanis</span> <span class='ocrx_word' id='word_1_68' title='bbox 913 711 1086 753; x_wconf 81' lang='lat' dir='ltr'>arcibus</span> <span class='ocrx_word' id='word_1_69' title='bbox 1119 711 1222 753; x_wconf 88' lang='lat' dir='ltr'>olim</span> 
     </span>
    </p>

    <p class='ocr_par' dir='ltr' id='par_1_10' title="bbox 108 766 1353 823">
     <span class='ocr_line' id='line_1_15' title="bbox 108 766 1353 823; baseline 0.004 -16"><span class='ocrx_word' id='word_1_70' title='bbox 108 766 300 808; x_wconf 87' lang='lat' dir='ltr'>Exitium</span> <span class='ocrx_word' id='word_1_71' title='bbox 336 781 541 821; x_wconf 80' lang='lat' dir='ltr'>magnum</span> <span class='ocrx_word' id='word_1_72' title='bbox 576 772 706 822; x_wconf 90' lang='lat' dir='ltr'>atque</span> <span class='ocrx_word' id='word_1_73' title='bbox 745 769 876 822; x_wconf 85' lang='lat' dir='ltr'>Alpes</span> <span class='ocrx_word' id='word_1_74' title='bbox 913 769 1118 810; x_wconf 89' lang='lat' dir='ltr'>immittet</span> <span class='ocrx_word' id='word_1_75' title='bbox 1155 774 1353 823; x_wconf 86' lang='lat' dir='ltr'>apertas:</span> 
     </span>
    </p>

    <p class='ocr_par' dir='ltr' id='par_1_11' title="bbox 109 824 1250 881">
     <span class='ocr_line' id='line_1_16' title="bbox 109 824 1250 881; baseline 0.004 -16"><span class='ocrx_word' id='word_1_76' title='bbox 109 824 214 865; x_wconf 92' lang='lat' dir='ltr'>Tum</span> <span class='ocrx_word' id='word_1_77' title='bbox 252 828 419 866; x_wconf 86' lang='lat' dir='ltr'>certare</span> <span class='ocrx_word' id='word_1_78' title='bbox 456 825 585 877; x_wconf 85' lang='lat' dir='ltr'>odiis,</span> <span class='ocrx_word' id='word_1_79' title='bbox 621 830 714 867; x_wconf 86' lang='lat' dir='ltr'>tum</span> <span class='ocrx_word' id='word_1_80' title='bbox 752 841 821 868; x_wconf 90' lang='lat' dir='ltr'>res</span> <span class='ocrx_word' id='word_1_81' title='bbox 860 827 1056 881; x_wconf 79' lang='lat' dir='ltr'>rapuisse</span> <span class='ocrx_word' id='word_1_82' title='bbox 1091 827 1250 869; x_wconf 91' lang='lat' dir='ltr'>licebit.</span> 
     </span>
    </p>

    <p class='ocr_par' dir='ltr' id='par_1_12' title="bbox 88 882 1754 940">
     <span class='ocr_line' id='line_1_17' title="bbox 88 882 1754 940; baseline 0.003 -17"><span class='ocrx_word' id='word_1_83' title='bbox 88 882 230 924; x_wconf 51' lang='lat' dir='ltr'>Nunc</span> <span class='ocrx_word' id='word_1_84' title='bbox 269 883 396 924; x_wconf 89' lang='lat' dir='ltr'>sinite</span> <span class='ocrx_word' id='word_1_85' title='bbox 433 887 475 924; x_wconf 89' lang='lat' dir='ltr'>et</span> <span class='ocrx_word' id='word_1_86' title='bbox 510 884 718 937; x_wconf 85' lang='lat' dir='ltr'>placitum</span> <span class='ocrx_word' id='word_1_87' title='bbox 756 885 861 926; x_wconf 90' lang='lat' dir='ltr'>laeti</span> <span class='ocrx_word' id='word_1_88' title='bbox 901 885 1143 940; x_wconf 88' lang='lat' dir='ltr'>componite</span> <span class='ocrx_word' id='word_1_89' title='bbox 1179 885 1342 927; x_wconf 80' lang='lat' dir='ltr'>foedus.</span> <span class='ocrx_word' id='word_1_90' title='bbox 1704 893 1754 932; x_wconf 86' lang='lat'>15</span> 
     </span>
    </p>
   </div>
   <div class='ocr_carea' id='block_1_10' title="bbox 106 940 767 1108">
    <p class='ocr_par' dir='ltr' id='par_1_13' title="bbox 106 940 767 1108">
     <span class='ocr_line' id='line_1_18' title="bbox 221 940 767 996; baseline 0.005 -15"><span class='ocrx_word' id='word_1_91' title='bbox 221 940 421 995; x_wconf 86' lang='lat' dir='ltr'>Iuppiter</span> <span class='ocrx_word' id='word_1_92' title='bbox 456 941 562 984; x_wconf 89' lang='lat' dir='ltr'>haec</span> <span class='ocrx_word' id='word_1_93' title='bbox 597 942 767 996; x_wconf 77' lang='lat' dir='ltr'>paucis3</span> 
     </span>
     <span class='ocr_line' id='line_1_19' title="bbox 106 997 443 1040; baseline 0.006 -2"><span class='ocrx_word' id='word_1_94' title='bbox 106 997 251 1039; x_wconf 90' lang='lat' dir='ltr'>Pauca</span> <span class='ocrx_word' id='word_1_95' title='bbox 288 998 443 1040; x_wconf 85' lang='lat' dir='ltr'>refert:</span> 
     </span>
     <span class='ocr_line' id='line_1_20' title="bbox 108 1055 326 1108; baseline 0 -11"><span class='ocrx_word' id='word_1_96' title='bbox 108 1055 142 1097; x_wconf 89' lang='lat' dir='ltr'>O</span> <span class='ocrx_word' id='word_1_97' title='bbox 179 1056 326 1108; x_wconf 86' lang='lat' dir='ltr'>Pater,</span> 
     </span>
    </p>
   </div>
   <div class='ocr_carea' id='block_1_11' title="bbox 808 943 1520 988">
    <p class='ocr_par' dir='ltr' id='par_1_14' title="bbox 808 943 1520 988">
     <span class='ocr_line' id='line_1_21' title="bbox 808 943 1520 988; baseline 0.006 -5"><span class='ocrx_word' id='word_1_98' title='bbox 808 947 853 984; x_wconf 87' lang='lat' dir='ltr'>at</span> <span class='ocrx_word' id='word_1_99' title='bbox 890 957 976 984; x_wconf 89' lang='lat' dir='ltr'>non</span> <span class='ocrx_word' id='word_1_100' title='bbox 1019 943 1159 985; x_wconf 82' lang='lat' dir='ltr'>Venus</span> <span class='ocrx_word' id='word_1_101' title='bbox 1197 958 1332 986; x_wconf 87' lang='lat' dir='ltr'>aurea</span> <span class='ocrx_word' id='word_1_102' title='bbox 1369 948 1520 988; x_wconf 86' lang='lat' dir='ltr'>contra</span> 
     </span>
    </p>
   </div>
   <div class='ocr_carea' id='block_1_12' title="bbox 369 1055 1377 1111">
    <p class='ocr_par' dir='ltr' id='par_1_15' title="bbox 369 1055 1377 1111">
     <span class='ocr_line' id='line_1_22' title="bbox 369 1055 1377 1111; baseline 0.003 -14"><span class='ocrx_word' id='word_1_103' title='bbox 369 1070 392 1097; x_wconf 95' lang='lat' dir='ltr'>o</span> <span class='ocrx_word' id='word_1_104' title='bbox 432 1055 654 1097; x_wconf 90' lang='lat' dir='ltr'>hominum</span> <span class='ocrx_word' id='word_1_105' title='bbox 689 1070 919 1110; x_wconf 84' lang='lat' dir='ltr'>rerumque</span> <span class='ocrx_word' id='word_1_106' title='bbox 957 1061 1133 1099; x_wconf 85' lang='lat' dir='ltr'>aeterna</span> <span class='ocrx_word' id='word_1_107' title='bbox 1161 1059 1377 1111; x_wconf 82' lang='lat' dir='ltr'>potestas!</span> 
     </span>
    </p>
   </div>
   <div class='ocr_carea' id='block_1_13' title="bbox 106 1113 1519 1170">
    <p class='ocr_par' dir='ltr' id='par_1_16' title="bbox 106 1113 1519 1170">
     <span class='ocr_line' id='line_1_23' title="bbox 106 1113 1519 1170; baseline 0.004 -16"><span class='ocrx_word' id='word_1_108' title='bbox 106 1113 302 1168; x_wconf 84' lang='lat' dir='ltr'>Namque</span> <span class='ocrx_word' id='word_1_109' title='bbox 338 1114 456 1156; x_wconf 86' lang='lat' dir='ltr'>aliud</span> <span class='ocrx_word' id='word_1_110' title='bbox 491 1114 595 1168; x_wconf 86' lang='lat' dir='ltr'>quid</span> <span class='ocrx_word' id='word_1_111' title='bbox 630 1115 702 1165; x_wconf 89' lang='lat' dir='ltr'>sit,</span> <span class='ocrx_word' id='word_1_112' title='bbox 735 1114 852 1168; x_wconf 86' lang='lat' dir='ltr'>quod</span> <span class='ocrx_word' id='word_1_113' title='bbox 888 1115 976 1156; x_wconf 87' lang='lat' dir='ltr'>iam</span> <span class='ocrx_word' id='word_1_114' title='bbox 1015 1116 1247 1169; x_wconf 83' lang='lat' dir='ltr'>implorare</span> <span class='ocrx_word' id='word_1_115' title='bbox 1284 1118 1519 1170; x_wconf 80' lang='lat' dir='ltr'>queamus?</span> 
     </span>
    </p>
   </div>
   <div class='ocr_carea' id='block_1_14' title="bbox 108 1170 789 1225">
    <p class='ocr_par' dir='ltr' id='par_1_17' title="bbox 108 1170 789 1225">
     <span class='ocr_line' id='line_1_24' title="bbox 108 1170 789 1225; baseline 0 -12"><span class='ocrx_word' id='word_1_116' title='bbox 108 1170 255 1213; x_wconf 90' lang='lat' dir='ltr'>Cernis</span> <span class='ocrx_word' id='word_1_117' title='bbox 295 1176 344 1213; x_wconf 92' lang='lat' dir='ltr'>ut</span> <span class='ocrx_word' id='word_1_118' title='bbox 380 1172 588 1213; x_wconf 86' lang='lat' dir='ltr'>insultent</span> <span class='ocrx_word' id='word_1_119' title='bbox 625 1172 789 1225; x_wconf 80' lang='lat' dir='ltr'>Rutuli,</span> 
     </span>
    </p>
   </div>
   <div class='ocr_carea' id='block_1_15' title="bbox 102 1291 907 3021">
    <p class='ocr_par' dir='ltr' id='par_1_18' title="bbox 102 1291 907 2427">
     <span class='ocr_line' id='line_1_25' title="bbox 104 1291 904 1327; baseline 0 -8"><span class='ocrx_word' id='word_1_120' title='bbox 104 1291 180 1325; x_wconf 86' lang='lat' dir='ltr'>Ipse</span> <span class='ocrx_word' id='word_1_121' title='bbox 201 1291 317 1325; x_wconf 85' lang='lat' dir='ltr'>reperit</span> <span class='ocrx_word' id='word_1_122' title='bbox 343 1291 507 1327; x_wconf 74' lang='lat' dir='ltr'>Virglium</span> <span class='ocrx_word' id='word_1_123' title='bbox 549 1292 725 1326; x_wconf 86' lang='grc'>3011031330</span> <span class='ocrx_word' id='word_1_124' title='bbox 764 1292 904 1326; x_wconf 88' lang='lat' dir='ltr'>primum</span> 
     </span>
     <span class='ocr_line' id='line_1_26' title="bbox 106 1334 907 1372; baseline 0.001 -8"><span class='ocrx_word' id='word_1_125' title='bbox 106 1334 264 1365; x_wconf 59' lang='lat' dir='ltr'>toi—6.</span> <span class='ocrx_word' id='word_1_126' title='bbox 300 1335 499 1366; x_wconf 79' lang='lat'>109—112.</span> <span class='ocrx_word' id='word_1_127' title='bbox 536 1335 610 1366; x_wconf 91' lang='lat'>117.</span> <span class='ocrx_word' id='word_1_128' title='bbox 641 1335 703 1364; x_wconf 74' lang='grc'>146</span> <span class='ocrx_word' id='word_1_129' title='bbox 730 1345 798 1372; x_wconf 85' lang='lat' dir='ltr'>sqq.</span> <span class='ocrx_word' id='word_1_130' title='bbox 849 1340 907 1365; x_wconf 86' lang='lat' dir='ltr'>Se-</span> 
     </span>
     <span class='ocr_line' id='line_1_27' title="bbox 104 1383 906 1412; baseline 0 0"><span class='ocrx_word' id='word_1_131' title='bbox 104 1383 220 1412; x_wconf 85' lang='lat' dir='ltr'>cundis</span> <span class='ocrx_word' id='word_1_132' title='bbox 256 1383 345 1412; x_wconf 87' lang='lat' dir='ltr'>curis</span> <span class='ocrx_word' id='word_1_133' title='bbox 375 1383 581 1412; x_wconf 83' lang='lat' dir='ltr'>intellexisse</span> <span class='ocrx_word' id='word_1_134' title='bbox 613 1391 686 1412; x_wconf 90' lang='lat' dir='ltr'>eum</span> <span class='ocrx_word' id='word_1_135' title='bbox 710 1384 786 1411; x_wconf 87' lang='lat' dir='ltr'>deos</span> <span class='ocrx_word' id='word_1_136' title='bbox 810 1391 906 1412; x_wconf 86' lang='lat' dir='ltr'>mane</span> 
     </span>
     <span class='ocr_line' id='line_1_28' title="bbox 105 1427 904 1465; baseline 0.001 -8"><span class='ocrx_word' id='word_1_137' title='bbox 105 1436 179 1458; x_wconf 90' lang='lat' dir='ltr'>esse</span> <span class='ocrx_word' id='word_1_138' title='bbox 213 1431 452 1465; x_wconf 84' lang='lat' dir='ltr'>convocandos,</span> <span class='ocrx_word' id='word_1_139' title='bbox 488 1430 597 1464; x_wconf 85' lang='lat' dir='ltr'>itaque</span> <span class='ocrx_word' id='word_1_140' title='bbox 627 1429 794 1458; x_wconf 80' lang='lat' dir='ltr'>addidisse</span> <span class='ocrx_word' id='word_1_141' title='bbox 832 1427 904 1458; x_wconf 83' lang='lat'>107.</span> 
     </span>
     <span class='ocr_line' id='line_1_29' title="bbox 104 1472 907 1512; baseline 0.001 -10"><span class='ocrx_word' id='word_1_142' title='bbox 104 1472 136 1503; x_wconf 84' lang='lat'>8.</span> <span class='ocrx_word' id='word_1_143' title='bbox 170 1473 241 1503; x_wconf 79' lang='lat'>113.</span> <span class='ocrx_word' id='word_1_144' title='bbox 266 1483 313 1509; x_wconf 81' lang='lat' dir='ltr'>sq.</span> <span class='ocrx_word' id='word_1_145' title='bbox 362 1476 454 1512; x_wconf 73' lang='lat' dir='ltr'>„Hac</span> <span class='ocrx_word' id='word_1_146' title='bbox 478 1476 653 1504; x_wconf 80' lang='lat' dir='ltr'>mutatione</span> <span class='ocrx_word' id='word_1_147' title='bbox 668 1475 754 1504; x_wconf 83' lang='lat' dir='ltr'>facta</span> <span class='ocrx_word' id='word_1_148' title='bbox 770 1484 907 1504; x_wconf 87' lang='lat' dir='ltr'>consen-</span> 
     </span>
     <span class='ocr_line' id='line_1_30' title="bbox 104 1519 907 1556; baseline 0 -6"><span class='ocrx_word' id='word_1_149' title='bbox 104 1525 235 1550; x_wconf 82' lang='lat' dir='ltr'>taneum</span> <span class='ocrx_word' id='word_1_150' title='bbox 266 1520 371 1550; x_wconf 87' lang='lat' dir='ltr'>fuisse</span> <span class='ocrx_word' id='word_1_151' title='bbox 403 1522 501 1550; x_wconf 88' lang='lat' dir='ltr'>adiici</span> <span class='ocrx_word' id='word_1_152' title='bbox 534 1530 590 1550; x_wconf 82' lang='lat' dir='ltr'>vv.</span> <span class='ocrx_word' id='word_1_153' title='bbox 623 1519 738 1549; x_wconf 73' lang='lat' dir='ltr'>tls-</span> <span class='ocrx_word' id='word_1_154' title='bbox 762 1520 823 1549; x_wconf 73' lang='lat'>145</span> <span class='ocrx_word' id='word_1_155' title='bbox 852 1530 907 1556; x_wconf 88' lang='lat' dir='ltr'>per</span> 
     </span>
     <span class='ocr_line' id='line_1_31' title="bbox 104 1567 905 1602; baseline -0.001 -5"><span class='ocrx_word' id='word_1_156' title='bbox 104 1575 140 1597; x_wconf 83' lang='lat' dir='ltr'>se</span> <span class='ocrx_word' id='word_1_157' title='bbox 163 1567 246 1597; x_wconf 81' lang='lat' dir='ltr'>salis</span> <span class='ocrx_word' id='word_1_158' title='bbox 272 1568 378 1596; x_wconf 85' lang='lat' dir='ltr'>exiles</span> <span class='ocrx_word' id='word_1_159' title='bbox 399 1576 462 1596; x_wconf 87' lang='grc'>11011</span> <span class='ocrx_word' id='word_1_160' title='bbox 486 1572 535 1596; x_wconf 87' lang='lat' dir='ltr'>est</span> <span class='ocrx_word' id='word_1_161' title='bbox 558 1569 641 1602; x_wconf 79' lang='lat' dir='ltr'>quod</span> <span class='ocrx_word' id='word_1_162' title='bbox 666 1575 824 1596; x_wconf 89' lang='lat' dir='ltr'>moneam.</span> <span class='ocrx_word' id='word_1_163' title='bbox 860 1569 905 1596; x_wconf 84' lang='lat' dir='ltr'>Eo</span> 
     </span>
     <span class='ocr_line' id='line_1_32' title="bbox 104 1613 907 1650; baseline 0 -8"><span class='ocrx_word' id='word_1_164' title='bbox 104 1617 173 1642; x_wconf 84' lang='lat' dir='ltr'>erat</span> <span class='ocrx_word' id='word_1_165' title='bbox 206 1621 258 1642; x_wconf 89' lang='lat' dir='ltr'>res</span> <span class='ocrx_word' id='word_1_166' title='bbox 287 1615 441 1648; x_wconf 84' lang='lat' dir='ltr'>perducta</span> <span class='ocrx_word' id='word_1_167' title='bbox 467 1614 487 1642; x_wconf 88' lang='lat' dir='ltr'>i.</span> <span class='ocrx_word' id='word_1_168' title='bbox 526 1622 553 1642; x_wconf 89' lang='lat' dir='ltr'>e.</span> <span class='ocrx_word' id='word_1_169' title='bbox 600 1615 740 1642; x_wconf 86' lang='lat' dir='ltr'>nondum</span> <span class='ocrx_word' id='word_1_170' title='bbox 787 1613 907 1650; x_wconf 81' lang='lat' dir='ltr'>(igitur</span> 
     </span>
     <span class='ocr_line' id='line_1_33' title="bbox 103 1659 906 1695; baseline 0.001 -7"><span class='ocrx_word' id='word_1_171' title='bbox 103 1664 177 1695; x_wconf 89' lang='lat' dir='ltr'>post</span> <span class='ocrx_word' id='word_1_172' title='bbox 207 1667 304 1689; x_wconf 87' lang='lat' dir='ltr'>curas</span> <span class='ocrx_word' id='word_1_173' title='bbox 337 1659 528 1695; x_wconf 79' lang='lat' dir='ltr'>repetitasl]</span> <span class='ocrx_word' id='word_1_174' title='bbox 568 1664 659 1688; x_wconf 88' lang='lat' dir='ltr'>erant</span> <span class='ocrx_word' id='word_1_175' title='bbox 691 1660 802 1688; x_wconf 88' lang='lat' dir='ltr'>omnia</span> <span class='ocrx_word' id='word_1_176' title='bbox 833 1668 906 1695; x_wconf 90' lang='grc'>001-</span> 
     </span>
     <span class='ocr_line' id='line_1_34' title="bbox 104 1706 906 1743; baseline 0 -9"><span class='ocrx_word' id='word_1_177' title='bbox 104 1706 205 1741; x_wconf 88' lang='grc'>001110</span> <span class='ocrx_word' id='word_1_178' title='bbox 230 1709 260 1734; x_wconf 84' lang='lat' dir='ltr'>et</span> <span class='ocrx_word' id='word_1_179' title='bbox 285 1706 365 1743; x_wconf 84' lang='lat' dir='ltr'>fixa,</span> <span class='ocrx_word' id='word_1_180' title='bbox 389 1714 487 1740; x_wconf 84' lang='lat' dir='ltr'>quum</span> <span class='ocrx_word' id='word_1_181' title='bbox 515 1706 572 1734; x_wconf 87' lang='lat' dir='ltr'>fati</span> <span class='ocrx_word' id='word_1_182' title='bbox 597 1706 768 1740; x_wconf 80' lang='lat' dir='ltr'>iniquitate</span> <span class='ocrx_word' id='word_1_183' title='bbox 794 1710 906 1740; x_wconf 84' lang='lat' dir='ltr'>poetae</span> 
     </span>
     <span class='ocr_line' id='line_1_35' title="bbox 104 1751 906 1788; baseline 0 -8"><span class='ocrx_word' id='word_1_184' title='bbox 104 1752 176 1780; x_wconf 83' lang='lat' dir='ltr'>vita</span> <span class='ocrx_word' id='word_1_185' title='bbox 208 1751 289 1788; x_wconf 81' lang='lat' dir='ltr'>fugit</span> <span class='ocrx_word' id='word_1_186' title='bbox 331 1754 390 1779; x_wconf 89' lang='lat' dir='ltr'>sub</span> <span class='ocrx_word' id='word_1_187' title='bbox 428 1751 593 1780; x_wconf 76' lang='lat' dir='ltr'>umbras.“</span> <span class='ocrx_word' id='word_1_188' title='bbox 648 1754 805 1787; x_wconf 82' lang='lat' dir='ltr'>Magnum</span> <span class='ocrx_word' id='word_1_189' title='bbox 846 1754 906 1781; x_wconf 90' lang='lat' dir='ltr'>hoc</span> 
     </span>
     <span class='ocr_line' id='line_1_36' title="bbox 104 1798 904 1832; baseline -0.001 -6"><span class='ocrx_word' id='word_1_190' title='bbox 104 1798 233 1832; x_wconf 83' lang='lat' dir='ltr'>quidem</span> <span class='ocrx_word' id='word_1_191' title='bbox 246 1802 293 1826; x_wconf 86' lang='lat' dir='ltr'>est</span> <span class='ocrx_word' id='word_1_192' title='bbox 308 1798 458 1826; x_wconf 80' lang='lat' dir='ltr'>divinare</span> <span class='ocrx_word' id='word_1_193' title='bbox 472 1799 556 1832; x_wconf 85' lang='lat' dir='ltr'>quod</span> <span class='ocrx_word' id='word_1_194' title='bbox 569 1798 657 1826; x_wconf 83' lang='lat' dir='ltr'>alius</span> <span class='ocrx_word' id='word_1_195' title='bbox 671 1800 763 1826; x_wconf 87' lang='lat' dir='ltr'>homo</span> <span class='ocrx_word' id='word_1_196' title='bbox 779 1798 904 1831; x_wconf 85' lang='lat' dir='ltr'>nequit!</span> 
     </span>
     <span class='ocr_line' id='line_1_37' title="bbox 106 1840 906 1882; baseline 0 -11"><span class='ocrx_word' id='word_1_197' title='bbox 106 1857 146 1862; x_wconf 93' lang='lat'><strong>—</strong></span> <span class='ocrx_word' id='word_1_198' title='bbox 170 1840 337 1882; x_wconf 75' lang='lat' dir='ltr'>Olympus</span> <span class='ocrx_word' id='word_1_199' title='bbox 358 1847 407 1871; x_wconf 87' lang='lat' dir='ltr'>est</span> <span class='ocrx_word' id='word_1_200' title='bbox 434 1841 665 1882; x_wconf 73' lang='lat' dir='ltr'>omnipotens,</span> <span class='ocrx_word' id='word_1_201' title='bbox 693 1845 774 1877; x_wconf 84' lang='lat' dir='ltr'>quod</span> <span class='ocrx_word' id='word_1_202' title='bbox 794 1843 849 1879; x_wconf 65' lang='grc'>(1111</span> <span class='ocrx_word' id='word_1_203' title='bbox 872 1844 906 1871; x_wconf 88' lang='grc'>111</span> 
     </span>
     <span class='ocr_line' id='line_1_38' title="bbox 105 1889 906 1923; baseline 0 -6"><span class='ocrx_word' id='word_1_204' title='bbox 105 1895 144 1917; x_wconf 89' lang='grc'>00</span> <span class='ocrx_word' id='word_1_205' title='bbox 183 1890 259 1917; x_wconf 90' lang='lat' dir='ltr'>sede</span> <span class='ocrx_word' id='word_1_206' title='bbox 298 1889 401 1923; x_wconf 84' lang='lat' dir='ltr'>sedet,</span> <span class='ocrx_word' id='word_1_207' title='bbox 439 1889 511 1917; x_wconf 81' lang='lat' dir='ltr'>sive</span> <span class='ocrx_word' id='word_1_208' title='bbox 545 1891 706 1917; x_wconf 87' lang='lat' dir='ltr'>Saturnus</span> <span class='ocrx_word' id='word_1_209' title='bbox 747 1893 794 1918; x_wconf 88' lang='lat' dir='ltr'>est</span> <span class='ocrx_word' id='word_1_210' title='bbox 833 1889 906 1918; x_wconf 78' lang='lat' dir='ltr'>sive</span> 
     </span>
     <span class='ocr_line' id='line_1_39' title="bbox 104 1932 906 1971; baseline 0.001 -9"><span class='ocrx_word' id='word_1_211' title='bbox 104 1934 264 1970; x_wconf 87' lang='lat' dir='ltr'>Iuppiter,</span> <span class='ocrx_word' id='word_1_212' title='bbox 290 1934 320 1962; x_wconf 81' lang='lat' dir='ltr'>fit</span> <span class='ocrx_word' id='word_1_213' title='bbox 353 1935 555 1969; x_wconf 84' lang='lat' dir='ltr'>omnipotens</span> <span class='ocrx_word' id='word_1_214' title='bbox 594 1935 633 1964; x_wconf 80' lang='lat' dir='ltr'>cf.</span> <span class='ocrx_word' id='word_1_215' title='bbox 677 1933 734 1971; x_wconf 91' lang='grc'>12,</span> <span class='ocrx_word' id='word_1_216' title='bbox 777 1932 840 1962; x_wconf 80' lang='grc'>791</span> <span class='ocrx_word' id='word_1_217' title='bbox 876 1940 906 1963; x_wconf 90' lang='lat' dir='ltr'>et</span> 
     </span>
     <span class='ocr_line' id='line_1_40' title="bbox 104 1973 906 2022; baseline 0 -14"><span class='ocrx_word' id='word_1_218' title='bbox 104 1981 225 2009; x_wconf 87' lang='lat' dir='ltr'>Aesch.</span> <span class='ocrx_word' id='word_1_219' title='bbox 266 1981 370 2009; x_wconf 89' lang='lat' dir='ltr'>Prom.</span> <span class='ocrx_word' id='word_1_220' title='bbox 410 1978 473 2008; x_wconf 78' lang='lat'>397</span> <span class='ocrx_word' id='word_1_221' title='bbox 516 1976 566 2022; x_wconf 84' lang='grc' dir='ltr'>τῷ</span> <span class='ocrx_word' id='word_1_222' title='bbox 606 1973 689 2009; x_wconf 80' lang='grc' dir='ltr'>νέον</span> <span class='ocrx_word' id='word_1_223' title='bbox 723 1977 906 2009; x_wconf 79' lang='grc' dir='ltr'><em>θακοῦντι</em></span> 
     </span>
     <span class='ocr_line' id='line_1_41' title="bbox 103 2019 906 2064; baseline 0.001 -11"><span class='ocrx_word' id='word_1_224' title='bbox 103 2024 325 2064; x_wconf 78' lang='grc' dir='ltr'><em>παγκρατεῖς</em></span> <span class='ocrx_word' id='word_1_225' title='bbox 364 2019 484 2063; x_wconf 77' lang='grc' dir='ltr'>ἕδρας.</span> <span class='ocrx_word' id='word_1_226' title='bbox 552 2027 607 2055; x_wconf 91' lang='lat' dir='ltr'>Sic</span> <span class='ocrx_word' id='word_1_227' title='bbox 653 2026 708 2061; x_wconf 89' lang='lat' dir='ltr'>qui</span> <span class='ocrx_word' id='word_1_228' title='bbox 754 2027 787 2054; x_wconf 90' lang='lat' dir='ltr'>in</span> <span class='ocrx_word' id='word_1_229' title='bbox 830 2027 906 2055; x_wconf 87' lang='lat' dir='ltr'>sede</span> 
     </span>
     <span class='ocr_line' id='line_1_42' title="bbox 103 2072 905 2107; baseline 0.002 -8"><span class='ocrx_word' id='word_1_230' title='bbox 103 2072 195 2107; x_wconf 87' lang='lat' dir='ltr'>regia</span> <span class='ocrx_word' id='word_1_231' title='bbox 226 2075 285 2107; x_wconf 82' lang='lat' dir='ltr'>est,</span> <span class='ocrx_word' id='word_1_232' title='bbox 317 2076 365 2100; x_wconf 88' lang='lat' dir='ltr'>est</span> <span class='ocrx_word' id='word_1_233' title='bbox 394 2080 463 2100; x_wconf 80' lang='lat' dir='ltr'>rex.</span> <span class='ocrx_word' id='word_1_234' title='bbox 512 2074 626 2107; x_wconf 84' lang='lat' dir='ltr'>Itaque</span> <span class='ocrx_word' id='word_1_235' title='bbox 660 2080 740 2107; x_wconf 88' lang='lat' dir='ltr'>opus</span> <span class='ocrx_word' id='word_1_236' title='bbox 768 2080 830 2100; x_wconf 88' lang='lat' dir='ltr'>non</span> <span class='ocrx_word' id='word_1_237' title='bbox 855 2077 905 2101; x_wconf 80' lang='lat' dir='ltr'>est</span> 
     </span>
     <span class='ocr_line' id='line_1_43' title="bbox 102 2115 905 2157; baseline 0.001 -11"><span class='ocrx_word' id='word_1_238' title='bbox 102 2117 297 2146; x_wconf 85' lang='lat' dir='ltr'>coniecturis</span> <span class='ocrx_word' id='word_1_239' title='bbox 321 2115 571 2156; x_wconf 75' lang='lat' dir='ltr'>omnipotentis</span> <span class='ocrx_word' id='word_1_240' title='bbox 587 2123 617 2147; x_wconf 89' lang='lat' dir='ltr'>et</span> <span class='ocrx_word' id='word_1_241' title='bbox 630 2115 905 2157; x_wconf 79' lang='lat' dir='ltr'>omniparentis!</span> 
     </span>
     <span class='ocr_line' id='line_1_44' title="bbox 103 2163 903 2201; baseline 0.001 -9"><span class='ocrx_word' id='word_1_242' title='bbox 103 2165 216 2198; x_wconf 83' lang='lat' dir='ltr'>Itaque</span> <span class='ocrx_word' id='word_1_243' title='bbox 240 2163 360 2192; x_wconf 75' lang='lat' dir='ltr'>sitatis</span> <span class='ocrx_word' id='word_1_244' title='bbox 383 2164 526 2198; x_wconf 84' lang='lat' dir='ltr'>aperitur</span> <span class='ocrx_word' id='word_1_245' title='bbox 544 2165 714 2201; x_wconf 79' lang='lat' dir='ltr'>Olympus,</span> <span class='ocrx_word' id='word_1_246' title='bbox 740 2165 769 2192; x_wconf 89' lang='lat' dir='ltr'>si</span> <span class='ocrx_word' id='word_1_247' title='bbox 793 2165 903 2193; x_wconf 87' lang='lat' dir='ltr'>statim</span> 
     </span>
     <span class='ocr_line' id='line_1_45' title="bbox 103 2209 902 2247; baseline 0.003 -10"><span class='ocrx_word' id='word_1_248' title='bbox 103 2209 247 2244; x_wconf 83' lang='lat' dir='ltr'>Iuppiter</span> <span class='ocrx_word' id='word_1_249' title='bbox 268 2210 441 2239; x_wconf 87' lang='lat' dir='ltr'>concilium</span> <span class='ocrx_word' id='word_1_250' title='bbox 459 2214 627 2247; x_wconf 77' lang='lat' dir='ltr'>convocat,</span> <span class='ocrx_word' id='word_1_251' title='bbox 654 2219 718 2239; x_wconf 92' lang='lat' dir='ltr'>non</span> <span class='ocrx_word' id='word_1_252' title='bbox 732 2210 798 2239; x_wconf 88' lang='lat' dir='ltr'>diei</span> <span class='ocrx_word' id='word_1_253' title='bbox 813 2215 902 2239; x_wconf 86' lang='lat' dir='ltr'>ortus</span> 
     </span>
     <span class='ocr_line' id='line_1_46' title="bbox 104 2255 901 2293; baseline 0.003 -10"><span class='ocrx_word' id='word_1_254' title='bbox 104 2255 161 2284; x_wconf 88' lang='lat' dir='ltr'>sed</span> <span class='ocrx_word' id='word_1_255' title='bbox 181 2255 269 2284; x_wconf 88' lang='lat' dir='ltr'>sedis</span> <span class='ocrx_word' id='word_1_256' title='bbox 292 2256 433 2284; x_wconf 82' lang='lat' dir='ltr'>reclusio</span> <span class='ocrx_word' id='word_1_257' title='bbox 457 2256 676 2293; x_wconf 83' lang='lat' dir='ltr'>significatur,</span> <span class='ocrx_word' id='word_1_258' title='bbox 705 2264 901 2291; x_wconf 88' lang='lat' dir='ltr'>quamquam</span> 
     </span>
     <span class='ocr_line' id='line_1_47' title="bbox 104 2299 901 2342; baseline 0.004 -13"><span class='ocrx_word' id='word_1_259' title='bbox 104 2300 136 2329; x_wconf 92' lang='lat' dir='ltr'>id</span> <span class='ocrx_word' id='word_1_260' title='bbox 168 2301 199 2329; x_wconf 83' lang='lat' dir='ltr'>fit</span> <span class='ocrx_word' id='word_1_261' title='bbox 228 2301 329 2335; x_wconf 90' lang='lat' dir='ltr'>primo</span> <span class='ocrx_word' id='word_1_262' title='bbox 360 2309 465 2331; x_wconf 88' lang='lat' dir='ltr'>mane.</span> <span class='ocrx_word' id='word_1_263' title='bbox 534 2299 584 2331; x_wconf 90' lang='lat' dir='ltr'>Pl.</span> <span class='ocrx_word' id='word_1_264' title='bbox 632 2303 715 2332; x_wconf 86' lang='lat' dir='ltr'>coni.</span> <span class='ocrx_word' id='word_1_265' title='bbox 755 2299 901 2342; x_wconf 78' lang='lat' dir='ltr'>Olympo</span> 
     </span>
     <span class='ocr_line' id='line_1_48' title="bbox 104 2346 901 2384; baseline 0.003 -9"><span class='ocrx_word' id='word_1_266' title='bbox 104 2347 327 2382; x_wconf 85' lang='lat' dir='ltr'>exemplisque</span> <span class='ocrx_word' id='word_1_267' title='bbox 349 2346 399 2383; x_wconf 70' lang='lat' dir='ltr'>O]</span> <span class='ocrx_word' id='word_1_268' title='bbox 430 2350 544 2383; x_wconf 83' lang='lat' dir='ltr'>probat</span> <span class='ocrx_word' id='word_1_269' title='bbox 574 2350 687 2378; x_wconf 80' lang='lat' dir='ltr'>Iovem</span> <span class='ocrx_word' id='word_1_270' title='bbox 714 2355 812 2384; x_wconf 86' lang='lat' dir='ltr'>posse</span> <span class='ocrx_word' id='word_1_271' title='bbox 838 2349 901 2379; x_wconf 87' lang='lat' dir='ltr'>dici</span> 
     </span>
     <span class='ocr_line' id='line_1_49' title="bbox 105 2393 362 2427; baseline 0.004 -6"><span class='ocrx_word' id='word_1_272' title='bbox 105 2393 362 2427; x_wconf 83' lang='lat' dir='ltr'>omnipotentem.</span> 
     </span>
    </p>

    <p class='ocr_par' dir='ltr' id='par_1_19' title="bbox 103 2436 903 2612">
     <span class='ocr_line' id='line_1_50' title="bbox 150 2436 903 2479; baseline 0.004 -13"><span class='ocrx_word' id='word_1_273' title='bbox 150 2438 181 2466; x_wconf 97' lang='lat'>5.</span> <span class='ocrx_word' id='word_1_274' title='bbox 212 2436 406 2468; x_wconf 71' lang='lat' dir='ltr'>Considunt</span> <span class='ocrx_word' id='word_1_275' title='bbox 432 2439 471 2469; x_wconf 89' lang='lat' dir='ltr'>cf.</span> <span class='ocrx_word' id='word_1_276' title='bbox 501 2436 576 2468; x_wconf 83' lang='lat'>301.</span> <span class='ocrx_word' id='word_1_277' title='bbox 615 2436 715 2468; x_wconf 81' lang='lat' dir='ltr'>tectis</span> <span class='ocrx_word' id='word_1_278' title='bbox 743 2438 903 2479; x_wconf 79' lang='lat' dir='ltr'>bipaten-</span> 
     </span>
     <span class='ocr_line' id='line_1_51' title="bbox 105 2481 900 2522; baseline 0.004 -9"><span class='ocrx_word' id='word_1_279' title='bbox 105 2481 215 2518; x_wconf 76' lang='lat' dir='ltr'>tibus,</span> <span class='ocrx_word' id='word_1_280' title='bbox 238 2484 272 2512; x_wconf 89' lang='lat' dir='ltr'>in</span> <span class='ocrx_word' id='word_1_281' title='bbox 300 2484 418 2519; x_wconf 84' lang='lat' dir='ltr'>quibus</span> <span class='ocrx_word' id='word_1_282' title='bbox 442 2486 590 2522; x_wconf 84' lang='lat' dir='ltr'>geminae</span> <span class='ocrx_word' id='word_1_283' title='bbox 622 2487 744 2515; x_wconf 86' lang='lat' dir='ltr'>valvae</span> <span class='ocrx_word' id='word_1_284' title='bbox 765 2491 840 2515; x_wconf 87' lang='lat' dir='ltr'>sunt</span> <span class='ocrx_word' id='word_1_285' title='bbox 861 2487 900 2516; x_wconf 78' lang='lat' dir='ltr'>cf.</span> 
     </span>
     <span class='ocr_line' id='line_1_52' title="bbox 105 2527 900 2568; baseline 0.005 -10"><span class='ocrx_word' id='word_1_286' title='bbox 105 2528 136 2567; x_wconf 87' lang='grc'>2,</span> <span class='ocrx_word' id='word_1_287' title='bbox 161 2527 236 2558; x_wconf 87' lang='grc'>330.</span> <span class='ocrx_word' id='word_1_288' title='bbox 290 2531 341 2559; x_wconf 82' lang='lat' dir='ltr'>Ita</span> <span class='ocrx_word' id='word_1_289' title='bbox 373 2531 460 2560; x_wconf 88' lang='lat' dir='ltr'>Solis</span> <span class='ocrx_word' id='word_1_290' title='bbox 496 2532 588 2568; x_wconf 88' lang='lat' dir='ltr'>regia</span> <span class='ocrx_word' id='word_1_291' title='bbox 618 2532 813 2561; x_wconf 80' lang='lat' dir='ltr'>describitur</span> <span class='ocrx_word' id='word_1_292' title='bbox 841 2534 900 2562; x_wconf 89' lang='lat' dir='ltr'>Ov.</span> 
     </span>
     <span class='ocr_line' id='line_1_53' title="bbox 103 2572 286 2612; baseline -0.011 -7"><span class='ocrx_word' id='word_1_293' title='bbox 103 2579 178 2605; x_wconf 86' lang='lat' dir='ltr'>Met.</span> <span class='ocrx_word' id='word_1_294' title='bbox 199 2574 230 2612; x_wconf 89' lang='grc'>2,</span> <span class='ocrx_word' id='word_1_295' title='bbox 256 2572 286 2603; x_wconf 81' lang='grc'>4.</span> 
     </span>
    </p>

    <p class='ocr_par' dir='ltr' id='par_1_20' title="bbox 151 2618 580 2661">
     <span class='ocr_line' id='line_1_54' title="bbox 151 2618 580 2661; baseline 0.005 -12"><span class='ocrx_word' id='word_1_296' title='bbox 151 2620 180 2651; x_wconf 92' lang='grc'>6.</span> <span class='ocrx_word' id='word_1_297' title='bbox 208 2618 377 2661; x_wconf 81' lang='lat' dir='ltr'>quianam</span> <span class='ocrx_word' id='word_1_298' title='bbox 403 2622 443 2651; x_wconf 83' lang='lat' dir='ltr'>cf.</span> <span class='ocrx_word' id='word_1_299' title='bbox 469 2621 500 2660; x_wconf 82' lang='lat'>5,</span> <span class='ocrx_word' id='word_1_300' title='bbox 529 2620 580 2651; x_wconf 83' lang='lat'>13.</span> 
     </span>
    </p>

    <p class='ocr_par' dir='ltr' id='par_1_21' title="bbox 102 2665 903 3021">
     <span class='ocr_line' id='line_1_55' title="bbox 150 2665 903 2700; baseline 0.007 -5"><span class='ocrx_word' id='word_1_301' title='bbox 150 2665 181 2697; x_wconf 80' lang='lat'>7.</span> <span class='ocrx_word' id='word_1_302' title='bbox 208 2674 308 2696; x_wconf 86' lang='lat' dir='ltr'>versa</span> <span class='ocrx_word' id='word_1_303' title='bbox 336 2669 444 2700; x_wconf 81' lang='lat' dir='ltr'>retro.</span> <span class='ocrx_word' id='word_1_304' title='bbox 477 2675 498 2697; x_wconf 85' lang='lat' dir='ltr'>a</span> <span class='ocrx_word' id='word_1_305' title='bbox 525 2676 598 2698; x_wconf 87' lang='lat' dir='ltr'>mea</span> <span class='ocrx_word' id='word_1_306' title='bbox 619 2670 789 2698; x_wconf 88' lang='lat' dir='ltr'>voluntate</span> <span class='ocrx_word' id='word_1_307' title='bbox 811 2678 903 2700; x_wconf 86' lang='lat' dir='ltr'>rece-</span> 
     </span>
     <span class='ocr_line' id='line_1_56' title="bbox 103 2715 903 2750; baseline 0.003 -7"><span class='ocrx_word' id='word_1_308' title='bbox 103 2715 200 2750; x_wconf 81' lang='lat' dir='ltr'>dens3</span> <span class='ocrx_word' id='word_1_309' title='bbox 237 2721 302 2742; x_wconf 89' lang='lat' dir='ltr'>non</span> <span class='ocrx_word' id='word_1_310' title='bbox 335 2718 384 2742; x_wconf 87' lang='lat' dir='ltr'>est</span> <span class='ocrx_word' id='word_1_311' title='bbox 416 2715 577 2750; x_wconf 81' lang='lat' dir='ltr'>mutata3</span> <span class='ocrx_word' id='word_1_312' title='bbox 606 2716 684 2743; x_wconf 86' lang='lat' dir='ltr'>deae</span> <span class='ocrx_word' id='word_1_313' title='bbox 710 2715 797 2744; x_wconf 86' lang='lat' dir='ltr'>enim</span> <span class='ocrx_word' id='word_1_314' title='bbox 822 2724 903 2745; x_wconf 90' lang='lat' dir='ltr'>eun-</span> 
     </span>
     <span class='ocr_line' id='line_1_57' title="bbox 103 2759 901 2790; baseline 0.001 -1"><span class='ocrx_word' id='word_1_315' title='bbox 103 2761 176 2789; x_wconf 90' lang='lat' dir='ltr'>dem</span> <span class='ocrx_word' id='word_1_316' title='bbox 214 2760 280 2788; x_wconf 89' lang='lat' dir='ltr'>iam</span> <span class='ocrx_word' id='word_1_317' title='bbox 316 2759 371 2788; x_wconf 86' lang='lat' dir='ltr'>diu</span> <span class='ocrx_word' id='word_1_318' title='bbox 410 2761 591 2788; x_wconf 85' lang='lat' dir='ltr'>habuerunt</span> <span class='ocrx_word' id='word_1_319' title='bbox 627 2760 782 2790; x_wconf 87' lang='lat' dir='ltr'>animum.</span> <span class='ocrx_word' id='word_1_320' title='bbox 836 2759 901 2790; x_wconf 86' lang='lat' dir='ltr'>Ld.</span> 
     </span>
     <span class='ocr_line' id='line_1_58' title="bbox 102 2804 900 2843; baseline 0 -8"><span class='ocrx_word' id='word_1_321' title='bbox 102 2809 206 2836; x_wconf 84' lang='lat' dir='ltr'>verba</span> <span class='ocrx_word' id='word_1_322' title='bbox 237 2805 333 2834; x_wconf 82' lang='lat' dir='ltr'>refert</span> <span class='ocrx_word' id='word_1_323' title='bbox 369 2806 411 2834; x_wconf 89' lang='lat' dir='ltr'>ad</span> <span class='ocrx_word' id='word_1_324' title='bbox 449 2813 562 2840; x_wconf 83' lang='lat' dir='ltr'>pacem</span> <span class='ocrx_word' id='word_1_325' title='bbox 595 2813 616 2834; x_wconf 85' lang='lat' dir='ltr'>a</span> <span class='ocrx_word' id='word_1_326' title='bbox 654 2807 775 2835; x_wconf 81' lang='lat' dir='ltr'>deabus</span> <span class='ocrx_word' id='word_1_327' title='bbox 802 2804 832 2843; x_wconf 80' lang='lat'>4,</span> <span class='ocrx_word' id='word_1_328' title='bbox 858 2805 900 2835; x_wconf 87' lang='grc'>99</span> 
     </span>
     <span class='ocr_line' id='line_1_59' title="bbox 104 2852 902 2888; baseline 0.001 -7"><span class='ocrx_word' id='word_1_329' title='bbox 104 2853 325 2888; x_wconf 82' lang='lat' dir='ltr'>compositam.</span> <span class='ocrx_word' id='word_1_330' title='bbox 374 2853 437 2880; x_wconf 91' lang='lat' dir='ltr'>Sed</span> <span class='ocrx_word' id='word_1_331' title='bbox 467 2859 506 2881; x_wconf 88' lang='lat' dir='ltr'>ea</span> <span class='ocrx_word' id='word_1_332' title='bbox 531 2852 717 2881; x_wconf 85' lang='lat' dir='ltr'>iamdudum</span> <span class='ocrx_word' id='word_1_333' title='bbox 741 2854 902 2882; x_wconf 87' lang='lat' dir='ltr'>dissoluta</span> 
     </span>
     <span class='ocr_line' id='line_1_60' title="bbox 104 2898 903 2933; baseline 0.001 -6"><span class='ocrx_word' id='word_1_334' title='bbox 104 2902 154 2927; x_wconf 89' lang='lat' dir='ltr'>est</span> <span class='ocrx_word' id='word_1_335' title='bbox 175 2899 309 2927; x_wconf 84' lang='lat' dir='ltr'>Aeneae</span> <span class='ocrx_word' id='word_1_336' title='bbox 334 2898 424 2927; x_wconf 89' lang='lat' dir='ltr'>abitu</span> <span class='ocrx_word' id='word_1_337' title='bbox 451 2902 481 2927; x_wconf 89' lang='lat' dir='ltr'>et</span> <span class='ocrx_word' id='word_1_338' title='bbox 507 2898 644 2927; x_wconf 82' lang='lat' dir='ltr'>Didonis</span> <span class='ocrx_word' id='word_1_339' title='bbox 663 2903 773 2928; x_wconf 90' lang='lat' dir='ltr'>morte.</span> <span class='ocrx_word' id='word_1_340' title='bbox 812 2899 903 2933; x_wconf 82' lang='lat' dir='ltr'>Quod</span> 
     </span>
     <span class='ocr_line' id='line_1_61' title="bbox 104 2944 901 2982; baseline 0.001 -9"><span class='ocrx_word' id='word_1_341' title='bbox 104 2946 136 2973; x_wconf 83' lang='lat' dir='ltr'>h.</span> <span class='ocrx_word' id='word_1_342' title='bbox 163 2946 185 2973; x_wconf 92' lang='lat' dir='ltr'>l.</span> <span class='ocrx_word' id='word_1_343' title='bbox 215 2944 359 2980; x_wconf 86' lang='lat' dir='ltr'>Iuppiter</span> <span class='ocrx_word' id='word_1_344' title='bbox 402 2948 567 2982; x_wconf 86' lang='lat' dir='ltr'>memorat,</span> <span class='ocrx_word' id='word_1_345' title='bbox 607 2947 704 2973; x_wconf 89' lang='lat' dir='ltr'>antea</span> <span class='ocrx_word' id='word_1_346' title='bbox 733 2948 901 2974; x_wconf 85' lang='lat' dir='ltr'>narratum</span> 
     </span>
     <span class='ocr_line' id='line_1_62' title="bbox 104 2987 901 3021; baseline 0.001 -2"><span class='ocrx_word' id='word_1_347' title='bbox 104 2997 168 3019; x_wconf 90' lang='lat' dir='ltr'>non</span> <span class='ocrx_word' id='word_1_348' title='bbox 187 2994 247 3020; x_wconf 87' lang='lat' dir='ltr'>est.</span> <span class='ocrx_word' id='word_1_349' title='bbox 283 2987 334 3020; x_wconf 89' lang='lat' dir='ltr'>Pl.</span> <span class='ocrx_word' id='word_1_350' title='bbox 349 2990 434 3020; x_wconf 87' lang='lat' dir='ltr'>coni.</span> <span class='ocrx_word' id='word_1_351' title='bbox 450 2992 633 3021; x_wconf 81' lang='lat' dir='ltr'>tantumne</span> <span class='ocrx_word' id='word_1_352' title='bbox 650 3010 659 3019; x_wconf 90' lang='lat'>.</span> <span class='ocrx_word' id='word_1_353' title='bbox 677 3012 685 3019; x_wconf 94' lang='lat'>.</span> <span class='ocrx_word' id='word_1_354' title='bbox 705 3011 713 3019; x_wconf 89' lang='lat'>.</span> <span class='ocrx_word' id='word_1_355' title='bbox 734 2991 901 3020; x_wconf 82' lang='lat' dir='ltr'>certatur.</span> 
     </span>
    </p>
   </div>
   <div class='ocr_carea' id='block_1_16' title="bbox 829 1172 1753 1227">
    <p class='ocr_par' dir='ltr' id='par_1_22' title="bbox 829 1172 1753 1227">
     <span class='ocr_line' id='line_1_63' title="bbox 829 1172 1753 1227; baseline 0.008 -14"><span class='ocrx_word' id='word_1_356' title='bbox 829 1172 1083 1227; x_wconf 87' lang='lat' dir='ltr'>Turnusque</span> <span class='ocrx_word' id='word_1_357' title='bbox 1122 1173 1289 1215; x_wconf 85' lang='lat' dir='ltr'>feratur</span> <span class='ocrx_word' id='word_1_358' title='bbox 1700 1181 1753 1220; x_wconf 87' lang='lat'>20</span> 
     </span>
    </p>
   </div>
   <div class='ocr_carea' id='block_1_17' title="bbox 949 1290 1756 2158">
    <p class='ocr_par' dir='ltr' id='par_1_23' title="bbox 952 1290 1756 1611">
     <span class='ocr_line' id='line_1_64' title="bbox 997 1290 1752 1327; baseline 0.009 -7"><span class='ocrx_word' id='word_1_359' title='bbox 997 1290 1027 1320; x_wconf 78' lang='lat'>8.</span> <span class='ocrx_word' id='word_1_360' title='bbox 1058 1290 1277 1327; x_wconf 81' lang='lat' dir='ltr'>Abnueram,</span> <span class='ocrx_word' id='word_1_361' title='bbox 1314 1295 1483 1323; x_wconf 85' lang='lat' dir='ltr'>nolueram</span> <span class='ocrx_word' id='word_1_362' title='bbox 1515 1304 1589 1325; x_wconf 88' lang='lat' dir='ltr'>esse</span> <span class='ocrx_word' id='word_1_363' title='bbox 1621 1299 1752 1327; x_wconf 89' lang='lat' dir='ltr'>bellum.</span> 
     </span>
     <span class='ocr_line' id='line_1_65' title="bbox 952 1339 1755 1374; baseline 0.01 -9"><span class='ocrx_word' id='word_1_364' title='bbox 952 1339 988 1366; x_wconf 89' lang='lat' dir='ltr'>Id</span> <span class='ocrx_word' id='word_1_365' title='bbox 1009 1342 1112 1372; x_wconf 81' lang='lat' dir='ltr'>potest</span> <span class='ocrx_word' id='word_1_366' title='bbox 1139 1339 1244 1367; x_wconf 87' lang='lat' dir='ltr'>dicere</span> <span class='ocrx_word' id='word_1_367' title='bbox 1262 1340 1406 1374; x_wconf 84' lang='lat' dir='ltr'>Iuppiter</span> <span class='ocrx_word' id='word_1_368' title='bbox 1431 1345 1459 1368; x_wconf 88' lang='grc'>01</span> <span class='ocrx_word' id='word_1_369' title='bbox 1487 1342 1562 1370; x_wconf 89' lang='lat' dir='ltr'>deos</span> <span class='ocrx_word' id='word_1_370' title='bbox 1582 1344 1619 1371; x_wconf 87' lang='lat' dir='ltr'>de</span> <span class='ocrx_word' id='word_1_371' title='bbox 1643 1352 1755 1374; x_wconf 87' lang='grc'>00111111</span> 
     </span>
     <span class='ocr_line' id='line_1_66' title="bbox 952 1385 1754 1423; baseline 0.01 -12"><span class='ocrx_word' id='word_1_372' title='bbox 952 1392 1106 1418; x_wconf 82' lang='lat' dir='ltr'>perverso</span> <span class='ocrx_word' id='word_1_373' title='bbox 1141 1385 1279 1413; x_wconf 88' lang='lat' dir='ltr'>consilio</span> <span class='ocrx_word' id='word_1_374' title='bbox 1309 1385 1492 1423; x_wconf 82' lang='lat' dir='ltr'>increpare,</span> <span class='ocrx_word' id='word_1_375' title='bbox 1525 1389 1585 1416; x_wconf 87' lang='lat' dir='ltr'>etsi</span> <span class='ocrx_word' id='word_1_376' title='bbox 1607 1389 1673 1418; x_wconf 86' lang='lat' dir='ltr'>iam</span> <span class='ocrx_word' id='word_1_377' title='bbox 1700 1391 1754 1419; x_wconf 87' lang='lat' dir='ltr'>diu</span> 
     </span>
     <span class='ocr_line' id='line_1_67' title="bbox 952 1430 1755 1465; baseline 0.009 -7"><span class='ocrx_word' id='word_1_378' title='bbox 952 1430 1158 1464; x_wconf 79' lang='lat' dir='ltr'>praeviderat</span> <span class='ocrx_word' id='word_1_379' title='bbox 1188 1439 1229 1460; x_wconf 81' lang='lat' dir='ltr'>ex</span> <span class='ocrx_word' id='word_1_380' title='bbox 1254 1439 1290 1459; x_wconf 92' lang='lat' dir='ltr'>eo</span> <span class='ocrx_word' id='word_1_381' title='bbox 1312 1432 1442 1460; x_wconf 90' lang='lat' dir='ltr'>deorum</span> <span class='ocrx_word' id='word_1_382' title='bbox 1467 1434 1607 1463; x_wconf 89' lang='lat' dir='ltr'>consilio</span> <span class='ocrx_word' id='word_1_383' title='bbox 1632 1437 1755 1465; x_wconf 86' lang='lat' dir='ltr'>bellum</span> 
     </span>
     <span class='ocr_line' id='line_1_68' title="bbox 952 1476 1755 1516; baseline 0.01 -13"><span class='ocrx_word' id='word_1_384' title='bbox 952 1476 985 1503; x_wconf 89' lang='lat' dir='ltr'>in</span> <span class='ocrx_word' id='word_1_385' title='bbox 1007 1477 1106 1504; x_wconf 86' lang='lat' dir='ltr'>Italia</span> <span class='ocrx_word' id='word_1_386' title='bbox 1140 1481 1266 1513; x_wconf 84' lang='lat' dir='ltr'>gestum</span> <span class='ocrx_word' id='word_1_387' title='bbox 1291 1478 1342 1506; x_wconf 88' lang='lat' dir='ltr'>iri.</span> <span class='ocrx_word' id='word_1_388' title='bbox 1392 1478 1430 1507; x_wconf 82' lang='lat' dir='ltr'>cf.</span> <span class='ocrx_word' id='word_1_389' title='bbox 1460 1476 1495 1513; x_wconf 89' lang='lat'>1,</span> <span class='ocrx_word' id='word_1_390' title='bbox 1522 1478 1598 1508; x_wconf 74' lang='lat'>263.</span> <span class='ocrx_word' id='word_1_391' title='bbox 1649 1483 1755 1516; x_wconf 80' lang='lat' dir='ltr'>Quare</span> 
     </span>
     <span class='ocr_line' id='line_1_69' title="bbox 952 1524 1756 1558; baseline 0.01 -8"><span class='ocrx_word' id='word_1_392' title='bbox 952 1525 1032 1551; x_wconf 87' lang='lat' dir='ltr'>haec</span> <span class='ocrx_word' id='word_1_393' title='bbox 1071 1525 1172 1551; x_wconf 84' lang='lat' dir='ltr'>verba</span> <span class='ocrx_word' id='word_1_394' title='bbox 1208 1524 1259 1551; x_wconf 93' lang='lat' dir='ltr'>illi</span> <span class='ocrx_word' id='word_1_395' title='bbox 1287 1524 1379 1552; x_wconf 82' lang='lat' dir='ltr'>Iovis</span> <span class='ocrx_word' id='word_1_396' title='bbox 1411 1526 1550 1554; x_wconf 88' lang='lat' dir='ltr'>orationi</span> <span class='ocrx_word' id='word_1_397' title='bbox 1582 1535 1648 1556; x_wconf 88' lang='lat' dir='ltr'>non</span> <span class='ocrx_word' id='word_1_398' title='bbox 1678 1533 1756 1558; x_wconf 82' lang='lat' dir='ltr'>sunt</span> 
     </span>
     <span class='ocr_line' id='line_1_70' title="bbox 952 1568 1530 1611; baseline 0.003 -13"><span class='ocrx_word' id='word_1_399' title='bbox 952 1569 1126 1602; x_wconf 85' lang='lat' dir='ltr'>contraria,</span> <span class='ocrx_word' id='word_1_400' title='bbox 1153 1571 1235 1604; x_wconf 86' lang='lat' dir='ltr'>quod</span> <span class='ocrx_word' id='word_1_401' title='bbox 1261 1570 1411 1604; x_wconf 87' lang='lat' dir='ltr'>opinatur</span> <span class='ocrx_word' id='word_1_402' title='bbox 1448 1568 1530 1611; x_wconf 75' lang='lat' dir='ltr'>Wg.</span> 
     </span>
    </p>

    <p class='ocr_par' dir='ltr' id='par_1_24' title="bbox 951 1614 1755 1742">
     <span class='ocr_line' id='line_1_71' title="bbox 999 1614 1755 1654; baseline 0.011 -12"><span class='ocrx_word' id='word_1_403' title='bbox 999 1614 1028 1643; x_wconf 83' lang='grc'>9.</span> <span class='ocrx_word' id='word_1_404' title='bbox 1056 1616 1146 1649; x_wconf 83' lang='lat' dir='ltr'>Quae</span> <span class='ocrx_word' id='word_1_405' title='bbox 1175 1623 1214 1644; x_wconf 90' lang='lat' dir='ltr'>ea</span> <span class='ocrx_word' id='word_1_406' title='bbox 1245 1619 1293 1644; x_wconf 86' lang='lat' dir='ltr'>est</span> <span class='ocrx_word' id='word_1_407' title='bbox 1325 1617 1504 1654; x_wconf 78' lang='lat' dir='ltr'>discordia,</span> <span class='ocrx_word' id='word_1_408' title='bbox 1536 1619 1639 1648; x_wconf 83' lang='lat' dir='ltr'>iussis</span> <span class='ocrx_word' id='word_1_409' title='bbox 1670 1621 1755 1650; x_wconf 85' lang='lat' dir='ltr'>meis</span> 
     </span>
     <span class='ocr_line' id='line_1_72' title="bbox 951 1661 1754 1702; baseline 0.009 -14"><span class='ocrx_word' id='word_1_410' title='bbox 951 1661 1064 1693; x_wconf 77' lang='lat' dir='ltr'>vetita,</span> <span class='ocrx_word' id='word_1_411' title='bbox 1088 1662 1163 1695; x_wconf 88' lang='lat' dir='ltr'>quid</span> <span class='ocrx_word' id='word_1_412' title='bbox 1181 1666 1240 1698; x_wconf 92' lang='lat' dir='ltr'>est,</span> <span class='ocrx_word' id='word_1_413' title='bbox 1264 1664 1345 1696; x_wconf 84' lang='lat' dir='ltr'>quod</span> <span class='ocrx_word' id='word_1_414' title='bbox 1362 1663 1504 1692; x_wconf 87' lang='lat' dir='ltr'>metuitis</span> <span class='ocrx_word' id='word_1_415' title='bbox 1522 1664 1598 1702; x_wconf 84' lang='lat' dir='ltr'>fore,</span> <span class='ocrx_word' id='word_1_416' title='bbox 1623 1670 1653 1694; x_wconf 87' lang='lat' dir='ltr'>et</span> <span class='ocrx_word' id='word_1_417' title='bbox 1671 1668 1754 1701; x_wconf 88' lang='lat' dir='ltr'>quod</span> 
     </span>
     <span class='ocr_line' id='line_1_73' title="bbox 951 1706 1552 1742; baseline 0.008 -8"><span class='ocrx_word' id='word_1_418' title='bbox 951 1706 1047 1735; x_wconf 81' lang='lat' dir='ltr'>benis</span> <span class='ocrx_word' id='word_1_419' title='bbox 1074 1707 1197 1741; x_wconf 87' lang='lat' dir='ltr'>putatis</span> <span class='ocrx_word' id='word_1_420' title='bbox 1222 1715 1283 1736; x_wconf 88' lang='lat' dir='ltr'>vos</span> <span class='ocrx_word' id='word_1_421' title='bbox 1308 1716 1404 1742; x_wconf 89' lang='lat' dir='ltr'>posse</span> <span class='ocrx_word' id='word_1_422' title='bbox 1430 1716 1552 1739; x_wconf 86' lang='lat' dir='ltr'>arcere.</span> 
     </span>
    </p>

    <p class='ocr_par' dir='ltr' id='par_1_25' title="bbox 951 1751 1749 1828">
     <span class='ocr_line' id='line_1_74' title="bbox 1000 1751 1749 1794; baseline 0.009 -15"><span class='ocrx_word' id='word_1_423' title='bbox 1000 1751 1051 1780; x_wconf 84' lang='lat'>10.</span> <span class='ocrx_word' id='word_1_424' title='bbox 1073 1751 1211 1789; x_wconf 85' lang='lat' dir='ltr'>ferrum</span> <span class='ocrx_word' id='word_1_425' title='bbox 1249 1751 1420 1783; x_wconf 72' lang='lat' dir='ltr'>lacessere</span> <span class='ocrx_word' id='word_1_426' title='bbox 1458 1755 1497 1784; x_wconf 89' lang='lat' dir='ltr'>cf.</span> <span class='ocrx_word' id='word_1_427' title='bbox 1539 1756 1577 1794; x_wconf 85' lang='lat'>5,</span> <span class='ocrx_word' id='word_1_428' title='bbox 1604 1754 1682 1786; x_wconf 81' lang='grc'>429.</span> <span class='ocrx_word' id='word_1_429' title='bbox 1710 1773 1749 1778; x_wconf 87' lang='lat'>——</span> 
     </span>
     <span class='ocr_line' id='line_1_75' title="bbox 951 1793 1391 1835; baseline 0.007 -10"><span class='ocrx_word' id='word_1_430' title='bbox 951 1793 1076 1825; x_wconf 67' lang='grc'>1103-</span> <span class='ocrx_word' id='word_1_431' title='bbox 1102 1795 1163 1827; x_wconf 82' lang='lat' dir='ltr'>hos</span> <span class='ocrx_word' id='word_1_432' title='bbox 1187 1799 1225 1828; x_wconf 86' lang='lat' dir='ltr'>cf.</span> <span class='ocrx_word' id='word_1_433' title='bbox 1254 1797 1284 1835; x_wconf 87' lang='grc'>9,</span> <span class='ocrx_word' id='word_1_434' title='bbox 1314 1798 1391 1828; x_wconf 84' lang='grc'>572.</span> 
     </span>
    </p>

    <p class='ocr_par' dir='ltr' id='par_1_26' title="bbox 1000 1841 1593 1881">
     <span class='ocr_line' id='line_1_76' title="bbox 1000 1841 1593 1881; baseline 0.008 -11"><span class='ocrx_word' id='word_1_435' title='bbox 1000 1841 1050 1872; x_wconf 90' lang='grc'>12.</span> <span class='ocrx_word' id='word_1_436' title='bbox 1078 1841 1160 1872; x_wconf 88' lang='lat' dir='ltr'>olim</span> <span class='ocrx_word' id='word_1_437' title='bbox 1188 1846 1226 1874; x_wconf 88' lang='lat' dir='ltr'>de</span> <span class='ocrx_word' id='word_1_438' title='bbox 1253 1845 1361 1874; x_wconf 88' lang='lat' dir='ltr'>futuro</span> <span class='ocrx_word' id='word_1_439' title='bbox 1388 1846 1426 1875; x_wconf 84' lang='lat' dir='ltr'>cf.</span> <span class='ocrx_word' id='word_1_440' title='bbox 1458 1843 1487 1881; x_wconf 87' lang='lat'>1,</span> <span class='ocrx_word' id='word_1_441' title='bbox 1517 1844 1593 1876; x_wconf 91' lang='grc'>203.</span> 
     </span>
    </p>

    <p class='ocr_par' dir='ltr' id='par_1_27' title="bbox 949 1887 1754 2158">
     <span class='ocr_line' id='line_1_77' title="bbox 999 1887 1754 1931; baseline 0.009 -14"><span class='ocrx_word' id='word_1_442' title='bbox 999 1887 1050 1917; x_wconf 91' lang='grc'>13.</span> <span class='ocrx_word' id='word_1_443' title='bbox 1078 1888 1186 1929; x_wconf 80' lang='lat' dir='ltr'>Alpes</span> <span class='ocrx_word' id='word_1_444' title='bbox 1211 1894 1354 1931; x_wconf 81' lang='lat' dir='ltr'>apertas</span> <span class='ocrx_word' id='word_1_445' title='bbox 1379 1892 1537 1927; x_wconf 83' lang='lat' dir='ltr'>immittit,</span> <span class='ocrx_word' id='word_1_446' title='bbox 1568 1901 1667 1928; x_wconf 86' lang='lat' dir='ltr'>quum</span> <span class='ocrx_word' id='word_1_447' title='bbox 1695 1903 1754 1930; x_wconf 87' lang='lat' dir='ltr'>per</span> 
     </span>
     <span class='ocr_line' id='line_1_78' title="bbox 950 1935 1752 1976; baseline 0.01 -14.091"><span class='ocrx_word' id='word_1_448' title='bbox 950 1935 1054 1969; x_wconf 84' lang='lat' dir='ltr'>Alpes</span> <span class='ocrx_word' id='word_1_449' title='bbox 1091 1941 1237 1974; x_wconf 85' lang='lat' dir='ltr'>apertas,</span> <span class='ocrx_word' id='word_1_450' title='bbox 1279 1945 1361 1973; x_wconf 86' lang='lat' dir='ltr'>quae</span> <span class='ocrx_word' id='word_1_451' title='bbox 1386 1943 1482 1967; x_wconf 87' lang='lat' dir='ltr'>antea</span> <span class='ocrx_word' id='word_1_452' title='bbox 1520 1941 1656 1969; x_wconf 87' lang='lat' dir='ltr'>clausae</span> <span class='ocrx_word' id='word_1_453' title='bbox 1694 1949 1752 1976; x_wconf 87' lang='grc'>010</span> 
     </span>
     <span class='ocr_line' id='line_1_79' title="bbox 950 1985 1751 2020; baseline 0.009 -11"><span class='ocrx_word' id='word_1_454' title='bbox 950 1989 1040 2010; x_wconf 86' lang='grc'>1111110</span> <span class='ocrx_word' id='word_1_455' title='bbox 1075 1986 1183 2020; x_wconf 84' lang='grc'>010111,</span> <span class='ocrx_word' id='word_1_456' title='bbox 1214 1985 1391 2013; x_wconf 84' lang='lat' dir='ltr'>exercitum</span> <span class='ocrx_word' id='word_1_457' title='bbox 1427 1985 1587 2014; x_wconf 85' lang='lat' dir='ltr'>immittat.</span> <span class='ocrx_word' id='word_1_458' title='bbox 1636 1987 1672 2015; x_wconf 87' lang='lat' dir='ltr'>Id</span> <span class='ocrx_word' id='word_1_459' title='bbox 1695 1994 1751 2016; x_wconf 86' lang='lat' dir='ltr'>sa-</span> 
     </span>
     <span class='ocr_line' id='line_1_80' title="bbox 949 2027 1753 2067; baseline 0.009 -12"><span class='ocrx_word' id='word_1_460' title='bbox 949 2027 991 2055; x_wconf 82' lang='lat' dir='ltr'>tis</span> <span class='ocrx_word' id='word_1_461' title='bbox 1021 2029 1174 2057; x_wconf 85' lang='lat' dir='ltr'>audacter</span> <span class='ocrx_word' id='word_1_462' title='bbox 1198 2030 1297 2067; x_wconf 84' lang='lat' dir='ltr'>dixit,</span> <span class='ocrx_word' id='word_1_463' title='bbox 1338 2038 1535 2065; x_wconf 77' lang='lat' dir='ltr'>quamquam</span> <span class='ocrx_word' id='word_1_464' title='bbox 1560 2040 1647 2061; x_wconf 86' lang='lat' dir='ltr'>vere.</span> <span class='ocrx_word' id='word_1_465' title='bbox 1704 2035 1753 2062; x_wconf 84' lang='lat' dir='ltr'>Ea</span> 
     </span>
     <span class='ocr_line' id='line_1_81' title="bbox 950 2074 1751 2118; baseline 0.009 -17"><span class='ocrx_word' id='word_1_466' title='bbox 950 2074 1035 2102; x_wconf 89' lang='lat' dir='ltr'>enim</span> <span class='ocrx_word' id='word_1_467' title='bbox 1069 2082 1121 2111; x_wconf 88' lang='lat' dir='ltr'>re,</span> <span class='ocrx_word' id='word_1_468' title='bbox 1153 2077 1237 2109; x_wconf 87' lang='lat' dir='ltr'>quod</span> <span class='ocrx_word' id='word_1_469' title='bbox 1271 2085 1329 2111; x_wconf 90' lang='lat' dir='ltr'>per</span> <span class='ocrx_word' id='word_1_470' title='bbox 1366 2078 1471 2112; x_wconf 85' lang='lat' dir='ltr'>Alpes</span> <span class='ocrx_word' id='word_1_471' title='bbox 1513 2082 1751 2118; x_wconf 81' lang='lat' dir='ltr'>penetraverat,</span> 
     </span>
     <span class='ocr_line' id='line_1_82' title="bbox 950 2120 1712 2158; baseline 0.009 -11"><span class='ocrx_word' id='word_1_472' title='bbox 950 2120 1116 2149; x_wconf 84' lang='lat' dir='ltr'>Hannibal</span> <span class='ocrx_word' id='word_1_473' title='bbox 1141 2122 1306 2151; x_wconf 88' lang='lat' dir='ltr'>Romanos</span> <span class='ocrx_word' id='word_1_474' title='bbox 1332 2124 1475 2152; x_wconf 83' lang='lat' dir='ltr'>maxime</span> <span class='ocrx_word' id='word_1_475' title='bbox 1500 2125 1712 2158; x_wconf 85' lang='lat' dir='ltr'>perturbavit.</span> 
     </span>
    </p>
   </div>
   <div class='ocr_carea' id='block_1_18' title="bbox 947 2163 1753 2242">
    <p class='ocr_par' dir='ltr' id='par_1_28' title="bbox 947 2163 1753 2242">
     <span class='ocr_line' id='line_1_83' title="bbox 997 2163 1753 2208; baseline 0.009 -15"><span class='ocrx_word' id='word_1_476' title='bbox 997 2163 1049 2195; x_wconf 72' lang='lat'>1⁴.</span> <span class='ocrx_word' id='word_1_477' title='bbox 1074 2174 1128 2195; x_wconf 89' lang='lat' dir='ltr'>res</span> <span class='ocrx_word' id='word_1_478' title='bbox 1142 2166 1314 2208; x_wconf 81' lang='lat' dir='ltr'>rapuisse,</span> <span class='ocrx_word' id='word_1_479' title='bbox 1335 2170 1452 2204; x_wconf 86' lang='lat' dir='ltr'>raptim</span> <span class='ocrx_word' id='word_1_480' title='bbox 1465 2173 1496 2198; x_wconf 85' lang='lat' dir='ltr'>et</span> <span class='ocrx_word' id='word_1_481' title='bbox 1513 2172 1638 2199; x_wconf 88' lang='lat' dir='ltr'>turbate</span> <span class='ocrx_word' id='word_1_482' title='bbox 1656 2178 1753 2208; x_wconf 87' lang='lat' dir='ltr'>agere</span> 
     </span>
     <span class='ocr_line' id='line_1_84' title="bbox 947 2213 1147 2242; baseline 0.01 -3"><span class='ocrx_word' id='word_1_483' title='bbox 947 2213 1026 2240; x_wconf 89' lang='lat' dir='ltr'>belli</span> <span class='ocrx_word' id='word_1_484' title='bbox 1050 2221 1147 2242; x_wconf 90' lang='lat' dir='ltr'>more.</span> 
     </span>
    </p>
   </div>
   <div class='ocr_carea' id='block_1_19' title="bbox 948 2256 1751 2431">
    <p class='ocr_par' dir='ltr' id='par_1_29' title="bbox 948 2256 1751 2431">
     <span class='ocr_line' id='line_1_85' title="bbox 996 2256 1749 2299; baseline 0.008 -14"><span class='ocrx_word' id='word_1_485' title='bbox 996 2256 1047 2287; x_wconf 89' lang='lat'>15.</span> <span class='ocrx_word' id='word_1_486' title='bbox 1078 2256 1193 2288; x_wconf 79' lang='lat' dir='ltr'>Sinite</span> <span class='ocrx_word' id='word_1_487' title='bbox 1236 2267 1281 2289; x_wconf 91' lang='lat' dir='ltr'>sc.</span> <span class='ocrx_word' id='word_1_488' title='bbox 1313 2264 1437 2289; x_wconf 86' lang='lat' dir='ltr'>certare</span> <span class='ocrx_word' id='word_1_489' title='bbox 1469 2261 1556 2290; x_wconf 86' lang='lat' dir='ltr'>odiis</span> <span class='ocrx_word' id='word_1_490' title='bbox 1590 2264 1622 2291; x_wconf 79' lang='lat' dir='ltr'>et</span> <span class='ocrx_word' id='word_1_491' title='bbox 1656 2270 1683 2291; x_wconf 90' lang='lat' dir='ltr'>c.</span> <span class='ocrx_word' id='word_1_492' title='bbox 1718 2261 1749 2299; x_wconf 85' lang='lat' dir='ltr'>f.</span> 
     </span>
     <span class='ocr_line' id='line_1_86' title="bbox 950 2303 1750 2346; baseline 0.006 -14"><span class='ocrx_word' id='word_1_493' title='bbox 950 2304 1004 2333; x_wconf 86' lang='lat' dir='ltr'>Sic</span> <span class='ocrx_word' id='word_1_494' title='bbox 1029 2309 1113 2333; x_wconf 89' lang='lat' dir='ltr'>recte</span> <span class='ocrx_word' id='word_1_495' title='bbox 1137 2307 1224 2340; x_wconf 88' lang='lat' dir='ltr'>expl.</span> <span class='ocrx_word' id='word_1_496' title='bbox 1261 2303 1323 2334; x_wconf 76' lang='lat' dir='ltr'>Ld.</span> <span class='ocrx_word' id='word_1_497' title='bbox 1354 2321 1399 2326; x_wconf 87' lang='lat'>—</span> <span class='ocrx_word' id='word_1_498' title='bbox 1424 2303 1596 2346; x_wconf 80' lang='lat' dir='ltr'>placitum</span> <span class='ocrx_word' id='word_1_499' title='bbox 1619 2305 1750 2344; x_wconf 83' lang='lat' dir='ltr'>foedus</span> 
     </span>
     <span class='ocr_line' id='line_1_87' title="bbox 948 2349 1751 2390; baseline 0.006 -12"><span class='ocrx_word' id='word_1_500' title='bbox 948 2349 970 2378; x_wconf 89' lang='lat' dir='ltr'>i.</span> <span class='ocrx_word' id='word_1_501' title='bbox 997 2359 1024 2379; x_wconf 88' lang='grc'>0.</span> <span class='ocrx_word' id='word_1_502' title='bbox 1047 2352 1131 2385; x_wconf 83' lang='lat' dir='ltr'>quod</span> <span class='ocrx_word' id='word_1_503' title='bbox 1169 2352 1290 2386; x_wconf 86' lang='lat' dir='ltr'>placuit</span> <span class='ocrx_word' id='word_1_504' title='bbox 1329 2350 1388 2386; x_wconf 81' lang='lat' dir='ltr'>(cf.</span> <span class='ocrx_word' id='word_1_505' title='bbox 1429 2352 1467 2390; x_wconf 90' lang='lat'>5,</span> <span class='ocrx_word' id='word_1_506' title='bbox 1493 2351 1591 2389; x_wconf 79' lang='lat'>332.)</span> <span class='ocrx_word' id='word_1_507' title='bbox 1624 2354 1751 2389; x_wconf 84' lang='lat' dir='ltr'>utrique</span> 
     </span>
     <span class='ocr_line' id='line_1_88' title="bbox 948 2397 1320 2431; baseline 0 -6"><span class='ocrx_word' id='word_1_508' title='bbox 948 2397 1032 2431; x_wconf 88' lang='lat' dir='ltr'>parti</span> <span class='ocrx_word' id='word_1_509' title='bbox 1059 2401 1088 2426; x_wconf 89' lang='grc'>01</span> <span class='ocrx_word' id='word_1_510' title='bbox 1114 2397 1239 2426; x_wconf 86' lang='lat' dir='ltr'>firmum</span> <span class='ocrx_word' id='word_1_511' title='bbox 1262 2401 1320 2427; x_wconf 86' lang='lat' dir='ltr'>est.</span> 
     </span>
    </p>
   </div>
   <div class='ocr_carea' id='block_1_20' title="bbox 996 2474 1701 2508">
    <p class='ocr_par' dir='ltr' id='par_1_30' title="bbox 996 2474 1701 2508">
     <span class='ocr_line' id='line_1_89' title="bbox 996 2474 1701 2508; baseline 0.004 -3"><span class='ocrx_word' id='word_1_512' title='bbox 996 2474 1150 2506; x_wconf 76' lang='lat'>16—61.</span> <span class='ocrx_word' id='word_1_513' title='bbox 1199 2475 1320 2506; x_wconf 88' lang='lat' dir='ltr'>Venus</span> <span class='ocrx_word' id='word_1_514' title='bbox 1346 2476 1518 2507; x_wconf 89' lang='lat' dir='ltr'>Iunonem</span> <span class='ocrx_word' id='word_1_515' title='bbox 1551 2479 1701 2508; x_wconf 82' lang='lat' dir='ltr'>accusat.</span> 
     </span>
    </p>
   </div>
   <div class='ocr_carea' id='block_1_21' title="bbox 945 2531 1749 3032">
    <p class='ocr_par' dir='ltr' id='par_1_31' title="bbox 948 2531 1749 2661">
     <span class='ocr_line' id='line_1_90' title="bbox 996 2531 1749 2572; baseline 0.003 -11"><span class='ocrx_word' id='word_1_516' title='bbox 996 2531 1048 2562; x_wconf 87' lang='lat'>16.</span> <span class='ocrx_word' id='word_1_517' title='bbox 1075 2534 1130 2563; x_wconf 90' lang='lat' dir='ltr'>Sic</span> <span class='ocrx_word' id='word_1_518' title='bbox 1161 2541 1288 2562; x_wconf 83' lang='lat' dir='ltr'>aureus</span> <span class='ocrx_word' id='word_1_519' title='bbox 1316 2533 1422 2562; x_wconf 87' lang='lat' dir='ltr'>Amor</span> <span class='ocrx_word' id='word_1_520' title='bbox 1452 2536 1510 2563; x_wconf 88' lang='lat' dir='ltr'>Ov.</span> <span class='ocrx_word' id='word_1_521' title='bbox 1536 2535 1611 2563; x_wconf 87' lang='lat' dir='ltr'>Am.</span> <span class='ocrx_word' id='word_1_522' title='bbox 1640 2533 1670 2572; x_wconf 82' lang='lat'>2,</span> <span class='ocrx_word' id='word_1_523' title='bbox 1696 2533 1749 2572; x_wconf 83' lang='lat'>18,</span> 
     </span>
     <span class='ocr_line' id='line_1_91' title="bbox 949 2577 1749 2618; baseline 0.004 -11"><span class='ocrx_word' id='word_1_524' title='bbox 949 2577 1001 2607; x_wconf 81' lang='lat'>36.</span> <span class='ocrx_word' id='word_1_525' title='bbox 1051 2579 1198 2608; x_wconf 87' lang='lat' dir='ltr'>Aureum</span> <span class='ocrx_word' id='word_1_526' title='bbox 1216 2580 1365 2608; x_wconf 84' lang='lat' dir='ltr'>dicebant</span> <span class='ocrx_word' id='word_1_527' title='bbox 1390 2582 1648 2618; x_wconf 81' lang='lat' dir='ltr'>unumquodque,</span> <span class='ocrx_word' id='word_1_528' title='bbox 1665 2583 1749 2617; x_wconf 83' lang='lat' dir='ltr'>quod</span> 
     </span>
     <span class='ocr_line' id='line_1_92' title="bbox 948 2625 1641 2661; baseline 0.003 -7"><span class='ocrx_word' id='word_1_529' title='bbox 948 2625 981 2653; x_wconf 91' lang='lat' dir='ltr'>in</span> <span class='ocrx_word' id='word_1_530' title='bbox 1008 2633 1124 2661; x_wconf 88' lang='lat' dir='ltr'>genere</span> <span class='ocrx_word' id='word_1_531' title='bbox 1153 2634 1212 2654; x_wconf 93' lang='lat' dir='ltr'>suo</span> <span class='ocrx_word' id='word_1_532' title='bbox 1238 2626 1559 2660; x_wconf 82' lang='lat' dir='ltr'>praestantissimum</span> <span class='ocrx_word' id='word_1_533' title='bbox 1583 2631 1641 2656; x_wconf 88' lang='lat' dir='ltr'>est.</span> 
     </span>
    </p>

    <p class='ocr_par' dir='ltr' id='par_1_32' title="bbox 948 2668 1748 2801">
     <span class='ocr_line' id='line_1_93' title="bbox 997 2668 1748 2710; baseline 0.005 -12"><span class='ocrx_word' id='word_1_534' title='bbox 997 2668 1048 2699; x_wconf 77' lang='lat'>18.</span> <span class='ocrx_word' id='word_1_535' title='bbox 1073 2673 1230 2710; x_wconf 79' lang='lat' dir='ltr'>potestas</span> <span class='ocrx_word' id='word_1_536' title='bbox 1262 2671 1302 2700; x_wconf 85' lang='lat' dir='ltr'>cf.</span> <span class='ocrx_word' id='word_1_537' title='bbox 1328 2670 1365 2707; x_wconf 89' lang='lat'>5,</span> <span class='ocrx_word' id='word_1_538' title='bbox 1403 2669 1479 2700; x_wconf 73' lang='lat'>754.</span> <span class='ocrx_word' id='word_1_539' title='bbox 1530 2673 1620 2702; x_wconf 91' lang='lat' dir='ltr'>Unde</span> <span class='ocrx_word' id='word_1_540' title='bbox 1643 2673 1748 2702; x_wconf 88' lang='lat' dir='ltr'>medio</span> 
     </span>
     <span class='ocr_line' id='line_1_94' title="bbox 948 2714 1747 2755; baseline 0.005 -10"><span class='ocrx_word' id='word_1_541' title='bbox 948 2723 1031 2745; x_wconf 85' lang='lat' dir='ltr'>aevo</span> <span class='ocrx_word' id='word_1_542' title='bbox 1055 2714 1206 2755; x_wconf 65' lang='lat' dir='ltr'>potesta.</span> <span class='ocrx_word' id='word_1_543' title='bbox 1255 2716 1384 2745; x_wconf 86' lang='lat' dir='ltr'>Talium</span> <span class='ocrx_word' id='word_1_544' title='bbox 1409 2719 1644 2748; x_wconf 86' lang='lat' dir='ltr'>abstractorum</span> <span class='ocrx_word' id='word_1_545' title='bbox 1664 2727 1747 2748; x_wconf 88' lang='lat' dir='ltr'>usus</span> 
     </span>
     <span class='ocr_line' id='line_1_95' title="bbox 948 2762 1746 2801; baseline 0.005 -11"><span class='ocrx_word' id='word_1_546' title='bbox 948 2764 1008 2790; x_wconf 89' lang='lat' dir='ltr'>sub</span> <span class='ocrx_word' id='word_1_547' title='bbox 1035 2762 1286 2796; x_wconf 88' lang='lat' dir='ltr'>imperatoribus</span> <span class='ocrx_word' id='word_1_548' title='bbox 1311 2763 1462 2792; x_wconf 84' lang='lat' dir='ltr'>invaluit.</span> <span class='ocrx_word' id='word_1_549' title='bbox 1498 2764 1537 2793; x_wconf 86' lang='lat' dir='ltr'>cf.</span> <span class='ocrx_word' id='word_1_550' title='bbox 1557 2767 1610 2794; x_wconf 88' lang='lat' dir='ltr'>Gr.</span> <span class='ocrx_word' id='word_1_551' title='bbox 1628 2765 1649 2801; x_wconf 67' lang='lat' dir='ltr'><strong>g</strong></span> <span class='ocrx_word' id='word_1_552' title='bbox 1668 2763 1746 2794; x_wconf 82' lang='lat'>361.</span> 
     </span>
    </p>

    <p class='ocr_par' dir='ltr' id='par_1_33' title="bbox 996 2805 1429 2847">
     <span class='ocr_line' id='line_1_96' title="bbox 996 2805 1429 2847; baseline 0.005 -11"><span class='ocrx_word' id='word_1_553' title='bbox 996 2805 1048 2836; x_wconf 86' lang='lat'>19.</span> <span class='ocrx_word' id='word_1_554' title='bbox 1072 2815 1224 2847; x_wconf 84' lang='lat' dir='ltr'>namque</span> <span class='ocrx_word' id='word_1_555' title='bbox 1249 2808 1288 2837; x_wconf 83' lang='lat' dir='ltr'>cf.</span> <span class='ocrx_word' id='word_1_556' title='bbox 1320 2806 1349 2845; x_wconf 88' lang='grc'>1,</span> <span class='ocrx_word' id='word_1_557' title='bbox 1375 2807 1429 2838; x_wconf 78' lang='grc'>65.</span> 
     </span>
    </p>

    <p class='ocr_par' dir='ltr' id='par_1_34' title="bbox 945 2850 1748 3032">
     <span class='ocr_line' id='line_1_97' title="bbox 994 2850 1746 2891; baseline 0.004 -10"><span class='ocrx_word' id='word_1_558' title='bbox 994 2851 1048 2881; x_wconf 86' lang='grc'>20.</span> <span class='ocrx_word' id='word_1_559' title='bbox 1080 2850 1200 2882; x_wconf 83' lang='lat' dir='ltr'>Cernis</span> <span class='ocrx_word' id='word_1_560' title='bbox 1218 2858 1312 2890; x_wconf 84' lang='lat' dir='ltr'>auget</span> <span class='ocrx_word' id='word_1_561' title='bbox 1334 2854 1512 2891; x_wconf 86' lang='lat' dir='ltr'>invidiam;</span> <span class='ocrx_word' id='word_1_562' title='bbox 1536 2863 1639 2890; x_wconf 85' lang='lat' dir='ltr'>neque</span> <span class='ocrx_word' id='word_1_563' title='bbox 1658 2855 1746 2885; x_wconf 87' lang='lat' dir='ltr'>enim</span> 
     </span>
     <span class='ocr_line' id='line_1_98' title="bbox 946 2899 1743 2939; baseline 0.004 -11"><span class='ocrx_word' id='word_1_564' title='bbox 946 2899 1132 2928; x_wconf 87' lang='lat' dir='ltr'>narratione</span> <span class='ocrx_word' id='word_1_565' title='bbox 1163 2908 1244 2935; x_wconf 90' lang='lat' dir='ltr'>opus</span> <span class='ocrx_word' id='word_1_566' title='bbox 1280 2907 1353 2929; x_wconf 89' lang='lat' dir='ltr'>esse</span> <span class='ocrx_word' id='word_1_567' title='bbox 1378 2901 1469 2939; x_wconf 84' lang='lat' dir='ltr'>dicit,</span> <span class='ocrx_word' id='word_1_568' title='bbox 1501 2909 1600 2936; x_wconf 84' lang='lat' dir='ltr'>quum</span> <span class='ocrx_word' id='word_1_569' title='bbox 1634 2902 1743 2931; x_wconf 84' lang='lat' dir='ltr'>videat</span> 
     </span>
     <span class='ocr_line' id='line_1_99' title="bbox 946 2944 1748 2984; baseline 0.002 -10"><span class='ocrx_word' id='word_1_570' title='bbox 946 2945 1018 2980; x_wconf 82' lang='lat' dir='ltr'>ipse</span> <span class='ocrx_word' id='word_1_571' title='bbox 1042 2953 1109 2974; x_wconf 87' lang='lat' dir='ltr'>rem</span> <span class='ocrx_word' id='word_1_572' title='bbox 1132 2946 1178 2974; x_wconf 85' lang='lat' dir='ltr'>ita</span> <span class='ocrx_word' id='word_1_573' title='bbox 1199 2953 1235 2974; x_wconf 91' lang='lat' dir='ltr'>se</span> <span class='ocrx_word' id='word_1_574' title='bbox 1257 2948 1385 2976; x_wconf 87' lang='lat' dir='ltr'>habere.</span> <span class='ocrx_word' id='word_1_575' title='bbox 1407 2962 1446 2967; x_wconf 92' lang='lat'>——-</span> <span class='ocrx_word' id='word_1_576' title='bbox 1473 2944 1585 2976; x_wconf 82' lang='lat' dir='ltr'>cernis</span> <span class='ocrx_word' id='word_1_577' title='bbox 1607 2949 1646 2976; x_wconf 81' lang='lat' dir='ltr'>ut</span> <span class='ocrx_word' id='word_1_578' title='bbox 1665 2969 1672 2976; x_wconf 95' lang='lat'>.</span> <span class='ocrx_word' id='word_1_579' title='bbox 1690 2969 1698 2977; x_wconf 93' lang='lat'>.</span> <span class='ocrx_word' id='word_1_580' title='bbox 1718 2955 1748 2984; x_wconf 89' lang='lat'>.,·</span> 
     </span>
     <span class='ocr_line' id='line_1_100' title="bbox 945 2992 1746 3032; baseline 0.004 -12"><span class='ocrx_word' id='word_1_581' title='bbox 945 2999 1016 3020; x_wconf 85' lang='lat' dir='ltr'>non</span> <span class='ocrx_word' id='word_1_582' title='bbox 1069 2993 1214 3032; x_wconf 78' lang='lat' dir='ltr'>tegunt,·</span> <span class='ocrx_word' id='word_1_583' title='bbox 1263 2992 1380 3022; x_wconf 87' lang='lat' dir='ltr'>transit</span> <span class='ocrx_word' id='word_1_584' title='bbox 1424 2993 1459 3022; x_wconf 88' lang='lat' dir='ltr'>in</span> <span class='ocrx_word' id='word_1_585' title='bbox 1516 2993 1746 3024; x_wconf 75' lang='lat' dir='ltr'>narratIonem.</span> 
     </span>
    </p>
   </div>
  </div>
 </body>
</html>
