2023 3350
758 55 998 89 AENEIDOS
1030 57 1117 89 LIB.
1145 57 1206 89 xl.

173 175 252 217 Vel
294 188 425 228 quum
462 186 507 214 se

1713 57 1736 94 υτ

1743 57 1765 94 U!

1773 69 1795 94 ω
1776 57 1791 65 t

545 168 750 226 pavidum
785 172 935 211 contra
970 183 1067 212 mea
1104 169 1246 223 iurgia
1282 168 1406 224 fingit

172 232 363 275 Artificis
400 230 556 279 scelus,
593 231 636 269 et
672 226 899 268 formidine
936 228 1094 269 crimen
1129 227 1318 269 acerbat.

172 292 400 344 Nunquam
443 287 630 328 animam
668 285 799 326 talem
832 285 987 327 dextra
1017 285 1099 327 hac
1128 311 1184 317 ——
1214 285 1375 327 absiste
1411 284 1572 326 moveri
1612 308 1667 314 --

173 348 374 397 Amittes;
415 344 585 386 habitet
620 346 781 395 tecum,
823 346 865 384 et
901 343 957 385 sit

173 407 296 448 Nunc
332 403 387 445 ad
424 406 467 444 te
507 404 550 443 et
586 403 663 442 tua
702 415 878 454 magna,
916 405 1056 455 pater,
1093 401 1290 443 consulta
1320 404 1521 443 revertor.

994 347 1170 397 pectore
1208 344 1253 384 in
1292 343 1390 384 isto.

1727 403 1810 442 410

173 464 218 506 Si
256 461 417 503 nullam
453 459 613 501 nostris
650 459 766 500 ultra
798 473 916 512 spem
950 459 1074 513 ponis
1112 459 1157 500 in
1199 458 1341 509 armis,

175 521 219 563 Si
253 523 344 560 tam
383 517 543 559 deserti
580 531 746 568 sumus,
787 520 829 558 et
868 516 1000 559 semei
1037 517 1207 570 agmine
1244 529 1364 557 verso

171 576 381 619 Funditus
422 574 674 626 occidimus,
710 588 848 628 neque
887 574 1018 616 habet
1055 575 1248 617 Fortuna
1286 586 1548 627 regressum:

172 635 351 676 Oremus
387 647 554 689 pacem,
594 636 636 674 et
670 632 844 675 dextras
884 632 1110 675 tendamus
1148 633 1326 684 inertes,

169 814 313 839 tuentem
343 814 428 838 retro
454 809 522 844 agi.
558 817 663 844 neque
690 810 842 846 mirarer,
873 808 902 837 si
929 815 969 837 ea

170 857 360 885 retulissent
383 856 430 884 illi
457 856 571 891 nuntii,
607 863 702 890 quam
730 856 889 884 victorem
916 862 970 882 re-

175 902 288 937 fugere
322 909 341 930 a
375 902 472 930 victo.
521 902 607 930 Satis
640 904 722 930 haec
759 901 970 936 magniloqua

172 953 247 977 sunt
273 952 304 976 et
331 948 461 984 tumida,
485 956 551 976 non
576 947 683 976 minus
710 955 804 981 quam
828 946 971 975 Drancis

172 996 291 1025 verba:
318 999 423 1022 tumor
445 998 552 1022 autem
569 993 720 1028 proprius
739 998 787 1022 est
805 993 890 1028 eius,
918 992 971 1026 qui

173 1040 263 1069 falsa
299 1048 355 1074 pro
380 1040 469 1068 veris
497 1040 620 1068 vendit.
669 1041 793 1068 Tamen
824 1047 888 1067 non
920 1038 971 1066 in-

174 1093 257 1114 cuso
286 1086 474 1122 Virgilium,
515 1086 597 1120 quod
631 1086 728 1122 „labe
761 1084 888 1113 saeculi
921 1084 972 1112 in-

174 1136 282 1160 tactus
309 1139 374 1160 non
409 1130 605 1167 manserit“,
646 1131 705 1159 sed
739 1132 779 1159 ad
805 1137 969 1166 personas

174 1185 236 1206 sua
268 1185 340 1206 eum
371 1178 612 1205 accomodasse
639 1177 788 1205 dixerim.
839 1178 969 1205 Turnus

173 1229 281 1251 autem
306 1223 435 1251 virtutis
462 1230 544 1251 suae
569 1223 739 1259 conscius,
763 1223 862 1250 rebus
885 1223 970 1249 male

174 1269 278 1304 gestis
304 1271 524 1303 perturbatus,
551 1276 689 1297 recessu
717 1276 734 1296 e
759 1268 885 1303 proelio
912 1268 971 1294 du·-

173 1316 247 1344 hiae
271 1314 380 1344 famae
407 1315 596 1351 obstrictus,
623 1316 844 1342 exacerbatus
865 1312 972 1341 Latini

174 1366 261 1390 tecta
310 1361 555 1389 insimulatione
603 1368 666 1388 non
719 1360 826 1388 minus
873 1366 969 1392 quam

174 1412 289 1442 aperta
316 1406 539 1441 obiurgatione
557 1406 696 1434 Drancis
722 1405 877 1437 irritatus,
903 1403 971 1437 regi

175 1461 312 1488 parcere
336 1460 433 1486 quum
457 1457 604 1488 cogatur,
629 1451 714 1479 omni
730 1451 763 1479 vi
788 1456 817 1479 et
841 1451 969 1485 ardore,

175 1507 239 1534 quo
267 1498 390 1534 agitant
426 1506 499 1526 eum
524 1499 634 1535 dolor,
675 1498 793 1533 pudor,
836 1497 901 1532 ira,
938 1495 970 1523 in

173 1547 338 1574 Drancem
365 1544 519 1580 erumpit,
550 1550 658 1578 neque
679 1545 784 1571 verba
807 1543 889 1571 libra
913 1548 970 1570 ae-

173 1591 296 1621 stimat.
345 1590 399 1619 Sic
438 1592 469 1618 h.
509 1591 529 1618 l.
570 1586 781 1618 Larissaeus
816 1584 972 1617 Achilles

174 1637 258 1666 satis
293 1641 432 1665 ventose
463 1637 581 1664 dictum
615 1639 703 1670 puto.
753 1637 787 1663 ln
821 1642 862 1662 ea
897 1640 971 1662 ora-

175 1684 262 1712 tione
299 1682 423 1711 monuit
464 1682 526 1710 iam
561 1683 666 1710 Faber
703 1681 817 1717 „lstud
859 1676 974 1708 amnis

177 1726 329 1768 Aufidus
354 1728 429 1756 mihi
454 1727 591 1761 segnius
615 1732 645 1755 et
671 1726 824 1761 ignavius
841 1730 891 1753 est
910 1727 974 1753 hoc

176 1775 304 1810 quidem
330 1775 416 1808 loco,
441 1781 539 1808 quam
566 1778 596 1801 ut
615 1773 645 1801 id
661 1772 874 1807 Virgilianum
895 1779 974 1806 pos-

176 1821 238 1851 sim
270 1821 415 1849 credere.
478 1821 595 1853 ltaque
634 1819 807 1853 legendum
848 1823 972 1852 putem:

178 1863 302 1895 Amnis
325 1868 357 1894 et
375 1862 417 1894 H.
442 1872 469 1893 r.
491 1863 522 1902 f.
541 1861 705 1904 Appulus
723 1863 783 1893 u.“
819 1866 885 1892 Nec
901 1864 972 1897 vgl.

176 1912 243 1942 alio
276 1913 350 1940 loco
384 1912 423 1940 ad
452 1918 570 1939 nomen
601 1909 691 1939 fluvii
725 1909 845 1939 addidit
870 1916 973 1937 voces

176 1955 308 1990 amnis,
333 1954 470 1996 fluvias
495 1959 575 1991 etc.;
616 1957 747 1991 quando
771 1955 859 1993 fecit,
888 1960 918 1983 ut
944 1953 975 1991 6,

177 2003 255 2033 550.
296 2003 334 2039 7,
371 2002 450 2031 516.
484 2001 567 2051 7293
614 2002 735 2031 addidit
773 2002 814 2031 ad
858 2008 975 2030 vocem

177 2047 293 2079 amnis
314 2049 526 2078 adiectivum.
575 2048 629 2077 Sic
658 2049 755 2077 etiam
781 2049 858 2076 Hor.
886 2048 920 2076 C.
947 2045 976 2084 l,

178 2094 232 2134 31,
263 2095 284 2124 9
314 2103 399 2123 rura
435 2091 527 2123 Liris
558 2091 678 2134 quieta
710 2091 844 2122 mordet
880 2099 975 2133 aqua

177 2139 377 2171 taciturnus
411 2138 535 2170 amnis.
580 2141 643 2169 Sed
685 2137 834 2179 Aufidus
873 2140 974 2168 multo

178 2187 416 2223 significantius
440 2190 491 2215 est
515 2193 612 2221 quam
631 2183 803 2225 AppulttS,
827 2189 857 2215 et
881 2189 976 2220 pote-

177 2233 224 2262 ris
248 2231 395 2270 Aufidus
415 2233 523 2261 dicere
551 2232 750 2261 adiectivum
778 2231 818 2260 cf.
845 2230 871 2268 l,
897 2227 974 2259 686.

180 2281 292 2314 Neque
339 2285 449 2307 tamen
490 2287 584 2314 opus.
642 2279 691 2307 Ad
733 2285 850 2306 nomen
889 2277 974 2306 enim

183 2322 333 2363 Aufidus
362 2330 450 2353 recte
477 2326 548 2360 Vgl.
576 2324 696 2353 addidit
719 2321 849 2361 amnis,
888 2324 973 2358 quod

180 2375 378 2400 memoratur
399 2371 428 2399 id
446 2372 530 2405 quod
556 2370 698 2399 maxime
723 2374 835 2398 contra
862 2366 977 2398 amnis

182 2418 233 2445 est
252 2420 399 2445 naturam
424 2417 444 2445 i.
469 2424 497 2446 e.
530 2421 616 2445 retro
639 2416 720 2450 labi;
743 2423 844 2450 quare
878 2416 974 2444 etiam

181 2462 285 2498 primo
315 2462 445 2497 ponitur
487 2464 574 2491 loco.
626 2459 680 2492 ΡΙ.
709 2462 793 2491 coni.
824 2459 977 2502 Agmine

183 2510 215 2537 et
240 2504 442 2536 Hadriacas
467 2516 564 2537 verso
585 2506 616 2545 f.
647 2507 687 2538 A.
720 2517 752 2536 u.
777 2512 807 2536 et
834 2505 978 2548 agmine

184 2561 282 2583 verso
310 2553 413 2582 firmat
446 2561 489 2582 ex
512 2552 544 2592 2,
570 2553 647 2582 782.
668 2556 703 2583 G.
722 2553 751 2591 1,
778 2553 857 2589 322,
884 2553 980 2588 quasi

183 2601 217 2629 id
241 2599 370 2628 dubium
399 2604 501 2628 esset.

230 2667 305 2697 406.
330 2664 384 2696 vel
411 2675 515 2706 quum
541 2675 576 2695 se
601 2672 662 2697 etc.
701 2669 921 2703 Quintilianus
947 2666 978 2701 9,

184 2713 216 2751 3,
256 2711 296 2742 14
330 2715 438 2742 locum
471 2714 581 2742 laudat
616 2716 656 2742 ob
688 2715 882 2749 particulam
914 2710 979 2749 vel,

185 2761 272 2796 quod
297 2759 394 2788 facile
426 2759 608 2795 intelliges,
649 2759 678 2788 si
715 2765 844 2789 ceteros
883 2762 976 2788 locos

185 2815 203 2835 e
222 2806 357 2841 Virgilio
373 2806 527 2834 laudatos
541 2805 732 2834 contuleris.
756 2806 860 2836 Huius
875 2807 977 2834 verba

185 2857 280 2882 sunt:
325 2851 594 2890 „commendatio
637 2852 833 2883 vetustatis.
883 2851 978 2879 cuius

187 2903 314 2928 amator
356 2897 452 2927 unice
498 2897 655 2931 Virgilius
705 2896 774 2926 fuit.
828 2894 981 2926 Vel....

189 2946 333 2980 Quorum
371 2943 492 2973 similia
537 2943 622 2977 apud
662 2946 795 2972 veteres
836 2943 981 2977 tragicos

188 2991 401 3026 comicosque
438 2993 513 3019 sunt
544 2986 720 3025 plurima.“
855 2990 984 3026 „Habet

1015 815 1124 838 autem
1151 809 1314 844 particula
1339 804 1392 836 vel
1414 809 1477 836 lioc
1501 811 1684 845 vetustum,
1710 812 1742 837 ut
1768 809 1814 838 si-

1017 857 1162 891 gnificet:
1208 856 1283 890 quid
1318 862 1402 888 opus
1445 858 1494 882 est
1526 856 1624 888 longe
1661 857 1816 890 exempla

1017 909 1194 936 quaerere;
1235 902 1291 929 vel
1314 902 1376 928 hoc
1405 900 1490 933 quod
1513 901 1657 936 afferam,
1684 902 1815 936 praeci-

1018 956 1080 984 pue
1099 950 1224 983 probat,
1249 946 1334 980 quod
1355 947 1449 981 volo;
1477 948 1549 982 hoc,
1566 946 1658 975 verbi
1677 954 1813 983 caussa,

1019 995 1127 1023 statim
1155 990 1307 1022 sufficit.“
1356 988 1407 1021 Pl.
1445 993 1492 1020 Re
1527 1000 1591 1021 non
1630 993 1748 1030 differt,
1786 993 1816 1022 si

1019 1041 1210 1069 Schellerus
1254 1046 1311 1074 pro
1349 1035 1443 1066 vetut
1482 1038 1615 1074 accipit.
1665 1039 1713 1068 Cf.
1741 1041 1814 1068 Ter.

1018 1088 1135 1115 Heaut.
1160 1084 1191 1120 4,
1211 1083 1242 1120 6,
1278 1081 1293 1111 1
1351 1080 1458 1112 Nulla
1497 1086 1546 1114 est
1582 1086 1655 1113 tam
1689 1083 1817 1123 facilis

1017 1139 1090 1167 res,
1128 1128 1211 1170 quin
1237 1126 1399 1167 difficilis
1423 1126 1506 1166 siet,
1547 1138 1650 1169 quam
1683 1128 1817 1160 invitus

1014 1175 1153 1215 facias:
1176 1172 1229 1204 vel
1255 1183 1308 1204 me
1331 1172 1416 1203 haec
1430 1173 1682 1214 deambulatio,
1711 1185 1816 1216 quam

1017 1232 1085 1252 non
1129 1218 1320 1258 laboriosa,
1371 1218 1417 1248 ad
1457 1218 1664 1262 languorem
1709 1220 1816 1252 dedit.

1017 1271 1097 1298 Hec.
1120 1266 1195 1303 1,1,
1212 1266 1244 1296 3.
1265 1269 1307 1294 al.
1332 1282 1376 1285 —
1401 1268 1511 1300 ltaque
1541 1276 1582 1297 ea
1607 1272 1655 1297 est
1683 1274 1818 1298 senten-

1017 1315 1078 1343 tia:
1119 1315 1220 1348 Quam
1247 1312 1335 1341 falsa
1361 1312 1424 1340 sint
1462 1314 1545 1343 haec
1585 1313 1690 1349 [quae
1717 1315 1755 1343 ad
1783 1323 1815 1344 v.

1018 1359 1087 1388 405
1112 1367 1218 1393 usque
1245 1359 1330 1386 dicta
1356 1357 1475 1393 sunl.),
1501 1367 1544 1388 ex
1578 1368 1616 1388 eo
1639 1365 1747 1395 potest
1767 1360 1818 1389 in-

1016 1406 1129 1440 tentari,
1155 1405 1240 1438 quod
1256 1408 1401 1432 metuere
1423 1412 1461 1433 se
1480 1403 1578 1442 fingit,
1601 1414 1642 1434 ne
1663 1413 1723 1438 ego
1745 1414 1817 1435 eum

1018 1452 1186 1487 occidam,
1229 1451 1281 1484 qui
1314 1453 1396 1478 bene
1428 1450 1507 1489 scit,
1548 1459 1643 1485 quam
1675 1460 1817 1481 securus

1017 1497 1123 1533 possit
1149 1505 1228 1526 esse
1256 1504 1314 1531 per
1338 1504 1401 1525 me.
1441 1512 1486 1515 —
1519 1495 1634 1538 fingit
1660 1500 1742 1527 Mss.
1772 1514 1817 1518 —-

1018 1542 1130 1573 iactat
1154 1543 1386 1578 Quintilianus.
1435 1544 1614 1578 Utrumque
1647 1549 1736 1573 recte
1770 1545 1820 1573 di-

1018 1590 1111 1619 citur.
1136 1590 1140 1594 '
1165 1586 1217 1618 Pt.
1245 1588 1330 1618 coni.
1363 1586 1402 1617 Γ.
1430 1597 1459 1628 q.
1490 1597 1515 1618 s.
1543 1587 1761 1629 impavidum
1791 1600 1817 1620 c.

1020 1644 1064 1665 m.
1091 1633 1112 1664 i.
1136 1632 1258 1671 iactat,
1288 1631 1425 1673 Artifici
1450 1633 1576 1664 scelere
1603 1638 1634 1665 et
1660 1634 1686 1671 s.
1710 1646 1736 1666 c.
1762 1645 1796 1665 a.

1067 1680 1143 1710 407.
1169 1678 1318 1719 artificis
1349 1677 1461 1709 scelus
1492 1681 1511 1709 i.
1536 1689 1564 1710 e.
1591 1682 1713 1711 artifex
1744 1689 1820 1712 sce-

1020 1729 1146 1763 lestus;
1192 1727 1237 1755 ita
1259 1723 1371 1754 scelus
1396 1727 1435 1754 de
1461 1728 1591 1756 homine
1616 1730 1689 1756 Ter.
1716 1730 1819 1758 Andr.

1022 1771 1053 1809 3,
1076 1772 1106 1808 5,
1133 1772 1146 1801 i
1176 1769 1235 1801 ubi
1263 1769 1337 1801 illic
1363 1774 1412 1800 ent
1434 1770 1555 1809 scelus,
1583 1770 1643 1812 qui
1664 1782 1716 1802 me
1740 1783 1820 1812 per-

1022 1816 1124 1848 didit.
1168 1820 1272 1847 Plaut.
1299 1818 1511 1855 saepissime,
1531 1824 1560 1847 ut
1587 1820 1708 1849 Bacch.
1728 1819 1760 1857 5,
1786 1821 1818 1859 2,

1020 1864 1063 1893 57
1090 1860 1183 1894 abin’
1209 1873 1229 1892 α
1254 1872 1306 1892 me
1332 1860 1467 1893 scelus?
1494 1869 1522 1893 et
1550 1865 1603 1900 qui
1626 1867 1722 1894 locus
1743 1868 1819 1896 huie

1022 1915 1072 1940 est
1100 1911 1297 1939 simillimus.
1329 1910 1441 1939 Casin.
1465 1909 1497 1945 2,
1524 1910 1554 1948 1,
1584 1911 1606 1939 8
1629 1910 1819 1950 flagitium

1022 1955 1112 1986 illud
1137 1952 1298 1991 homini&
1324 1957 1401 1984 alia.
1451 1958 1540 1991 Quae
1561 1959 1670 1986 omnia
1695 1959 1727 1987 in
1745 1968 1821 1988 ser-

1022 2011 1117 2032 mone
1128 2002 1258 2035 vulgari
1274 2002 1395 2031 usitata
1407 2002 1511 2031 fuisse
1530 2003 1691 2033 videntur.
1723 2005 1770 2034 Cf.
1788 2006 1820 2042 5,

1022 2048 1099 2078 574.
1140 2048 1195 2077 Sic
1222 2045 1335 2077 virtus
1360 2047 1393 2085 5,
1417 2048 1495 2078 752.
1526 2065 1564 2069 —
1595 2051 1686 2085 Quod
1711 2051 1743 2079 in
1769 2060 1820 2080 me

1022 2095 1108 2129 fingit
1146 2102 1225 2123 esse
1259 2094 1381 2123 crimen
1420 2095 1600 2124 violentiae
1632 2102 1660 2125 et
1691 2099 1822 2126 temeri-

1021 2142 1097 2170 tatis
1123 2142 1267 2177 acerbat,
1291 2148 1388 2174 quum
1415 2149 1452 2170 se
1475 2141 1653 2171 formidare
1678 2143 1821 2182 simulet,

1022 2188 1108 2223 quod
1134 2195 1249 2215 verum
1277 2188 1395 2215 audeat
1421 2187 1541 2216 dicere.

1066 2243 1143 2273 408.
1168 2246 1238 2273 Non
1263 2251 1342 2280 ego,
1381 2243 1474 2273 fortis
1506 2246 1621 2281 homo,
1662 2245 1818 2281 ignavum

1019 2291 1119 2320 velim
1145 2289 1343 2326 interficere;
1393 2290 1489 2319 vivas
1519 2295 1551 2319 tu
1577 2291 1610 2320 in
1637 2295 1724 2320 tuum
1763 2294 1820 2322 de-

1021 2338 1134 2366 decus.

1067 2381 1144 2411 411.
1173 2382 1204 2411 Si
1235 2389 1360 2410 omnem
1394 2389 1488 2416 spem
1527 2382 1716 2419 amisimus,
1755 2391 1822 2419 pax

1023 2429 1167 2464 petenda
1199 2433 1265 2461 est:
1309 2428 1367 2456 sed
1401 2428 1505 2463 pergit
1525 2425 1592 2456 419
1619 2429 1750 2458 minime
1780 2438 1820 2459 eo

1025 2475 1150 2504 redacti
1175 2482 1303 2503 sumus.

1071 2519 1148 2549 412.
1177 2523 1246 2549 Non
1284 2520 1405 2548 deserti
1436 2527 1552 2548 sumus
1584 2522 1624 2549 ab
1658 2521 1823 2561 omnibus,

1027 2575 1124 2602 quum
1149 2574 1233 2595 unus
1259 2566 1387 2594 deserat
1413 2566 1602 2594 Diomedes.

1072 2611 1148 2641 413.
1175 2620 1235 2640 nec
1255 2608 1356 2640 habet
1384 2609 1422 2640 F.
1438 2618 1648 2649 regressum.
1675 2612 1722 2642 Cf.
1741 2615 1823 2643 Stat.

1027 2659 1107 2687 silv.
1136 2656 1166 2693 3,
1192 2655 1224 2693 3,
1252 2657 1312 2686 157
1337 2665 1396 2686 seu
1427 2654 1559 2685 blanda
1587 2654 1647 2686 diu
1670 2657 1822 2696 fortuna

1024 2711 1221 2744 regressum
1249 2700 1386 2732 maluit.

1068 2757 1145 2788 414.
1179 2756 1328 2788 Dextras
1358 2759 1533 2788 tendebant
1550 2761 1732 2791 victoribus
1746 2763 1824 2793 victi

1023 2806 1122 2834 vitam
1170 2810 1331 2839 petentes.
1387 2805 1433 2834 Cf.
1467 2807 1564 2835 Caes.
1602 2808 1666 2836 BC.
1713 2807 1745 2845 3,
1778 2808 1824 2838 98

1031 2850 1135 2880 Arma
1166 2849 1335 2889 proiicere
1360 2848 1473 2880 iussit.
1528 2849 1628 2888 Quod
1655 2851 1715 2882 nbi
1750 2852 1825 2884 sine

1025 2894 1246 2925 recusatione
1281 2895 1443 2934 fecerunt
1482 2895 1664 2938 passisque
1694 2897 1825 2940 palmis

1027 2939 1172 2982 proiecti
1197 2940 1244 2970 ad
1265 2945 1411 2978 terram,
1449 2941 1567 2972 flentes
1596 2942 1639 2973 ab
1666 2953 1704 2974 eo
1726 2943 1824 2975 salu-

1030 2990 1096 3018 tem
1133 2986 1321 3029 petierunt.
1370 3005 1414 3009 —
1460 2986 1604 3020 dextras
1639 2989 1824 3023 tendamus
