2023 3350
665 121 901 156 AENEIDOS
933 125 1019 158 LIB.
1046 126 1125 159 XH.

1623 127 1702 166 013

88 232 169 275 Hic
209 233 367 277 fratres
400 234 530 288 Lycia
559 235 713 276 missos
749 239 791 277 et
829 237 1038 290 Apollinis
1072 239 1198 293 agris,

86 291 142 332 Et
175 292 367 334 iuvenem
403 305 577 333 exosum
617 293 903 347 nequidquam
943 295 1055 336 bella
1089 296 1309 338 Menoeten

84 349 272 401 Arcada,
305 350 498 403 piscosae
540 348 606 389 cui
647 350 806 392 circum
842 352 1017 394 flumina
1050 353 1213 395 Lernae

83 406 165 448 Ars
205 406 345 448 fuerat
382 419 632 460 pauperque
674 407 845 460 domus,
885 423 961 451 nec
993 413 1097 451 nota
1132 413 1353 463 potentum

81 463 278 514 Munera,
316 462 612 516 conductaque
643 469 768 517 pater
802 467 954 508 tellure
990 466 1169 509 serebat.

1617 470 1699 509 520

79 521 142 562 Ac
177 520 291 562 velut
327 520 504 561 immissi
542 521 718 564 diversis
752 523 946 576 partibus
981 524 1099 578 ignes

79 578 279 619 Arentem
319 577 363 618 in
395 577 544 619 silvam
583 583 626 620 et
664 580 848 634 virgulta
886 581 1081 623 sonantia
1117 581 1260 632 lauro3

76 635 164 676 Aut
199 633 272 675 ubi
307 634 488 676 decursu
522 636 672 690 rapido
707 637 759 679 de
794 638 1008 680 montibus
1042 638 1142 679 altis

75 692 191 733 Dant
225 692 412 733 sonitum
442 694 630 746 spumosi
667 708 811 737 amnes
849 698 891 737 et
916 695 959 736 in
998 709 1188 749 aequora
1229 697 1417 746 currunt,

76 748 262 802 Quisque
301 763 422 791 suum
457 751 686 804 populatus
721 752 821 794 iter:
859 766 945 794 non
986 753 1155 807 segnius
1195 751 1318 793 ambo

1613 753 1638 790 <21

1644 752 1666 790 [Ο

1672 764 1694 790 0
1675 753 1690 760 t

74 806 239 847 Aeneas
273 806 524 861 Turnusque
563 812 692 850 ruunt
727 823 803 863 per
835 810 1016 864 proelia;
1056 824 1187 861 nunc,
1220 822 1332 850 nunc

72 863 276 905 Fluctuat
311 864 377 905 ira
408 865 541 916 intus,
572 870 830 920 rumpuntur
859 868 1001 909 nescia
1036 868 1146 909 vinci

71 920 271 973 Pectora,
312 936 424 963 nunc
463 923 566 964 totis
602 924 647 965 in
685 924 859 965 volnera

893 925 1052 967 viribus
1088 925 1186 966 itur.

70 978 320 1020 Murranum
358 979 444 1031 hic,
485 984 632 1023 atavos
667 984 708 1022 et
739 995 914 1023 avorum
948 983 1125 1037 antiqua
1163 982 1384 1023 sonantem

68 1036 254 1077 Nomina
292 1050 369 1089 per
404 1051 610 1091 regesque
648 1042 789 1080 act-um
827 1053 957 1092 genus
997 1054 1119 1082 omne
1154 1039 1340 1090 Latinos,

1610 1036 1693 1076 530

68 1093 352 1147 Praecipitem
389 1096 562 1149 scopulo
600 1099 729 1149 atque
763 1096 945 1150 ingentis
986 1097 1155 1139 turbine
1191 1095 1283 1138 saxi

67 1151 244 1192 Excutit
279 1151 542 1205 effunditque
578 1153 681 1194 solo.
739 1153 862 1195 Hunc

900 1155 994 1196 lora
1031 1159 1073 1197 et
1111 1155 1213 1208 iuga
1250 1151 1396 1195 subter

67 1208 321 1250 Provolvere
353 1212 493 1261 rotae,
533 1211 682 1253 crebro
715 1225 840 1265 super
879 1214 1038 1266 ungula
1076 1212 1202 1267 pulsu

67 1266 207 1308 Incita
241 1280 320 1308 nec
357 1266 517 1309 domini
553 1282 786 1310 memorum
817 1270 1040 1322 proculcat
1073 1283 1288 1324 equorum.

64 1323 144 1365 Ille
179 1324 320 1366 ruenti
353 1324 481 1378 Hyllo
517 1326 752 1379 animisque
790 1326 974 1369 immane
1010 1327 1206 1369 frementi

1606 1320 1687 1361 535

67 1380 281 1434 Occurrit,
321 1382 540 1437 telumque
571 1387 724 1425 aurata
762 1383 818 1425 ad
853 1387 1048 1438 tempora
1084 1386 1277 1438 torquet:

107 1518 184 1550 516.
215 1518 320 1561 Lycia
353 1524 384 1552 et
413 1519 586 1562 Apollinis
611 1521 723 1562 agris,
757 1524 855 1552 Pata-

62 1567 120 1605 ris,
142 1575 207 1603 qua
230 1567 262 1595 in
288 1569 365 1597 urbe
391 1570 540 1602 templum
574 1570 708 1597 celebre.
756 1569 794 1598 cf.
822 1566 852 1606 4,

62 1609 140 1642 143.
189 1614 333 1648 Templis
368 1618 475 1642 autem
500 1614 569 1651 agri
601 1616 745 1643 solebant
769 1623 853 1651 esse,

61 1663 91 1688 et
111 1656 286 1699 Apollinis
311 1657 411 1699 agris
427 1661 519 1689 locus
543 1660 702 1689 indicatur
720 1661 851 1696 Lyciae.

63 1705 112 1734 De
134 1713 174 1734 ea
201 1705 372 1741 epexegesi
394 1705 432 1734 cf.
461 1704 488 1743 l,
508 1704 537 1734 2.
587 1707 667 1734 Sunt.
688 1707 743 1741 qui
767 1708 853 1735 male

62 1753 180 1780 abesse
207 1754 359 1780 censeant
383 1751 518 1780 fratrum
543 1752 691 1787 nomina;
716 1753 771 1780 sed
796 1760 853 1787 po-

63 1800 165 1826 terant
190 1804 229 1825 ea
254 1798 352 1825 etiam
376 1797 477 1825 sileri.
504 1797 584 1831 Quid
608 1801 725 1835 autem,
747 1805 852 1826 nonne

62 1850 178 1872 revera
205 1843 271 1871 iam
293 1842 378 1871 dicta
404 1846 478 1871 sunt
504 1840 555 1879 10,
582 1840 668 1871 1262
709 1845 746 1871 In
771 1844 851 1880 loco,

62 1896 123 1923 quo
154 1897 216 1917 non
253 1888 372 1922 spiritu
416 1888 509 1924 igneo
536 1892 627 1922 poeta
650 1888 756 1922 fertur,
795 1890 851 1917 sed

60 1942 122 1969 quo
138 1943 172 1963 re
194 1934 309 1963 acriter
331 1934 490 1968 pensitata
499 1934 691 1962 variationis
710 1935 851 1963 maxime

61 1980 138 2009 vias
162 1979 346 2015 ingreditur,
369 1979 474 2008 fundit
497 1980 526 2008 si
550 1987 633 2014 quae
657 1981 697 2008 ad
721 1981 752 2009 id
775 1989 851 2009 con-

61 2026 174 2055 silium
200 2030 277 2060 apta
304 2025 463 2061 videntur,
507 2034 609 2060 neque
630 2026 711 2054 vitat
747 2026 852 2054 inusi-

61 2075 139 2101 tata.
188 2072 237 2100 Ad
263 2073 349 2100 hunc
375 2072 396 2099 l.
418 2073 513 2099 habet
542 2068 604 2100 Πὸ.
629 2073 727 2101 haec:
776 2072 851 2102 huic

60 2119 131 2146 loco
147 2114 226 2153 ,,ΡΙ.
249 2118 373 2146 demum
398 2117 606 2151 transpositis
633 2118 755 2146 duobus
776 2126 850 2146 ver-

61 2164 152 2192 sibus
177 2160 252 2191 516.
279 2162 343 2191 515
368 2164 506 2191 salutem
532 2161 634 2191 tulit.“
682 2164 742 2192 Sed
772 2164 850 2192 lice-

61 2212 115 2238 bat
149 2209 213 2238 dici
243 2209 281 2238 de
310 2216 373 2237 uno
406 2213 436 2237 et
469 2216 591 2237 nornen
617 2213 649 2237 ut
674 2207 703 2239 6.
729 2207 792 2236 763
820 2213 850 2237 et

59 2263 148 2296 gens
172 2258 206 2284 ut
231 2252 261 2291 7,
285 2252 366 2289 556;
405 2262 508 2289 neque
531 2255 626 2290 Lycii
658 2254 774 2283 fratres
795 2255 850 2289 qui

59 2300 191 2338 fuerint,
218 2300 424 2335 transpositis
450 2301 601 2329 versibus
626 2301 849 2336 comperimus.

108 2344 183 2375 518.
211 2347 338 2375 Lernae
355 2347 446 2375 locus
464 2346 497 2374 in
514 2346 680 2383 Argolide,
704 2351 849 2382 serpente

59 2395 100 2422 ab
122 2393 261 2421 Hercule
281 2392 386 2421 occiso
413 2396 517 2420 notus.

105 2436 182 2466 52⁰.
213 2434 350 2466 Limina
366 2440 408 2465 M.
424 2446 486 2466 rec.
501 2434 560 2466 Hs.
575 2434 640 2465 Hn.
658 2434 720 2466 Ld.
746 2441 849 2466 ortum

57 2484 186 2514 videtur
208 2492 249 2512 ex
270 2484 345 2512 Hor.
364 2485 420 2518 Ep.
447 2481 477 2520 2,
502 2481 520 2510 7
543 2480 736 2523 Forumque
762 2481 849 2512 vitat

57 2531 89 2557 et
119 2526 266 2566 superba
295 2526 419 2557 civium
445 2526 675 2567 potentiorum
714 2526 848 2557 limina.

60 2575 122 2604 Sed
149 2574 263 2602 limina
286 2576 342 2603 vel
365 2575 579 2609 pauperrimis
612 2580 747 2609 possunt
775 2583 849 2604 esse

60 2625 137 2650 nota
167 2624 195 2649 et
220 2621 323 2648 solent
353 2628 436 2649 esse.
484 2621 530 2649 De
554 2621 667 2650 ceteris
690 2623 770 2649 Mss.
792 2629 849 2650 nec

66 2664 151 2706 ng.
185 2673 243 2695 nec
271 2661 333 2693 ΠΙ).
366 2665 516 2694 referunt.
563 2668 613 2695 Ex
645 2667 762 2695 Donati
793 2675 849 2695 ex-

60 2712 234 2747 plicatione
271 2712 364 2739 nulla
399 2712 488 2739 valet
526 2712 700 2741 conclusio.
756 2714 846 2740 Serv.

57 2758 136 2795 legit
166 2764 311 2785 munera
341 2765 403 2785 rec.
428 2763 448 2785 a
479 2754 562 2796 Wg.
587 2754 648 2785 Ro.
701 2755 846 2785 Munera

60 2803 203 2838 explicat
237 2804 326 2831 Serv.
358 2801 530 2838 obsequia,
572 2809 654 2836 quae
690 2810 848 2838 pauperes

62 2849 220 2878 divitibus
245 2849 314 2877 loco
334 2855 501 2877 munerum
525 2849 672 2880 solvunt:
694 2849 750 2877 sed
776 2852 850 2877 sunt

62 2902 207 2931 munera,
229 2901 312 2929 quae
337 2894 509 2929 potentium
531 2901 604 2922 esse
626 2895 739 2928 solent,
780 2900 849 2922 ma-

61 2941 229 2978 gistratuS,
268 2940 414 2976 imperia,
452 2947 505 2967 res
544 2939 678 2974 pauperi
711 2939 847 2975 ignotae.

61 2986 117 3016 Sic
140 2989 224 3016 recte
255 2985 321 3015 iam
350 2982 434 3026 Wg.
467 3000 510 3004 —
535 2982 705 3013 conducta
730 2981 854 3012 tellure

60 3028 214 3062 serebat.-
257 3033 336 3062 'ram
363 3038 485 3067 pauper
515 3034 593 3068 erat,
637 3035 671 3058 ut
694 3038 733 3058 ne
755 3038 852 3059 suum

896 1524 1023 1560 quidem
1041 1531 1156 1561 agrum
1177 1525 1302 1554 coleret.
1329 1537 1372 1540 —
1398 1518 1524 1549 Similis
1538 1521 1588 1547 est
1605 1524 1685 1552 pau-

897 1571 984 1606 peris
1010 1570 1180 1605 piscatoris
1204 1567 1375 1603 descriptio
1400 1568 1458 1595 Ov.
1483 1566 1527 1593 M.
1552 1562 1581 1599 3,
1606 1559 1684 1590 584.

942 1614 1017 1644 522.
1052 1614 1219 1657 J'irgntta
1239 1615 1363 1643 sonant
1389 1609 1502 1645 lauro,
1528 1609 1685 1644 siquidem

895 1661 969 1696 ipsa
993 1663 1106 1690 laurea
1128 1666 1211 1690 sunt.
1258 1661 1387 1688 Laurus
1412 1661 1517 1685 autem
1549 1655 1684 1702 incensa

895 1709 992 1736 valde
1014 1708 1155 1742 crepitat.
1182 1706 1221 1736 cf.
1236 1707 1295 1735 Ov.
1315 1705 1349 1733 F.
1377 1701 1406 1740 1,
1430 1700 1494 1730 344
1520 1709 1587 1729 non
1612 1708 1684 1728 exz-

894 1760 966 1792 guo
993 1750 1115 1782 laurus
1141 1749 1272 1781 adusta
1294 1758 1386 1778 sono.
1431 1747 1516 1776 Plin.
1535 1746 1603 1774 NH.
1619 1743 1683 1794 vlf),

894 1796 936 1825 40
966 1794 1102 1827 Laurus
1139 1794 1276 1838 quidem
1315 1789 1502 1831 manifesto
1543 1788 1685 1839 abrincat

894 1840 995 1883 ignes
1032 1841 1163 1883 crepitu
1197 1843 1228 1871 ct
1260 1837 1410 1881 quodam
1443 1835 1682 1866 detestatione.

894 1890 986 1918 Lucr.
1012 1887 1041 1925 6,
1072 1887 1131 1917 153
1163 1884 1232 1917 Nec
1256 1894 1309 1915 res
1331 1882 1407 1914 ulla
1432 1880 1560 1922 magis,
1579 1889 1682 1920 quam

899 1931 1023 1963 Phoebi
1053 1930 1220 1973 Delphica
1242 1930 1364 1961 laurus
1391 1925 1539 1959 terribili
1567 1924 1684 1955 sonitu

883 1978 1034 2018 flamma
1060 1977 1251 2020 crepitante
1273 1977 1457 2007 crematur.
1480 1989 1524 1993 —-
1548 1974 1599 2002 Ad
1616 1980 1683 2002 rem

894 2022 946 2062 10,
974 2023 1050 2054 405.

939 2080 1014 2111 524.
1043 2080 1127 2112 dant
1155 2078 1305 2111 sonitum
1329 2079 1368 2109 cf.
1398 2076 1429 2115 2,
1454 2074 1529 2105 698.

938 2137 1014 2168 527.
1039 2136 1155 2168 nescia
1196 2134 1306 2166 vinci:
1352 2137 1427 2164 Hor.
1469 2134 1503 2163 C.
1543 2129 1573 2170 1,
1597 2130 1645 2177 (3,<
1661 2129 1680 2158 6

896 2182 1039 2214 Pelidae
1065 2180 1273 2213 stomachum
1305 2178 1422 2210 cedere
1443 2175 1561 2208 nescii.
1613 2174 1680 2206 Νε-

893 2228 994 2264 scine,
1023 2231 1077 2265 qui
1092 2230 1203 2259 nescit.
1218 2228 1312 2258 facile
1328 2226 1519 2255 infinitivum
1532 2222 1679 2252 assumit.

892 2277 938 2305 Cf.
966 2274 995 2312 4,
1022 2274 1098 2304 564.

937 2331 1012 2361 529.
1047 2334 1236 2366 sonantem,
1267 2330 1455 2360 referentem
1485 2331 1513 2356 et
1538 2326 1680 2362 glorian—

891 2383 953 2408 tem
977 2383 1010 2408 ut
1036 2378 1171 2414 Mart.5,
1193 2374 1244 2413 17,
1271 2375 1285 2404 l
1316 2373 1404 2404 Dum
1427 2381 1577 2414 proavos
1602 2373 1682 2399 ata-

891 2432 1017 2464 vosque
1042 2423 1152 2461 refers
1175 2419 1362 2451 etnomina
1385 2427 1532 2460 magna.
1557 2414 1608 2446 Pl.
1625 2424 1680 2451 pro

890 2472 922 2500 et
947 2478 1089 2499 anorum
1112 2469 1194 2499 coni.
1219 2470 1413 2496 atavorum.

940 2525 1015 2555 530.
1048 2527 1128 2555 Eius
1154 2527 1292 2556 maiores
1315 2531 1425 2554 omnes
1448 2529 1539 2558 reges
1553 2520 1682 2550 fuerunt

895 2575 978 2608 apud
1006 2573 1149 2602 Latinos.
1199 2587 1237 2592 --
1296 2568 1345 2600 ΡΙ.
1370 2578 1425 2606 pro
1458 2570 1571 2598 actum
1597 2566 1680 2608 coni.

895 2621 1046 2648 auctum.

941 2662 1016 2693 532.
1049 2664 1152 2693 Curru
1199 2663 1339 2692 deiectus
1382 2663 1490 2690 subter
1532 2660 1602 2688 lora
1649 2661 1680 2686 et

895 2718 993 2744 equos
1018 2710 1140 2744 incidit,
1163 2717 1183 2738 a
1209 2709 1326 2743 quibus
1352 2706 1538 2739 conteritur;
1567 2704 1677 2739 iunge:

892 2757 1015 2792 ungula
1046 2755 1145 2784 incita
1170 2763 1229 2783 nec
1250 2760 1422 2782 memorum
1447 2750 1565 2780 domini
1583 2757 1680 2784 equo·

894 2809 963 2830 rum
989 2803 1096 2830 crebro
1121 2802 1219 2836 pulsu
1242 2806 1339 2833 super
1363 2798 1536 2833 proculcat.

940 2843 1016 2874 534.
1042 2854 1104 2874 nec
1126 2842 1258 2874 domini
1286 2845 1308 2872 i.
1333 2852 1360 2872 e.
1390 2851 1430 2872 ne
1459 2840 1579 2870 domini
1607 2840 1679 2875 qui-

895 2893 974 2921 dem.
1024 2892 1077 2921 Sic
1109 2899 1170 2919 nec
1193 2890 1306 2919 fortius
1335 2896 1460 2925 negans
1491 2894 1587 2922 quam
1610 2893 1680 2914 non

894 2939 929 2966 E.
955 2934 985 2973 9,
1011 2934 1040 2965 6.
1064 2940 1094 2965 et
1117 2937 1197 2965 alibi
1223 2936 1261 2965 cf.
1287 2937 1339 2964 Gr.
1364 2934 1396 2969 S.
1420 2930 1496 2971 398,
1520 2930 1552 2961 2.

945 2980 1021 3010 536.
1046 2983 1176 3010 aurata
1212 2983 1384 3019 tempora,
1431 2987 1527 3015 quum
1565 2980 1680 3008 habeat

898 3029 1024 3065 galeam
1042 3031 1189 3057 auratam
1215 3027 1253 3057 cf.
1280 3024 1313 3064 7,
1335 3023 1412 3055 684.
