2023 3350
215 157 294 197 198

777 155 814 187 P.
839 153 1038 188 VIRGILII
1061 155 1274 190 MARONIS

324 265 498 307 Talibus
538 264 713 316 orabat3
756 265 953 319 talesque
987 266 1228 309 miserrima
1259 268 1384 311 fletus

214 324 397 376 Fertque
431 321 650 375 refertque
683 336 818 364 soror.

890 323 973 365 Sed
1011 324 1140 366 nullis
1169 325 1242 366 ille
1275 331 1471 369 movetur

211 380 404 421 Fletibus
433 382 509 420 aut
543 393 667 420 voces
706 380 818 421 ullas
850 380 1097 422 tractabilis
1136 382 1279 435 audit3

212 437 322 478 Fata
358 435 532 477 obstant
562 435 845 490 placidasque
882 438 963 479 viri
997 437 1101 479 deus
1140 438 1328 481 obstruit
1362 454 1500 483 aures.

1772 444 1856 483 440

213 494 275 534 Ac
313 493 430 534 velut
472 507 634 535 annoso
671 493 862 536 validam
893 509 1024 548 quum
1058 494 1216 537 robore
1252 510 1458 550 quercum

213 550 358 603 Alpini
389 550 555 592 Boreae
585 565 698 592 nunc
735 552 837 593 hinc
870 566 982 594 nunc
1014 551 1189 594 flatibus
1224 553 1344 596 illinc

212 608 375 649 Eruere
404 608 518 649 inter
549 622 594 650 se
624 612 812 661 certant3
851 610 887 651 it
917 609 1081 651 stridor
1114 613 1158 651 et
1197 611 1313 652 altae

214 664 502 706 Consternunt
532 669 697 707 terram
732 681 938 709 concusso
972 667 1119 721 stipite
1153 666 1351 719 froncles3

213 722 313 775 Ipsa
344 722 494 764 haeret
533 724 739 777 scopulis,
776 728 835 776 et,
877 729 1087 778 quantum
1118 725 1277 767 vertice
1311 725 1368 766 ad
1396 740 1526 768 auras

1773 729 1857 768 445

212 779 461 831 Aetherias,
498 783 671 822 tantum
704 781 852 824 radice
882 783 928 824 in
961 783 1147 824 Tartara
1185 782 1348 824 tendit:

213 835 342 878 Haud
375 850 496 878 secus
533 838 727 881 adsiduis
762 840 864 881 hinc
903 843 1035 893 atque
1073 839 1176 881 hinc
1215 839 1392 882 vocibus
1428 840 1555 883 heros

214 893 442 946 Tunditur‚
485 898 528 936 et
567 910 724 950 magno
762 898 975 952 persentit
1007 900 1184 952 pectore
1226 911 1377 940 curas:

213 951 333 993 Mens
370 952 551 994 immota
589 957 758 1006 manet;
794 954 1002 997 lacrimae
1035 955 1267 997 volvuntur
1304 955 1466 997 inanes.

329 1008 436 1050 Tum
474 1024 573 1052 vero
610 1011 761 1053 infelix
801 1012 905 1054 fatis
945 1012 1154 1055 exterrita
1185 1012 1298 1054 Dido

1777 1013 1861 1052 450

213 1065 399 1108 Mortem
437 1071 556 1119 orat3
598 1069 748 1111 taedet
782 1070 893 1112 caeli
932 1084 1122 1112 convexa
1155 1070 1281 1122 tueri,

214 1122 307 1174 Quo
345 1124 483 1178 magis
515 1125 734 1180 inceptum
771 1131 976 1182 peragat,
1017 1128 1244 1183 lucemque
1281 1126 1514 1180 relinquat.

215 1283 327 1315 latam
354 1289 469 1317 monte
489 1296 516 1318 r.
562 1290 726 1324 Addituue
751 1293 913 1327 „Magnos
938 1298 1018 1320 con-

214 1331 277 1360 ieci
304 1333 449 1367 reginam
476 1335 670 1369 promisisse
702 1341 829 1365 montes
863 1336 934 1365 auri
964 1344 1018 1364 ar-

216 1378 368 1412 gentique
398 1379 602 1414 altorumque
636 1381 853 1416 praemiorum
883 1382 914 1410 in
952 1385 1016 1410 tam

215 1423 328 1457 exigui
347 1425 494 1454 beneficii
515 1426 683 1461 gratiam&
727 1428 768 1455 At
786 1428 814 1455 si
831 1427 904 1461 quis
919 1435 1018 1456 mons

216 1468 308 1504 dicit,
341 1470 414 1504 quis
442 1476 548 1505 potest
574 1473 757 1507 intelligere
783 1473 852 1501 auri
876 1477 1015 1509 montes,

216 1517 246 1541 et
274 1516 301 1544 si
328 1511 462 1545 dederit
486 1518 526 1546 A.
553 1525 624 1546 eant
651 1519 799 1554 veniam,
831 1519 904 1552 quis
935 1515 1016 1546 tibi

214 1560 382 1594 supplebit
425 1563 465 1589 ad
498 1560 694 1592 remittam!
776 1560 837 1592 [ΑΙ.
881 1560 1016 1592 dederit

216 1609 247 1633 et
277 1606 439 1639 explicat:
494 1608 574 1636 Dies
604 1609 645 1636 ist
679 1609 731 1637 die
764 1609 863 1637 letzte
899 1611 1014 1645 Gunst,

216 1657 270 1678 um
297 1651 348 1678 die
373 1651 427 1680 ich
455 1649 514 1681 ihn
545 1654 638 1689 bitte;
669 1670 714 1674 —-
746 1654 823 1689 (sed
855 1662 917 1688 quo
950 1655 1013 1682 iam

216 1696 392 1730 pertinent:
424 1698 580 1727 miserere
608 1700 777 1735 sororis-le)
804 1702 956 1734 gewalirt
980 1708 1014 1728 er

216 1741 265 1769 sie
297 1742 371 1777 mir.
408 1751 446 1771 so
476 1744 547 1772 will
585 1745 636 1773 icti
668 1746 717 1773 sie
753 1747 854 1774 durch
887 1746 1015 1774 meinen

216 1787 284 1815 Totl
303 1787 459 1817 reiculictt
478 1792 658 1824 vergelten.
695 1793 766 1819 Den
780 1792 901 1819 letzten
916 1793 1016 1819 &Vor-

217 1835 270 1860 ten
292 1833 368 1866 liegt
392 1834 442 1862 die
464 1836 675 1869 Vorstellnng
700 1844 742 1864 zu
765 1838 908 1870 Grunde,
936 1838 1014 1865 dass

215 1878 297 1906 Aen.
331 1879 432 1907 durch
463 1881 525 1908 den
549 1883 617 1909 Tod
644 1883 701 1909 der
728 1882 793 1910 ihm
817 1884 1016 1911 vernassten

214 1923 297 1951 Dido
330 1931 396 1952 von
427 1927 605 1955 schweren
631 1929 756 1962 Sorgen
788 1927 902 1955 befreit
926 1936 1016 1956 wer-

215 1969 278 1996 den
303 1970 387 1998 wird
411 1970 458 2005 (l)
508 1973 573 2000 Sed
604 1974 766 2006 quomodo
794 1975 879 2001 hanc
905 1973 1016 2001 conci-

217 2021 294 2048 pere
345 2020 472 2049 poterat
513 2017 594 2045 Dido
638 2018 857 2047 sententiam?
930 2016 1015 2059 Wg.

215 2067 301 2087 nunc
328 2061 486 2098 explicat,
511 2063 608 2091 Anna
634 2064 662 2092 si
690 2068 720 2092 tu
747 2064 824 2092 milti
850 2066 913 2092 hoc
940 2071 1016 2098 gra-

215 2108 282 2133 tum
322 2105 461 2143 feceris,
507 2112 743 2137 remunerabor
774 2110 834 2147 ita,
876 2112 1015 2144 utplus

215 2150 304 2178 feras
345 2158 364 2179 a
397 2159 463 2188 me,
511 2161 605 2187 quam
641 2162 702 2189 ego
736 2162 755 2183 a
790 2159 821 2183 te
852 2162 1015 2190 accepero

215 2195 361 2231 (scilicet
380 2199 608 2235 testamento),
629 2202 748 2237 morte,
768 2208 865 2235 quum
883 2202 1015 2238 moriar,

214 2246 437 2276 memoratque
468 2251 590 2273 morem
618 2247 842 2275 Romanorum
873 2247 1014 2281 legando

211 2286 245 2314 in
270 2289 475 2318 testamentis
497 2298 594 2319 suum
612 2291 756 2320 indicare
775 2299 930 2320 amorem.
974 2293 1017 2321 At

214 2333 289 2366 quid
318 2333 446 2363 iudicas
479 2336 518 2364 de
555 2336 669 2371 regina
709 2337 816 2366 sorori
855 2338 1016 2372 pecunias

213 2381 409 2407 testamento
441 2387 525 2414 quae
559 2382 734 2417 promittit?
787 2385 828 2412 Et
857 2383 932 2418 quid
966 2386 1016 2412 est

213 2420 419 2453 remittam?

213 2498 420 2531 437—469.
469 2500 541 2532 Nec
571 2499 694 2533 Annae
728 2500 892 2544 precibus
923 2501 1017 2534 cedit

540 2545 689 2578 Aeneas.

258 2601 335 2631 438.
361 2602 431 2639 fert
463 2602 640 2645 refertque
671 2605 804 2641 [Simile
839 2610 889 2635 est
921 2602 1016 2645 itque

213 2645 373 2687 reditque
403 2647 515 2685 viam)
554 2650 574 2679 i.
607 2659 635 2679 e.
666 2652 783 2679 iterum
814 2655 844 2679 et
876 2651 1013 2686 saepius

214 2691 290 2725 sert,
322 2698 353 2722 ut
388 2694 437 2731 12,
463 2695 540 2724 866.
590 2697 649 2725 Ov.
677 2697 775 2725 Trist.
808 2695 840 2733 1,
868 2697 906 2733 7,
931 2697 951 2725 6
979 2694 1013 2725 ἰη

216 2734 331 2777 digito
369 2738 428 2779 qni
465 2748 517 2769 me
546 2740 695 2780 fersque
730 2740 909 2781 refersque
944 2744 1013 2771 tuo.

213 2783 262 2811 Ita
287 2783 351 2812 Cic.
379 2787 442 2813 Att.
466 2784 504 2821 2,
542 2786 581 2815 13
614 2784 677 2816 tibi
708 2784 891 2827 epistolam
927 2785 1015 2817 iussi

214 2825 356 2866 referri,
380 2830 400 2858 i.
427 2839 454 2859 e.
483 2831 597 2860 iterum
624 2833 712 2861 mitti.
763 2832 809 2862 Cf.
833 2831 909 2861 556.

260 2871 336 2902 439.
364 2876 442 2911 aut,
473 2873 534 2906 Rb.
560 2878 643 2906 dedit
667 2875 764 2907 haut.

259 2917 336 2947 443.
369 2917 512 2950 Certant
556 2930 629 2951 cum
673 2923 829 2952 infinitivo
870 2923 1013 2957 iungitur

206 2964 330 2993 'eodem
355 2966 450 2994 modo
476 2965 513 3004 2,
540 2967 593 2996 64.
629 2967 666 3003 5,
694 2967 767 2997 194.
805 2967 842 3004 6,
868 2967 941 2997 178.
981 2968 1013 3005 9,

214 3008 291 3039 520.
313 3008 390 3038 533.
422 3009 497 3039 557.
545 3012 596 3049 10,
624 3013 699 3042 130.
741 3016 777 3042 G.
801 3012 833 3051 2,
862 3013 934 3042 100.
976 3016 1013 3043 Ε.

214 3056 246 3088 5,
268 3053 289 3082 9
308 3059 337 3082 et
355 3062 406 3090 ap.
429 3057 525 3085 Lucr.
546 3059 622 3087 Hor.
642 3060 702 3088 Ov.
721 3062 802 3088 Stat.
822 3059 879 3089 Sil.
896 3059 1013 3088 deinde

1064 1292 1113 1320 Pl.
1136 1292 1218 1320 Pan.
1244 1289 1299 1319 81.
1344 1291 1429 1320 Curt.
1454 1289 1491 1327 9,
1516 1287 1554 1327 4,
1583 1288 1637 1318 23.
1688 1289 1736 1318 Cf.
1764 1291 1803 1318 ad
1829 1288 1866 1329 2,

1065 1334 1119 1365 33.
1150 1352 1195 1356 —
1224 1333 1321 1365 altae
1347 1338 1415 1364 FM.
1444 1337 1487 1364 al.
1521 1332 1592 1364 alte
1621 1338 1716 1363 Serv.
1764 1336 1862 1364 Altae

1063 1381 1198 1410 frondes
1222 1381 1256 1409 vi
1280 1382 1368 1410 venti
1393 1382 1431 1409 ad
1460 1385 1578 1409 terram
1605 1381 1839 1415 deprimuntur.

1110 1425 1188 1456 445.
1215 1434 1344 1455 auras:
1381 1423 1461 1455 Lch.
1486 1427 1609 1455 mavult
1635 1433 1723 1455 oras.

1109 1471 1186 1501 445.
1213 1470 1289 1500 446.
1316 1474 1468 1507 leguntur
1494 1474 1529 1500 G.
1554 1471 1592 1507 2,
1617 1471 1695 1500 292.

1108 1515 1185 1547 447.
1212 1515 1293 1546 ltiuc
1318 1520 1422 1556 atque
1449 1514 1546 1554 hinc,
1572 1517 1614 1546 cf.
1646 1516 1678 1555 l,
1707 1516 1780 1546 162.

1107 1562 1185 1592 449.
1216 1560 1399 1592 Lacrimae
1424 1571 1472 1592 sc.
1491 1565 1638 1600 Aeneae,
1664 1571 1738 1592 nam
1765 1571 1865 1597 quer-

1061 1617 1122 1638 cus
1146 1613 1196 1638 est
1221 1617 1315 1637 mens
1340 1606 1483 1637 immota
1508 1609 1527 1637 i.
1549 1617 1577 1637 e.
1599 1610 1732 1638 Aeneas
1752 1609 1864 1638 firmus

1060 1655 1116 1683 ille
1141 1659 1170 1683 et
1196 1655 1258 1683 diis
1284 1662 1417 1689 parens,
1442 1654 1575 1683 frondes
1600 1656 1768 1683 decussae
1789 1658 1865 1684 sunt

1061 1701 1218 1729 lacrimae
1240 1701 1446 1728 vehementis
1480 1705 1587 1728 motus
1619 1701 1725 1735 signa.
1777 1697 1864 1729 Hclr.

1063 1748 1132 1775 vult
1155 1754 1232 1775 esse
1257 1747 1415 1775 lacrimas
1440 1746 1588 1774 Didonis.

1064 1848 1268 1882 450—473.
1318 1848 1447 1881 Mortis
1474 1847 1613 1881 suturae
1640 1848 1756 1882 omina
1773 1849 1864 1882 Dido

1369 1894 1560 1935 cognoscit.

1109 1968 1186 1999 450.
1214 1970 1313 2007 Dido,
1345 1978 1442 2004 quum
1474 1977 1588 1999 omnes
1621 1976 1761 2000 conatus
1787 1972 1866 2000 reti-

1064 2017 1163 2044 nendi
1186 2017 1322 2044 Aeneae
1347 2015 1469 2045 frustra
1493 2016 1704 2054 cecidissent,
1728 2017 1791 2046 iam
1813 2018 1865 2046 vi-

1064 2066 1130 2090 tam
1159 2069 1279 2096 perosa
1297 2064 1400 2090 multa
1424 2069 1628 2096 cognoscere
1648 2063 1710 2090 sibi
1735 2064 1866 2092 videtur

1064 2107 1189 2143 omina,
1224 2108 1341 2142 quibus
1371 2108 1411 2136 ad
1438 2112 1573 2135 mortem
1597 2107 1794 2142 impellatur.
1820 2124 1866 2128 —

1058 2150 1151 2190 fatis
1178 2150 1357 2182 exterrita.
1408 2155 1488 2182 Nam
1513 2157 1727 2191 exterremur,
1753 2154 1781 2183 si
1806 2162 1866 2184 su-

1062 2199 1130 2227 bita
1156 2199 1267 2233 aliqua
1289 2206 1344 2227 res
1370 2198 1498 2226 incidit:
1539 2197 1603 2226 fata
1627 2204 1752 2236 autem,
1780 2207 1865 2234 quae

1063 2244 1128 2272 iam
1152 2245 1205 2272 diu
1236 2244 1344 2280 suere,
1376 2251 1464 2272 nunc
1493 2244 1620 2271 demum
1651 2245 1681 2272 ei
1711 2246 1865 2274 accidere

1063 2290 1224 2327 dicuntur,
1249 2290 1333 2324 quod
1360 2297 1447 2317 nunc
1473 2290 1600 2317 demum
1624 2289 1693 2319 fata
1714 2299 1793 2320 esse
1814 2292 1866 2320 in-

1063 2335 1196 2371 telligit,
1240 2335 1357 2369 quibus
1387 2335 1522 2363 Aeneas
1559 2335 1599 2363 ad
1630 2336 1777 2374 Italiam,
1823 2338 1864 2366 ad

1064 2385 1201 2409 mortem
1226 2385 1365 2408 vocetur
1385 2379 1471 2415 ipsa.

1108 2424 1185 2454 451.
1216 2422 1363 2454 Mortem
1386 2427 1483 2459 orat;
1512 2425 1602 2463 petit,
1626 2430 1659 2455 ut
1675 2427 1737 2456 sihi
1757 2428 1867 2464 detur3

1064 2475 1197 2505 propter
1225 2478 1266 2500 ea
1298 2478 1383 2505 uuae
1411 2476 1610 2506 sequuntur:
1647 2480 1714 2511 quo
1746 2470 1867 2514 magis

1063 2517 1238 2556 peragat,
1274 2513 1326 2545 Pl.
1357 2518 1428 2545 vult
1455 2518 1570 2556 optat,
1602 2518 1754 2552 additque
1785 2526 1867 2555 „cur
1924 2547 1931 2554 ,

1065 2565 1190 2598 oraret,
1235 2563 1321 2596 quod
1357 2562 1419 2591 sibi
1452 2563 1528 2597 ipsa
1559 2563 1637 2591 dare
1671 2567 1797 2598 poterat
1834 2569 1864 2593 et

1065 2608 1141 2635 dare
1161 2607 1388 2636 decreverat‘⁴.
1439 2604 1539 2637 Caeli
1555 2615 1708 2637 convexa
1727 2609 1866 2644 saepius

1063 2656 1181 2687 poetae
1205 2653 1367 2682 dixerunt.
1416 2653 1562 2682 Praeivit
1595 2657 1627 2682 ut
1655 2654 1784 2682 videtur
1811 2655 1866 2684 Ci-

1063 2705 1138 2726 cero
1169 2698 1201 2726 in
1231 2699 1362 2727 Arateis
1400 2707 1433 2727 v.
1471 2697 1554 2727 314:

1062 2740 1151 2772 caeli
1176 2741 1276 2772 orbis.

1108 2787 1185 2817 452.
1213 2798 1279 2828 quo
1293 2790 1448 2828 peragat
1462 2804 1507 2808 —
1523 2785 1632 2817 vidit.-
1655 2796 1740 2825 „qno
1758 2790 1864 2824 magis

1061 2834 1225 2869 inceptum
1254 2839 1399 2869 peragat,
1424 2842 1463 2862 eo
1490 2833 1677 2869 impellitur,
1701 2836 1787 2867 quod
1811 2836 1864 2863 vi-

1062 2878 1138 2907 dit.“
1172 2877 1255 2920 Wg.
1303 2879 1506 2908 Periculosis
1531 2879 1602 2907 eius
1625 2879 1712 2907 modi
1737 2881 1864 2909 machi-

1060 2925 1112 2954 nis
1143 2933 1226 2960 opus
1258 2933 1324 2954 non
1348 2929 1415 2961 est,
1449 2928 1480 2952 ut
1505 2925 1598 2959 leges
1630 2926 1865 2959 grammaticae

1062 2975 1247 3007 serventur,
1269 2971 1297 3000 si
1313 2973 1415 2999 verba
1431 2969 1550 3006 iungis,
1577 2973 1609 2998 ut
1625 2977 1728 3005 supra
1740 2970 1861 3000 factum

1062 3023 1141 3044 esse
1178 3016 1283 3045 vides.
1323 3031 1367 3036 —-
1407 3012 1534 3053 lucem,
1572 3015 1672 3044 vitam
1711 3016 1751 3045 cf.
1785 3015 1864 3046 631.

1065 3059 1123 3098 12,
1154 3060 1209 3089 62.

1602 2699 1655 2727 ubi
1694 2707 1866 2729 convexus
1924 2718 1929 2719 ν
