2023 3350
7 223 11 242 9

724 43 960 78 AENEIDOS
991 48 1076 79 LlB.
1103 48 1163 80 xl.

1678 50 1758 87 567

127 160 368 203 Clamorem
407 158 566 201 tollunt
604 160 647 198 et
676 157 824 199 mollia
860 159 972 201 colla
1007 160 1250 206 reflectunt:

126 218 182 259 Hi
220 218 387 272 fugiunt
427 216 682 270 penitusque
722 214 834 257 datis
874 216 1119 259 referuntur
1154 218 1342 261 habenis.

126 276 272 326 Qualis
306 274 378 315 ubi
418 273 584 314 alterno
628 286 885 326 procurrens
919 275 1089 329 gurgite
1123 280 1278 329 pontus

123 333 247 374 Nunc
282 332 369 372 ruit
402 330 457 371 ad
494 332 656 371 terram
694 332 978 385 scopulosque
1016 333 1247 386 superiacit
1278 333 1394 375 unda

1676 334 1757 372 625

124 390 329 444 Spumeus
368 390 686 441 extremamque
720 388 813 430 sinu
846 389 1066 443 perfundit
1098 405 1283 441 arenam,

121 448 243 488 Nunc
280 444 454 499 rapidus
490 448 606 486 retro
647 448 779 499 atque
811 451 932 488 aestu
968 448 1165 489 revoluta
1202 447 1426 490 resorbens

124 505 237 546 Saxa
270 502 381 556 fugit
415 501 601 556 litusque
637 503 746 545 vado
785 503 958 546 labente
997 504 1214 558 relinquit.

120 562 192 603 Bis
221 560 344 601 Tusci
380 559 560 601 Rutulos
599 573 722 613 egere
759 561 815 603 ad
854 562 1024 604 moenia
1057 576 1221 609 versos:

118 618 190 659 Bis
227 616 374 659 reiecti
413 618 542 659 armis
577 622 823 672 respectant
859 623 984 673 terga
1022 623 1225 673 tegentes.

1672 620 1754 659 630

118 675 261 716 Tertia
294 675 367 716 sed
405 679 635 729 postquam
676 677 891 730 congressi
925 677 968 718 in
1004 677 1184 731 proelia,
1226 680 1342 718 totas

116 732 369 786 Implicuere
407 733 518 774 inter
551 747 595 774 se
630 734 761 785 acies,
798 734 988 787 legitque
1023 736 1159 776 virum
1195 735 1281 776 vir:

115 789 220 831 Tum
256 804 356 832 vero
392 794 435 831 et
464 791 645 844 gemitus
683 791 959 842 morientum,
1000 796 1043 833 et
1081 792 1286 846 sanguine
1319 792 1362 832 in
1401 789 1490 831 alto

115 848 352 901 Armaque,
385 862 674 902 corporaque,
710 852 753 890 et
789 850 990 903 permixti
1029 849 1159 891 caede
1197 850 1384 891 virorum

115 905 392 947 Semianimes
426 906 652 947 volvuntur
692 907 809 959 equi3
856 921 1001 960 pugna
1037 921 1192 961 aspera
1229 907 1378 960 surgit.

1670 905 1751 944 635

115 962 363 1004 Orsilochus
401 964 582 1015 Remuli,
625 963 797 1017 quando
834 964 974 1018 ipsum
1011 964 1219 1006 horrebat
1258 965 1388 1010 adire,

112 1020 293 1062 Hastam
332 1021 506 1062 intorsit
541 1036 667 1075 equo,
707 1021 952 1075 ferrumque
984 1022 1062 1063 sub
1105 1036 1209 1063 aure
1247 1022 1432 1076 reliquit.

113 1078 205 1128 Quo
245 1079 414 1132 sonipes
447 1079 536 1120 ictu
574 1079 680 1120 furit
714 1079 875 1120 arduus
916 1079 1090 1133 altaque
1125 1080 1259 1121 iactat

112 1135 308 1177 Volneris
345 1137 574 1191 impatiens
612 1140 782 1178 arrecto
825 1141 1000 1190 pectore
1042 1151 1180 1178 crura.

112 1193 307 1235 Volvitur
343 1194 415 1235 ille
454 1208 655 1235 excussus
688 1193 818 1235 humi.

151 1345 229 1374 622.
256 1347 439 1374 Clamorem
453 1346 604 1373 solebant
622 1347 738 1374 tollere
754 1346 902 1378 Romani,

108 1393 238 1426 quando
269 1399 410 1426 pugnam
446 1391 593 1425 ciebant;
640 1391 689 1419 sic
720 1391 751 1427 9,
778 1391 831 1419 38.
860 1391 900 1420 cf.

107 1439 205 1467 Caes,
230 1439 296 1466 BG.
322 1436 352 1472 3,
382 1436 435 1466 92.
476 1436 688 1473 „Antiquitas
719 1437 900 1465 institutum

107 1488 177 1518 est,
218 1488 249 1510 ut
287 1483 385 1516 signa
418 1482 558 1515 undique
586 1482 795 1510 concinerent
828 1484 898 1510 cla-

105 1536 292 1562 moremque
311 1528 458 1556 universi
473 1529 635 1563 tollerent,
663 1528 780 1562 quibus
800 1531 899 1557 rebus

879 1195 1058 1236 Catillus
1098 1195 1250 1245 Iollan,

1666 1195 1749 1233 640

948 1346 1078 1374 affertur
1103 1345 1134 1379 6,
1169 1345 1235 1373 229
1261 1342 1370 1373 socios
1395 1341 1608 1373 circumtulit
1641 1341 1747 1374 nitido.

949 1396 981 1419 ut
1016 1388 1113 1420 unda
1148 1399 1205 1426 per
1238 1400 1275 1419 se
1309 1391 1390 1419 satis
1425 1392 1559 1425 probum
1593 1391 1746 1423 exemplo

947 1438 1115 1471 probetur.

990 1482 1067 1511 626.
1095 1479 1195 1511 sinu:
1224 1482 1442 1519 „curvatione
1468 1484 1499 1508 et
1529 1480 1615 1509 flexu
1643 1482 1747 1508 unda-

945 1527 1049 1557 rumf‘
1078 1531 1110 1557 S.
1162 1524 1210 1557 ΡΙ.
1245 1529 1297 1556 dat
1334 1529 1450 1563 aestu,
1495 1534 1595 1561 quare
1636 1526 1745 1555 statim

106 1580 135 1604 et
162 1576 275 1602 hostes
301 1574 415 1602 terreri
445 1579 474 1601 et
507 1581 589 1602 suos
621 1574 747 1602 incitari
781 1573 897 1603 existi·
942 1577 1041 1603 aestu
1062 1574 1191 1609 cogitur
1209 1579 1334 1602 mutare
1359 1574 1389 1601 in
1415 1569 1450 1601 in
1479 1568 1534 1601 se!

105 1619 312 1650 ntaveruitt.“
360 1621 438 1648 Inde
465 1619 580 1654 proelii
607 1619 730 1648 initium
757 1620 829 1648 Liv.
847 1618 902 1655 23,

107 1665 149 1694 16
171 1666 295 1694 indicat
320 1665 385 1694 sic:
425 1662 614 1693 Marcellus
638 1663 744 1703 signa
779 1673 904 1694 canere

105 1709 359 1750 clamoremque
396 1708 473 1740 tolli
510 1707 612 1738 iubet.
661 1714 770 1745 Saepe
802 1712 901 1739 etiam

105 1758 241 1786 iteratus
267 1761 315 1785 est
331 1758 454 1785 clamor
468 1756 500 1784 in
520 1756 593 1790 ipso
612 1757 746 1792 proelio,
771 1758 901 1790 quando

106 1803 192 1832 facto
222 1803 332 1835 aliquo
358 1802 537 1830 alacriores
571 1803 787 1830 reddebantur
818 1802 903 1831 mili-

105 1853 172 1878 tum
194 1849 308 1883 animij.
338 1849 387 1876 sic
414 1849 442 1875 b.
467 1849 488 1875 l.
515 1851 545 1874 et
567 1846 597 1883 9,
625 1847 700 1876 566.
729 1846 807 1876 664.
851 1848 902 1883 lo,

106 1892 185 1923 738.
226 1894 302 1922 895.
351 1894 443 1922 Adde
471 1892 543 1921 Liv.
580 1892 618 1929 8,
646 1891 690 1920 38
727 1891 777 1922 Ab
816 1890 902 1922 liora

105 1937 178 1970 diei
201 1936 305 1969 tertia
330 1936 377 1967 ad
401 1940 560 1967 octavam
587 1935 639 1966 ila
665 1947 791 1978 anceps
817 1936 903 1966 dici-

104 1988 163 2016 tur
191 1987 365 2014 certamen
389 1982 535 2015 stetisse.
562 1985 597 2012 ul
622 1992 732 2024 neque
757 1982 900 2019 clamor,

105 2033 144 2060 nt
173 2028 286 2071 primo
317 2028 421 2059 semel
452 2037 618 2058 concursu
652 2032 700 2058 est
731 2027 900 2059 sublatus.

105 2075 254 2107 iteratus
278 2073 339 2112 sit,
371 2083 481 2115 neque
511 2073 616 2115 signa
640 2078 800 2115 promota
828 2073 901 2104 Ioco

104 2125 240 2152 retrove
269 2124 420 2160 recepta.
446 2135 490 2140 —
518 2118 639 2149 mollia
662 2122 815 2157 „dontita,
841 2123 900 2150 do-

105 2170 256 2198 mitorum
282 2166 445 2197 scilicet.“
471 2170 504 2196 S.
531 2167 570 2195 cf.
592 2169 626 2195 G.
652 2166 683 2196 3.
706 2165 783 2196 ⁶204.

150 2224 228 2254 623.
258 2221 400 2253 Penitus
421 2222 625 2261 referuntur
650 2224 689 2252 cf.
719 2221 770 2261 12,
791 2223 867 2253 256.

151 2270 229 2300 624.
251 2270 459 2305 Comparatio
501 2274 552 2298 est
586 2277 659 2298 oum
701 2275 808 2304 ponto,
845 2270 898 2304 qui

106 2324 227 2353 magna
246 2317 278 2344 vi
303 2316 393 2345 venti
423 2316 610 2353 appellitur,
647 2322 749 2350 quare
791 2317 898 2344 undae

106 2371 184 2392 mox
210 2366 330 2397 partem
352 2361 460 2391 litoris
486 2365 614 2397 tegunt,
659 2369 737 2390 mox
761 2361 898 2391 refluunt

109 2410 142 2437 et
166 2410 326 2436 obtectam
349 2412 468 2436 terram
493 2410 653 2442 retegunt.

151 2453 227 2483 625.
254 2456 383 2482 terram
420 2461 486 2481 rec.
516 2450 580 2482 Hb.
618 2453 672 2487 qui
694 2454 807 2481 terras
835 2461 899 2480 non

106 2501 171 2529 nisi
196 2501 228 2528 in
252 2502 294 2529 Μ.
317 2499 382 2533 legi
406 2499 534 2527 videtur
557 2499 715 2534 indicare,
747 2498 843 2533 idque
869 2503 899 2526 et

108 2548 148 2575 ob
175 2542 331 2584 scopulos
359 2547 390 2572 et
422 2546 460 2573 ob
493 2542 622 2572 undam
654 2545 753 2579 potuit
777 2544 897 2572 inferri.

111 2605 148 2612 ——
179 2587 404 2629 scopulosque
443 2586 633 2628 superiacit
679 2587 811 2618 undam
838 2589 900 2618 b2c

108 2642 139 2666 et
164 2640 210 2672 S.‚
249 2636 300 2670 qut
327 2639 414 2663 recte
441 2637 568 2671 „Super
592 2637 751 2671 scopulos
777 2637 895 2664 undam

107 2683 194 2712 iacit.
242 2684 321 2711 Nam
354 2688 444 2709 more
468 2688 530 2709 suo
557 2681 642 2710 dedit
664 2683 763 2710 verbo
790 2683 898 2710 detra-

107 2730 195 2759 ctam
221 2727 341 2756 nomini
355 2724 666 2761 praepositionem,“
690 2727 729 2755 cf.
751 2725 801 2762 12,
820 2726 895 2754 508.

109 2791 153 2795 -—
180 2771 274 2802 unda
298 2771 461 2811 MPRybl,
491 2775 522 2800 et
546 2771 578 2799 in
594 2772 666 2800 eius
684 2773 897 2808 patrocinium

110 2821 241 2850 affertur
268 2819 324 2847 Sil.
353 2817 404 2852 15,
428 2815 508 2844 155.
548 2824 610 2850 quo
650 2819 724 2847 loco
753 2818 898 2847 imitatus

110 2873 189 2895 esse
214 2865 330 2894 dicitur
363 2864 512 2892 nostrum
546 2862 663 2898 Silius;
705 2865 762 2892 sed
788 2864 898 2892 conie-

110 2916 203 2941 ctura
211 2911 364 2941 scribitur
380 2905 530 2938 Isthmon
546 2930 553 2936 .
564 2929 570 2935 .
582 2930 588 2936 .
600 2905 778 2948 superiicit
787 2907 901 2944 unda3

110 2965 208 2994 quum
236 2957 268 2986 in
293 2958 375 2986 Mss.
401 2955 449 2985 sit
470 2950 653 2995 suberigit.
684 2955 781 2985 Aliud
795 2955 903 2984 simile

994 1630 1070 1658 627.
1101 1632 1192 1659 Nune
1223 1630 1304 1665 fugit
1329 1634 1415 1658 retro
1442 1630 1577 1664 rapidus
1601 1634 1630 1657 et
1647 1633 1743 1658 aestu

947 1678 1125 1704 resorbens
1150 1675 1284 1711 (secum
1310 1674 1457 1709 ducens)
1473 1677 1624 1703 revoluta
1647 1682 1743 1703 saxa.

948 1723 1099 1758 „Aestus
1125 1722 1255 1757 proprie
1281 1725 1330 1750 est
1363 1721 1463 1749 maris
1500 1721 1625 1749 incerta
1654 1729 1742 1749 com—

947 1765 1082 1796 mostof‘
1107 1769 1140 1795 S.

992 1812 1070 1841 628.
1095 1809 1188 1840 vado
1223 1809 1360 1840 labente
1396 1816 1458 1839 etc.
1507 1811 1623 1840 Omnia
1658 1813 1743 1839 baec

950 1860 988 1887 ad
1009 1863 1156 1886 naturam
1181 1858 1357 1892 descripsit
1382 1862 1490 1893 poeta,
1526 1865 1586 1885 nec
1612 1856 1742 1885 difficile

948 1905 978 1932 id
1005 1910 1073 1933 erat
1094 1904 1212 1933 bomini
1235 1905 1330 1939 Italo,
1364 1903 1419 1937 qui
1444 1904 1578 1931 multum
1603 1903 1743 1937 Neapoli

948 1955 1170 1978 commoratus
1197 1955 1257 1977 est.
1305 1951 1343 1978 Et
1377 1949 1431 1982 uui
1463 1948 1565 1976 maris
1588 1948 1667 1977 litus
1690 1949 1742 1976 vi-

947 1997 1001 2027 dit,
1050 1998 1153 2024 undas
1180 1995 1258 2023 vidit
1291 1996 1330 2023 ad
1360 1995 1483 2022 siccum
1509 1994 1630 2028 impetu
1656 1995 1741 2022 alla-

946 2044 1060 2071 bentes
1088 2044 1260 2070 albescere
1288 2046 1318 2068 et
1344 2047 1483 2075 spumas
1510 2047 1625 2076 agere;
1663 2048 1739 2069 mox

945 2095 1083 2122 spumas
1108 2087 1249 2116 celerius
1266 2093 1447 2122 recurrere,
1475 2088 1609 2121 paulum
1632 2093 1739 2120 aquae

944 2140 1114 2162 remanere
1139 2137 1168 2161 et
1201 2132 1325 2161 tardius
1357 2131 1471 2168 relabi,
1514 2136 1545 2160 ut.
1579 2137 1738 2167 sequente

946 2180 1033 2207 unda
1053 2178 1163 2213 excipi
1186 2180 1319 2206 soleret.

989 2223 1067 2253 632.
1093 2221 1275 2264 implicare
1296 2220 1397 2252 acies.
1425 2224 1474 2251 Ita
1497 2224 1575 2252 Sall.
1601 2225 1672 2258 lug.
1694 2222 1738 2251 59

950 2267 1026 2299 Non
1069 2271 1106 2299 ut
1144 2266 1295 2309 equestri
1326 2265 1460 2308 proelio
1501 2266 1606 2305 solet,
1640 2266 1739 2309 sequi

945 2313 1025 2345 dein
1052 2313 1171 2344 cedere
1201 2312 1262 2344 sed
1291 2311 1449 2343 adversis
1477 2312 1573 2354 equis
1596 2323 1736 2344 concur-

945 2369 1019 2390 rere
1040 2358 1221 2400 implicare
1246 2369 1286 2389 ac
1314 2357 1520 2399 perturbare
1548 2357 1667 2389 aciem.
1696 2376 1734 2381 —

946 2405 1035 2447 legit
1060 2404 1171 2435 virum
1197 2404 1250 2434 vir
1272 2406 1312 2435 cf.
1346 2405 1393 2438 10,
1421 2404 1496 2433 361.

991 2451 1069 2481 633.
1093 2454 1210 2481 Plures
1234 2451 1424 2481 nominativi
1440 2453 1530 2479 nullo
1551 2454 1652 2480 verbo
1677 2454 1734 2480 ad—

944 2500 1009 2527 dito
1035 2498 1075 2527 of.
1100 2498 1131 2535 2,
1154 2497 1228 2526 170,
1252 2513 1294 2517 —
1322 2498 1414 2526 Certe
1440 2498 1480 2525 ad
1494 2495 1648 2536 gemitus
1670 2506 1734 2527 non

944 2549 1052 2580 potest
1078 2543 1224 2572 construi
1248 2541 1448 2572 volvuntur.

988 2588 1067 2618 635.
1091 2597 1217 2629 pugna
1242 2596 1368 2628 aspera
1394 2585 1509 2627 surgit
1533 2589 1574 2616 cf.
1601 2588 1632 2626 9,
1657 2589 1732 2618 667.

989 2634 1066 2663 635.
1098 2631 1297 2662 Orsilochus
1312 2634 1474 2662 'l'roianus
1487 2638 1536 2662 est
1551 2634 1592 2662 cf.
1608 2642 1640 2663 v.
1656 2634 1732 2664 690.

944 2683 1056 2714 ltaque
1080 2682 1257 2713 Remulus,
1296 2680 1389 2708 cuius
1422 2687 1505 2713 equo
1530 2681 1658 2709 hastam
1685 2680 1733 2709 in-

943 2727 1035 2755 torsit
1061 2726 1197 2754 Latinus
1231 2725 1272 2754 cf.
1298 2724 1329 2761 9,
1356 2723 1430 2753 593.
1479 2741 1522 2744 ——
1573 2722 1734 2756 horrebat

944 2769 1055 2807 adire,
1079 2771 1208 2799 timebat
1235 2770 1275 2799 cf.
1301 2769 1332 2805 2,
1358 2769 1412 2798 31.

989 2816 1065 2845 637.
1091 2813 1246 2856 reliquit;
1284 2816 1394 2851 itaque
1431 2817 1535 2845 noluit
1572 2818 1733 2856 repetere,

945 2864 1004 2892 sed
1030 2862 1134 2890 rediit.

991 2906 1069 2936 640.
1094 2904 1248 2937 volvitur
1273 2904 1370 2936 humi
1391 2909 1433 2936 cf.
1455 2907 1483 2943 l,
1503 2906 1574 2937 193.
1601 2924 1643 2928 —
1668 2911 1732 2939 Ca-

944 2955 1036 2984 tillus
1060 2953 1245 2983 Tiburtibus
1267 2959 1398 2989 praeest
1417 2954 1457 2983 cf.
1480 2953 1512 2991 7,
1535 2953 1614 2984 672.
