2023 3350
703 101 941 135 AENEIDOS
972 102 1059 134 LIB.
1092 102 1153 134 lx.

1672 101 1756 141 443

104 216 340 269 Venatrix,
369 215 512 258 iaculo
545 213 727 257 celerem
767 213 1021 267 levibusque
1064 213 1260 268 sagittis3

103 276 161 317 Et
193 275 316 317 iuxta
353 287 493 315 comes
528 272 766 327 Euryalus,
808 286 892 326 quo
930 271 1153 326 pulchrior
1193 272 1304 313 alter

102 333 201 375 Non
241 332 325 373 fuit
359 329 606 372 Aeneadum
642 330 834 372 Troiana
864 343 1004 383 neque
1047 328 1189 370 induit
1226 342 1369 381 arma,

1677 328 1759 368 180

106 389 195 432 Ora
229 402 336 443 puer
371 388 513 442 prima
551 387 726 441 signans
762 388 936 430 intonsa
968 388 1154 428 iuventa.

104 447 184 489 His
219 459 340 488 amor
369 459 480 486 unus
513 448 623 497 erat,
662 446 914 499 pariterque
948 444 994 486 in
1026 443 1143 486 bella
1179 441 1386 495 1=uebant3

105 504 212 546 Tum
245 516 415 557 quoque
452 503 670 544 communi
706 506 880 557 portam
916 502 1104 544 statione
1141 499 1358 542 tenebant.

103 562 233 603 Nisus
271 560 354 602 ait:

412 559 524 601 Dine
561 560 676 602 hunc
710 560 911 602 ardorem
955 559 1172 601 mentibus
1205 557 1383 609 addunt,

103 617 312 672 Euryale,
356 629 412 658 an
449 631 527 658 sua
568 618 721 672 cuique
763 617 868 659 deus
904 616 954 658 fit
992 616 1088 658 dira
1130 614 1314 669 cupido?
1680 618 1698 656 1
1738 631 1741 637 Δ

1706 618 1730 656 α)

1737 616 1759 655 01

104 676 192 717 Aut
225 687 433 728 pugnam,
472 677 549 715 aut
583 674 749 729 aliquid
782 674 1034 717 iamdudum
1063 672 1269 716 invadere
1309 686 1515 726 magnum

104 733 226 774 Mens
261 732 402 785 agitat
440 732 563 783 mihi,
606 747 685 775 nec
721 732 896 786 placida
938 734 1142 773 contenta
1182 731 1328 783 quiete
1351 734 1428 773 est.

107 789 273 840 Cernis,
318 803 429 843 quae
469 790 654 832 Rutulos
690 790 852 832 habeat
888 789 1049 831 fiducia
1086 802 1253 830 rerum:

103 847 286 889 Lumina
328 860 429 888 rara
466 847 648 899 micant3
687 861 835 890 somno
868 847 1052 900 vinoque
1085 845 1217 888 soluti

106 903 403 956 Procubuere3
438 904 567 946 silent
600 905 690 947 late
725 906 834 947 loca.

895 904 1075 958 Percipe
1112 915 1259 957 porro,

1680 901 1763 940 190

105 961 218 1012 Quid
250 961 462 1013 dubitem,
500 965 543 1003 et
579 977 688 1016 quae
726 976 840 1004 nunc
876 962 1019 1003 animo
1060 960 1276 1002 sententia
1317 960 1479 1011 surgat.

105 1020 283 1072 Aenean
321 1019 456 1062 acciri
495 1032 663 1071 omnes,
699 1020 972 1074 populusque
1011 1021 1257 1072 patresque,

105 1077 378 1130 Exposcunt,
418 1076 617 1130 mittique
651 1077 786 1128 viros,
827 1077 902 1130 qui
939 1079 1059 1118 certa
1097 1075 1337 1129 reportent.

109 1134 154 1176 Si
186 1133 269 1176 tibi
311 1147 422 1187 quae
457 1147 589 1188 posco
630 1135 912 1188 promittunt,
952 1158 1008 1163 -—
1043 1146 1144 1174 nam
1184 1131 1291 1172 mihi
1326 1129 1432 1170 facti

105 1192 242 1233 Fama
279 1194 348 1233 sat
383 1194 448 1233 est
486 1216 544 1222 —
580 1192 747 1234 tumulo
778 1191 926 1233 videor
965 1189 1158 1244 reperire
1194 1187 1274 1230 sub
1312 1187 1388 1229 illo

106 1249 236 1291 Posse
277 1248 391 1289 viam
423 1248 480 1289 ad
514 1262 660 1290 muros
696 1253 738 1291 et
772 1248 944 1290 moenia
977 1247 1217 1288 Pallantea.

225 1305 447 1360 Obstipuit
480 1319 637 1360 magno
668 1305 849 1348 laudum
883 1318 1113 1359 percussus
1152 1316 1300 1345 amore

106 1449 166 1483 est,
193 1446 309 1475 Nisum
331 1446 424 1475 modo
453 1447 494 1474 ad
519 1454 644 1475 errores
669 1447 814 1481 Aeneae,
840 1454 902 1474 non

106 1492 205 1521 etiam
235 1491 269 1520 in
299 1493 420 1520 bellum
445 1492 583 1520 missum
616 1499 690 1520 esse
715 1493 903 1521 Troianum.

1008 1442 1084 1473 189.
1111 1441 1269 1480 lumina,
1310 1443 1403 1479 ignes
1435 1442 1585 1479 vigilum.
1619 1459 1656 1463 -
1682 1451 1767 1472 rara

959 1490 999 1520 cf.
1034 1487 1071 1527 4,
1106 1486 1180 1518 131.
1210 1504 1248 1509 -
1278 1486 1385 1517 soluti
1416 1490 1490 1517 MR.
1514 1490 1557 1518 al.
1590 1494 1700 1523 aptum
1725 1490 1767 1518 ad

107 1538 178 1566 Iam
210 1545 288 1566 vero
319 1541 428 1574 poeta,
461 1537 491 1565 si
523 1537 588 1566 viri
620 1538 742 1574 egregii
775 1541 830 1566 aut
855 1537 906 1565 in-
957 1533 1192 1576 procubue-re,
1217 1539 1246 1564 01
1274 1535 1312 1563 110
1336 1535 1542 1571 custodibus,
1576 1535 1631 1570 qui
1655 1543 1769 1564 somno

107 1582 195 1619 signi
221 1582 364 1612 facinore
396 1583 561 1618 pereuntis
592 1588 725 1612 mortem
757 1586 908 1612 narratu-

960 1582 1144 1611 vincuntur.
1169 1596 1207 1600 —
1227 1577 1355 1619 sepulti
1382 1582 1413 1608 S.
1436 1585 1465 1608 et
1487 1583 1567 1609 Mss.
1598 1581 1770 1610 inferiores

107 1636 164 1657 rus
198 1632 263 1663 est,
305 1628 378 1657 eius
414 1628 540 1663 aliquid
572 1629 780 1657 memorabile
818 1628 908 1657 vitae
960 1628 1068 1663 magis
1096 1632 1207 1662 aptum
1241 1624 1276 1663 2,
1320 1624 1402 1661 265,
1436 1626 1492 1655 ubi
1522 1634 1562 1655 ne
1596 1627 1769 1655 minimum

106 1675 223 1703 addere
244 1675 335 1702 solet.
384 1675 419 1702 Id
444 1679 553 1703 tamen
583 1682 645 1703 11011
679 1675 908 1711 intelligimus,

110 1727 167 1749 cur
190 1720 392 1748 venatricem
418 1720 536 1748 dixerit
560 1720 632 1748 Nisi
656 1724 801 1749 matrem.

156 1773 232 1805 179.
260 1778 291 1806 ct
313 1777 468 1815 MPRybc
495 1773 521 1805 it
543 1777 590 1804 ed.
623 1773 683 1805 Rb.

155 1830 231 1862 181.
255 1840 345 1872 puer
371 1830 522 1873 signans
549 1840 611 1861 ora
633 1830 773 1861 intonsa
799 1829 916 1871 prima

110 1876 267 1907 inventa.
316 1880 398 1907 Nota
437 1879 519 1913 quod
556 1886 635 1912 puer
670 1885 727 1907 ora
769 1884 831 1906 sua
868 1877 913 1905 si-

109 1931 212 1960 gnare
236 1923 370 1961 dicitur,
413 1932 474 1952 non
515 1923 641 1960 signari
672 1923 744 1952 eius
777 1930 835 1952 ora
863 1923 914 1951 iu-

109 1974 227 2004 venta,
260 1974 294 1998 ut
323 1966 361 2006 7,
399 1967 472 1998 161).
521 1970 570 1998 Ita
597 1969 696 1998 etiam
720 1970 778 1997 Ov.
805 1971 848 1996 M.
883 1966 914 2005 8,

111 2013 177 2043 753
208 2015 292 2044 Acis
326 2022 406 2049 puer
438 2012 607 2054 signarat
640 2011 747 2042 dubia
778 2016 917 2042 teneras

110 2058 287 2100 lanugine
315 2057 451 2093 malas‚·
480 2075 517 2080 -—
554 2057 714 2088 intonsa:
754 2060 845 2095 „Hoc
876 2060 917 2087 ad

111 2113 174 2135 sua
198 2110 341 2140 tempora
374 2106 501 2142 retulit,
535 2105 682 2140 alioquin
711 2107 825 2133 heroes
853 2113 916 2133 non

112 2149 357 2180 tondebatittlr.“
384 2153 416 2179 S.

159 2205 235 2236 184.
262 2204 422 2242 adamat,-
448 2215 508 2236 nos
535 2205 714 2248 zuffigen,
750 2207 795 2236 ita
822 2209 857 2235 G.
885 2203 917 2243 4,

111 2250 179 2282 150
204 2255 355 2281 naturas
386 2250 543 2292 Iuppiter
568 2250 640 2292 ipsc
673 2250 815 2281 addidit
840 2250 918 2290 api-

113 2296 174 2327 bus
198 2298 219 2326 i.
248 2306 274 2327 e.
299 2299 417 2333 apibus
440 2299 506 2327 iam
532 2298 618 2327 natis
648 2295 683 2333 1,
713 2296 786 2326 ¹50.
839 2299 915 2327 Tac.

112 2345 151 2373 Η.
178 2342 209 2381 4,
236 2342 278 2371 23
303 2341 384 2372 inde
400 2352 469 2372 ηοη
496 2341 569 2373 loco
593 2352 704 2384 neque
726 2340 922 2372 munimen-

113 2386 160 2419 tis
185 2386 286 2417 labor
309 2386 467 2418 additus.

160 2442 238 2473 185.
265 2453 312 2473 an
342 2453 408 2474 sua
435 2447 517 2474 etta:
547 2446 600 2474 An
632 2449 784 2480 putamus
814 2446 917 2480 modo,

113 2491 144 2520 si
167 2494 280 2519 nostra
303 2491 452 2525 cupidine
472 2491 682 2527 impellimur,
707 2491 831 2520 moneri
855 2498 915 2519 nos

115 2544 136 2565 a
156 2537 237 2565 deo?
285 2536 399 2564 Simile
424 2537 516 2565 Hom.
537 2538 593 2565 Od.
622 2534 657 2572 4,
684 2534 750 2564 712
778 2537 820 2565 ad
845 2544 920 2565 5011-

114 2582 266 2617 tentiam3
313 2582 354 2610 ad
387 2584 489 2610 verba
522 2583 580 2611 Ov.
611 2584 654 2610 M.
689 2579 729 2619 S,
779 2579 821 2609 72
855 2578 922 2610 sibi

114 2625 260 2668 quisque
289 2625 448 2665 profecto
479 2624 528 2666 fit
559 2624 644 2655 deus
672 2642 717 2646 —
750 2624 830 2655 dira
863 2635 922 2655 cu-

111 2670 217 2714 pido,
241 2672 290 2702 sic
316 2670 347 2710 6,
374 2669 456 2710 373,
479 2672 644 2710 immanis,
669 2676 704 2701 ut
730 2669 830 2701 labor
857 2669 920 2701 im-

113 2716 256 2759 probus,
281 2719 408 2755 ingens.

167 2761 239 2793 186.
267 2760 408 2803 aliquid
433 2763 473 2792 cf.
498 2759 536 2800 2,
561 2759 614 2791 48.
663 2766 695 2791 et
714 2763 790 2791 Val.
815 2763 864 2792 Fl.
891 2760 924 2800 2,

117 2805 183 2838 184
207 2807 383 2849 Magnum
406 2804 554 2848 aliquod
572 2805 723 2848 spirabit
745 2815 855 2837 amor.
883 2823 921 2828 —

116 2851 288 2884 invadere
317 2854 356 2885 cf.
384 2851 444 2892 12,
470 2850 547 2882 712.
808 2882 816 2890 ,

169 2898 242 2929 187.
268 2898 400 2940 quiete,
433 2907 499 2935 qua
525 2903 634 2929 custos
657 2902 766 2929 manet
790 2898 825 2927 in
855 2902 924 2928 sta-

117 2945 215 2975 tione.
241 2961 280 2966 —
311 2943 411 2975 Mens
439 2942 525 2975 mihi
556 2941 679 2985 agitat
705 2953 731 2975 c.
762 2943 820 2973 inf.
846 2951 922 2974 nam

119 2990 203 3020 idem
229 2995 297 3030 est,
326 2993 410 3027 quod
434 2988 533 3029 volo,
560 2987 672 3031 cupio.

961 1673 1091 1707 quidem
1132 1672 1312 1707 periculum
1357 1679 1431 1700 esse
1470 1672 1604 1700 Troiani
1646 1676 1770 1706 putant.

965 1719 1111 1754 Vigiles,
1150 1718 1205 1752 qui
1239 1722 1303 1746 tam
1329 1717 1531 1753 negligentes
1556 1718 1703 1755 fuerant,
1735 1721 1771 1746 ut

964 1765 1038 1792 ludo
1071 1767 1099 1791 01
1126 1763 1204 1791 vino
1236 1768 1362 1797 tempus
1396 1762 1510 1791 fallere
1540 1764 1703 1791 studerent
1737 1771 1769 1792 v.

967 1808 1030 1837 165
1056 1817 1121 1843 sq.,
1158 1809 1224 1837 iam
1259 1809 1387 1836 tandem
1427 1816 1539 1837 somno
1574 1809 1652 1837 victi
1684 1813 1771 1845 sunt,

966 1863 1070 1889 neque
1101 1855 1233 1883 aluntur
1263 1854 1373 1890 ignes,
1409 1855 1584 1888 pluresque
1620 1854 1686 1883 iam
1712 1863 1772 1883 ex-

967 1900 1076 1929 stincti
1103 1904 1189 1928 sunt.

1017 1953 1090 1984 191.
1117 1953 1201 1995 qnid
1242 1952 1416 1990 dubitem,
1464 1956 1506 1992 „i.
1557 1964 1584 1984 e.
1626 1956 1772 1993 cogitem,

967 2002 1073 2031 omnis
1110 2002 1196 2030 enim
1237 2002 1390 2037 cogitatio
1428 2001 1461 2029 in
1492 2002 1692 2031 dubitatione
1725 2006 1775 2031 est

967 2052 1041 2076 ante
1066 2047 1294 2075 sententia1n.“
1320 2049 1351 2074 S.
1401 2047 1455 2075 Sic
1481 2048 1587 2076 omnis
1607 2048 1771 2077 Latinita-

966 2094 1009 2121 tis
1035 2097 1183 2122 auctores
1215 2092 1388 2121 Terentius
1419 2097 1448 2120 et
1480 2093 1603 2122 Cicero.
1654 2094 1701 2122 Cf.
1735 2095 1772 2122 Τ.

966 2139 1030 2167 Ad.
1058 2136 1096 2175 4,
1128 2137 1166 2172 5,
1190 2135 1231 2164 57
1262 2135 1358 2166 Haec
1381 2135 1461 2165 dum
1488 2135 1648 2175 dubitas,
1679 2147 1775 2168 men-

969 2192 1022 2212 scs
1064 2180 1224 2212 abierunt
1256 2179 1383 2210 decem.
1433 2184 1468 2211 C.
1506 2183 1579 2211 ΒΑ.
1624 2181 1683 2219 31,
1730 2181 1774 2212 88

974 2226 1095 2257 Restat
1119 2231 1156 2257 ut
1180 2225 1242 2256 hoc
1259 2225 1468 2265 dubitemus,
1494 2230 1570 2256 uter
1588 2226 1709 2267 polius
1737 2226 1773 2257 S.

973 2271 1136 2303 Roscium
1167 2270 1346 2304 occiderit.

1018 2329 1093 2359 192.
1118 2327 1338 2369 populusque
1372 2330 1572 2369 patresque.
1649 2330 1777 2364 Ubique

970 2378 1011 2406 ad
1037 2378 1223 2405 Romanum
1249 2383 1371 2404 morem
1398 2375 1579 2409 composita
1607 2383 1681 2404 esse
1707 2383 1777 2405 om-

971 2423 1026 2451 nia
1053 2426 1160 2451 monet
1182 2424 1214 2450 h.
1240 2422 1262 2449 l.
1291 2420 1438 2449 Servius.

1020 2476 1096 2507 193.
1121 2479 1299 2517 reportent
1331 2481 1495 2514 ,.portent,
1537 2484 1614 2506 nam
1646 2484 1684 2506 re
1715 2485 1778 2507 va-

973 2522 1058 2555 cat.“
1084 2526 1116 2553 S.
1165 2525 1235 2552 Non
1258 2527 1356 2552 vacat
1380 2523 1419 2552 cf.
1449 2520 1486 2559 7,
1514 2519 1590 2551 167.

1020 2579 1094 2609 196.
1120 2587 1237 2609 muros
1266 2581 1298 2608 et
1323 2575 1462 2607 moenia
1494 2575 1531 2607 P.
1560 2578 1600 2608 cf.
1627 2576 1664 2616 2,
1699 2575 1776 2608 234.

973 2628 1034 2656 Sed
1074 2631 1181 2655 tamen
1213 2627 1272 2653 hoc
1315 2625 1385 2653 1000
1424 2626 1564 2653 alterum
1604 2625 1777 2654 admodum

971 2680 1045 2702 esse
1069 2672 1209 2701 otiosum
1235 2670 1440 2699 concedimus
1468 2666 1550 2708 Plo,
1577 2671 1634 2699 sed
1664 2671 1694 2700 si
1720 2679 1777 2706 pro

971 2725 1091 2747 muros
1126 2716 1248 2746 scriba-t
1277 2717 1427 2751 montes,
1460 2716 1671 2752 tautologiam
1706 2724 1779 2745 eum

973 2765 1086 2792 tollere
1099 2768 1267 2798 negamus.
1289 2775 1334 2780 --
1352 2760 1406 2789 Ad
1425 2762 1613 2791 Evandrum
1628 2762 1777 2791 Aeneam

972 2807 1179 2838 contendisse
1205 2805 1337 2835 Troiani
1364 2805 1480 2835 sciunt.

1020 2851 1097 2882 197.
1123 2855 1169 2882 Eo
1210 2852 1244 2880 in
1278 2851 1417 2881 consilio
1457 2852 1639 2889 obstupuit,
1679 2860 1779 2887 quum

974 2903 1116 2935 quantae
1139 2907 1181 2927 ex
1209 2904 1248 2927 ea
1270 2905 1305 2927 re
1329 2898 1445 2926 laudes
1469 2898 1597 2933 possint
1621 2898 1780 2933 reportari

974 2946 1107 2982 cogitet,
1150 2951 1255 2979 neque
1296 2942 1362 2971 sibi
1390 2944 1596 2973 occasionem
1634 2945 1780 2982 laudum,

975 2998 1073 3026 quam
1097 2998 1160 3020 non
1186 2989 1317 3025 putavit
1341 2989 1460 3019 adesse
1484 2993 1601 3028 antea,
1625 2989 1709 3025 eripi
1732 2989 1780 3018 si-
