2023 3350
238 135 316 174 166

237 246 468 299 O1t3v-1un.

237 360 336 409 Ο1,0

798 132 834 163 P.
860 131 1057 165 VIRGILII
1082 132 1291 168 MARONIS

527 244 736 308 Alpheum
771 243 886 286 fama
919 248 984 285 est
1018 245 1101 286 huc
1134 245 1271 287 Elidis
1310 259 1480 288 amnem

237 302 437 344 Occultas
480 302 616 353 egisse
657 301 747 342 vias
780 300 927 342 subter
965 315 1103 354 mar,e

381 344 617 409 Alethusa,
663 361 737 399 tuo
777 358 930 400 Siculis
973 335 1252 401 confu‘nditur
1290 361 1424 402 undis.

234 392 345 457 Iussi
376 416 548 457 numina
586 429 742 468 magna
779 415 865 457 loci
904 429 1177 467 veneramur·

235 474 455 526 Exsupero
492 473 754 527 praepingue
794 473 932 514 solum
963 473 1203 526 stagnantis
1237 474 1396 517 Helori.

236 530 346 571 Hinc
381 530 491 572 altas
531 533 677 572 cautes
716 531 994 585 proiectaque
1034 545 1139 572 saxa
1169 531 1357 585 Pachyni

236 587 440 629 Radimus
452 622 461 640 ,

237 645 432 698 Adparet
468 646 697 688 Camarina
732 646 900 699 procul,

499 591 540 630 et
576 588 678 629 fatis
719 602 938 641 nunquam
977 602 1180 629 concessa
1217 589 1376 630 moveri

238 703 546 758 [immanisque
579 703 687 745 Gela
725 703 844 745 fluvii
880 704 1131 757 cognomine
1166 703 1312 758 dicta]

236 760 406 802 Arduus
441 761 540 802 inde
578 762 772 814 Acragas
806 764 995 802 ostentat
1030 761 1217 802 maxima
1253 761 1381 814 longe

237 818 425 870 Moenia,
467 819 805 874 [magnanimum
841 819 1058 872 quondam
1095 823 1320 872 generator
1351 817 1590 872 equorum]

236 948 332 976 dulci.
381 949 504 977 Nobilis
530 949 586 977 ille
612 949 682 978 fons
708 950 789 978 inter
817 948 1029 984 praestantis-

237 994 321 1022 sima
346 993 481 1022 refertur
503 996 591 1023 urhis
610 997 846 1031 Syracusarum
872 996 986 1023 decora
1010 1001 1030 1022 a

237 1040 330 1068 Floro
348 1038 378 1071 2,
395 1038 426 1076 6,
445 1037 496 1068 34.
522 1044 551 1069 et
569 1041 634 1070 Cic.
654 1042 746 1070 Verr.
766 1039 795 1076 4,
815 1039 868 1068 53.
908 1039 1029 1074 Alphei

236 1089 353 1120 autem,
381 1085 484 1114 Elidis
510 1086 601 1115 fluvii
627 1094 731 1122 aquae
756 1087 840 1115 fonte
865 1087 1030 1114 Arethusa

236 1131 323 1159 reddi
359 1131 545 1160 dicebantur
582 1134 683 1161 Stral).
723 1131 758 1169 6,
792 1131 810 1160 2
842 1141 870 1167 p.
907 1129 958 1159 31.
993 1132 1028 1159 Τ.

237 1177 306 1205 Hac
346 1177 383 1205 de
422 1186 456 1206 re
494 1177 638 1207 fabulam
677 1182 788 1207 narrat
823 1180 881 1207 Ov.
917 1179 958 1205 M.
999 1177 1029 1213 5,

237 1219 302 1249 494
329 1230 374 1257 sq.
424 1225 503 1251 Stat.
530 1225 610 1253 Silv.
640 1221 675 1259 1,
701 1223 731 1258 2,
758 1222 833 1252 203.
873 1224 970 1251 ’1“11011.
1001 1221 1027 1260 l,

238 1265 313 1295 271.
349 1267 379 1302 -1,
405 1266 480 1297 239.
511 1271 575 1298 Av.
602 1271 701 1299 deser.
729 1274 748 1298 t.
779 1267 874 1297 1175.

283 1312 358 1342 69⁴.
394 1311 519 1343 Nomen
547 1313 664 1344 dixere
694 1312 876 1355 Ortygiam
909 1313 947 1343 cf.
981 1311 1028 1342 18.

284 1357 359 1388 697.
387 1356 490 1389 iussi.-
522 1369 584 1389 non
608 1362 724 1390 dicitur
745 1368 765 1389 0
790 1369 861 1395 quo.
910 1360 1029 1388 Viden-

239 1409 289 1433 tur
315 1408 354 1434 ab
381 1407 528 1435 Anchisa
552 1407 669 1443 iuberi,
697 1407 751 1441 qui
776 1406 945 1435 divinandi
969 1413 1031 1433 sua

238 1455 306 1479 arte
331 1452 494 1485 praevidet
518 1455 576 1482 hoc
598 1455 668 1481 1000
695 1453 771 1480 011111
796 1456 951 1486 potentem
977 1459 1031 1479 ur-

237 1499 307 1524 bem
334 1497 475 1525 futuram
505 1507 596 1532 esse;
628 1499 711 1527 unde
737 1506 773 1526 eo
804 1498 837 1526 in
863 1500 931 1526 1000
957 1498 1031 1524 deos

237 1547 380 1577 potentes
405 1551 478 1571 esse
500 1544 698 1580 intelligitur.
733 1543 779 1573 Cf.
801 1542 832 1580 8,
856 1541 934 1571 353.
979 1539 1028 1570 Pl.

237 1589 318 1617 coni.
354 1585 390 1616 N.
419 1597 461 1617 m.
489 1587 555 1618 Ioci
580 1587 706 1618 iniussi
728 1585 828 1627 v.(.')

284 1632 358 1662 69⁵³.
385 1643 551 1674 exsupero
581 1635 619 1664 cf.
647 1632 675 1671 1,
703 1633 777 1663 24⁴.
805 1650 841 1653 —
883 1631 1032 1662 Helorus

238 1678 353 1708 flumen
386 1688 485 1715 supra
516 1682 706 1716 Pachynum
736 1681 768 1708 in
800 1688 888 1708 mare
924 1680 1031 1716 fertur,

239 1726 384 1754 celeriter
420 1727 457 1755 de
495 1728 654 1755 montibus
696 1728 885 1758 decurrens·‚
933 1734 1031 1760 quare

237 1767 354 1799 undae
380 1769 552 1800 clamosus
578 1769 726 1801 Helorus
752 1772 867 1800 dicitur
896 1778 946 1806 ap.
974 1771 1031 1799 Sit.

243 1813 295 1850 14,
314 1814 388 1845 3119.
437 1819 473 1845 111
498 1818 588 1846 111010
610 1818 674 1846 1001
698 1825 812 1846 cursus
838 1817 936 1845 fluens
961 1824 1029 1845 ma—

238 1863 347 1897 risque
381 1862 525 1891 fluctibus
560 1872 728 1899 repressus
768 1868 915 1899 stagnat‘,
950 1864 1033 1891 unde

238 1909 343 1936 solum
380 1909 568 1945 pinguescit.
617 1911 707 1938 Nune
736 1910 850 1938 dicitur
877 1905 1033 1937 Atellaro

238 1958 267 1982 et
293 1954 325 1982 in
351 1959 441 1988 parte
464 1955 616 1983 inferiore
644 1952 758 1983 Abiso.

285 1997 359 2027 700.
387 1997 560 2037 radimus,
600 2005 632 2029 ut
659 1998 689 2035 7,
720 2000 757 2028 10
783 1996 907 2028 radere
929 1995 1033 2027 litora

240 2046 260 2074 i.
285 2055 312 2074 e.
346 2046 490 2080 proximo
524 2047 694 2075 intervallo
730 2045 1031 2081 praeternavigare3

245 2088 436 2120 Camarina
476 2100 652 2130 nunqnam
691 2099 851 2120 concessa
886 2087 1033 2119 moveri.-

239 2136 277 2165 cf.
305 2137 362 2164 Sil.
394 2134 443 2171 14,
471 2135 533 2165 199
561 2140 591 2166 ει
618 2134 674 2166 cui
699 2146 767 2166 non
792 2134 926 2165 licitum
946 2133 1034 2170 fatis

245 2179 437 2211 Camarina
479 2180 618 2211 moveri.
693 2184 816 2220 „Palus
854 2185 902 2211 est
941 2182 1033 2210 iuxta

238 2228 380 2256 eiusdem
417 2228 558 2257 nominis
590 2229 738 2264 oppidum
778 2227 890 2263 (Unde
922 2224 1032 2266 pigra

238 2270 330 2302 vado
370 2271 556 2302 Camerina
588 2271 742 2314 palnetri
780 2275 892 2303 Claud.
924 2274 961 2301 R.
995 2274 1031 2301 P.

243 2317 282 2355 ἓ,
308 2317 399 2355 59.);
453 2321 490 2348 (10
527 2328 591 2354 qua
626 2322 762 2354 quodam
798 2320 846 2355 (t)
886 2323 1033 2355 tempore,

240 2373 336 2400 quum
365 2366 487 2394 siccata
516 2367 731 2400 pestilentiam
763 2369 923 2399 creasset,
959 2373 1034 2393 0011-

238 2413 345 2439 sultus
366 2412 502 2446 Apollo
536 2419 578 2439 011
605 2420 675 2440 eum
708 2412 834 2446 penitus
859 2410 1032 2438 0111111111Γο

238 2458 401 2507 deberent,
434 2458 593 2491 respondit
617 2451 666 2495 μὴ
696 2453 784 2486 κίνει
816 2451 1033 2492 καμαρίναν,

239 2495 409 2540 ακίνητος
433 2510 502 2540 γαρ
537 2494 705 2539 (ἷμείνων.
759 2503 825 2536 Quo
858 2504 1033 2534 contempto

239 2548 488 2576 exsiccaverunt
515 2548 663 2582 paludem
690 2548 818 2582 [Neque
843 2552 947 2575 tamen
974 2554 1031 2574 ex-

239 2594 361 2622 siccata
385 2598 451 2624 est:
491 2601 573 2621 nunc
606 2590 707 2631 Lago
734 2590 770 2621 (ίὶ
800 2589 1031 2623 Camarum.)

239 2643 267 2667 et
298 2644 442 2667 carentes
473 2639 673 2673 pestilentia,
706 2647 761 2673 per
797 2645 866 2666 00111
910 2643 1030 2671 partem

241 2684 398 2719 ingressis
434 2686 579 2713 hostibus
618 2692 737 2719 poenas
771 2683 955 2712 desierunt-⁶
999 2685 1029 2710 S.

240 2737 418 2768 nunquam
449 2738 504 2764 pro
528 2738 596 2758 non
629 2734 661 2758 ut
694 2728 722 2766 ⁴2,
746 2727 821 2757 670.
877 2725 926 2756 ΡΙ.
952 2729 1031 2756 illud

240 2782 418 2812 nunquam
439 2791 483 2795 —
508 2773 656 2812 moveri,
694 2779 726 2804 ut
751 2779 842 2810 poeta
868 2775 1031 2808 indignum

242 2819 335 2847 delet.

288 2862 364 2892 702.
397 2862 504 2899 (ι’ρΙτῑς
537 2867 593 2894 Sil.
630 2863 688 2898 14,
718 2863 781 2894 219
817 2868 908 2893 hahet
940 2862 1031 2897 Geit‘i.

241 2910 373 2938 formam
404 2911 596 2940 Romanam:
635 2909 736 2940 Venit
763 2908 804 2939 ab
832 2919 932 2938 annu:
963 2913 1034 2939 tra-

243 2952 325 2983 hens
352 2963 473 2983 nomen
504 2954 602 2985 Gela.
651 2958 681 2985 A
710 2956 806 2986 fluvio
837 2965 951 2985 nomen
980 2965 1033 2985 ur—

243 3000 292 3027 bis
321 3001 430 3029 deduci
462 3006 596 3031 testatur
619 3003 715 3031 etiam
742 3004 851 3032 Claud.
879 3003 917 3030 R.
943 3003 977 3030 P.
1003 3000 1032 3033 2.

243 3043 285 3071 58
320 3054 508 3084 nomenque
537 3045 650 3076 Gelan
680 3045 739 3087 qui
769 3045 930 3088 praebuit
957 3044 1034 3077 urbi

1151 303 1223 355 qui
1264 317 1375 345 nuno
1786 304 1867 344 695

1218 421 1260 458 et
1295 417 1395 459 inde

948 646 1173 699 campique
1209 645 1331 687 Geloi

1077 945 1325 977 concelebrant.
1363 963 1400 967 —
1438 947 1522 976 Urbs
1552 950 1659 976 autem
1683 955 1746 976 non
1769 952 1873 982 polest.

1076 994 1139 1023 dici
1165 991 1344 1028 immanis.
1379 1001 1482 1028 neque
1506 996 1630 1028 propter
1657 993 1781 1022 incolas
1814 998 1870 1023 aut.

1077 1044 1243 1076 tyrannos,
1262 1048 1363 1074 neque
1381 1041 1418 1067 01)
1441 1039 1547 1068 situm.
1596 1040 1708 1073 Itaque
1729 1039 1870 1069 referen-

1077 1087 1151 1114 dum
1174 1087 1214 1114 ad
1237 1085 1387 1121 fluvium,
1418 1085 1473 1119 qui
1497 1084 1642 1113 turbidus
1670 1089 1718 1114 est
1745 1084 1783 1114 cf.
1809 1087 1868 1115 Ov-

1078 1133 1163 1160 Fast.
1180 1129 1211 1166 4,
1226 1128 1290 1159 470
1317 1133 1348 1159 et
1371 1132 1403 1159 tc
1422 1128 1608 1159 vorticibus
1626 1139 1692 1159 non
1712 1128 1873 1160 adeunde

1083 1175 1182 1206 Gela.
1232 1178 1290 1205 Sed
1318 1177 1468 1211 quamvis
1500 1177 1540 1205 sit
1570 1176 1768 1213 vorticosus,
1808 1185 1873 1206 11011

1075 1223 1182 1251 statim
1207 1223 1236 1251 fit
1260 1219 1443 1257 immanis-,-
1478 1226 1506 1250 et
1536 1218 1705 1250 immania
1729 1230 1815 1252 safra
1845 1221 1872 1260 1,

1077 1266 1158 1301 139,
1191 1266 1358 1296 immanes
1388 1275 1469 1296 orae
1507 1264 1570 1295 616
1602 1272 1686 1297 recte
1714 1268 1873 1307 dicuntur,

1076 1315 1158 1348 quod
1182 1317 1311 1343 movent
1334 1318 1493 1342 terrorem.
1527 1315 1636 1348 Neque
1662 1313 1782 1343 fluvius
1807 1315 1872 1343 ali-

1076 1360 1149 1394 quis
1177 1364 1277 1395 potest
1303 1360 1365 1388 dici
1391 1359 1560 1395 immanis,
1595 1361 1677 1394 quod
1706 1361 1785 1389 deus
1811 1360 1871 1390 flu-

1076 1406 1178 1434 vialis
1211 1408 1267 1434 bos
1303 1405 1470 1441 pingatur,
1504 1404 1675 1433 fluviorum
1712 1406 1795 1434 enim
1828 1407 1873 1435 dii

1078 1453 1184 1479 eodem
1217 1452 1307 1480 modo
1339 1459 1448 1479 omnes
1473 1451 1640 1487 finguntur.
1671 1466 1710 1470 —
1751 1453 1874 1481 Deinde

1079 1497 1264 1526 offendimur
1289 1505 1367 1526 voce
1399 1494 1606 1537 cognomine
1631 1501 1658 1525 et
1684 1503 1873 1532 exspectare

1078 1551 1136 1571 nos
1161 1543 1354 1578 profitemur:
1381 1540 1529 1571 nomine.
1578 1543 1658 1571 Tum
1686 1547 1770 1572 totus
1795 1552 1872 1573 ver-

1078 1597 1136 1617 sus
1164 1593 1330 1623 propterea
1360 1589 1502 1624 ineptus,
1540 1589 1620 1623 quod
1645 1589 1678 1617 in
1702 1590 1798 1618 celeri
1821 1592 1870 1618 lo-

1078 1642 1186 1663 corum
1211 1635 1466 1667 enumeratione.
1491 1641 1612 1663 caussa
1638 1643 1699 1663 non
1725 1640 1810 1669 erat.
1838 1639 1872 1665 ut

1079 1681 1161 1708 idem
1194 1680 1246 1708 bis
1279 1681 1395 1708 diceret
1425 1684 1527 1714 poeta.
1575 1681 1738 1709 Postremo
1771 1682 1873 1710 forma

1079 1722 1213 1754 fluvii
1245 1725 1388 1759 offendit,
1431 1734 1533 1760 neque
1569 1727 1654 1760 apud
1687 1727 1871 1763 Virgilium,

1080 1770 1181 1805 (quae
1209 1772 1248 1799 ad
1278 1779 1308 1799 v.
1336 1769 1399 1799 360
1440 1776 1548 1799 notata
1580 1775 1672 1808 sunt,
1715 1781 1776 1801 non
1811 1776 1873 1803 huc

1079 1816 1256 1851 pertinent)
1294 1825 1395 1851 neque
1427 1818 1510 1851 apud
1535 1818 1636 1845 alium
1661 1818 1873 1852 antiquiorem

1079 1863 1290 1897 reperiuntur.
1341 1862 1387 1890 Cf.
1420 1864 1471 1891 Gr.
1507 1863 1528 1895 ἕ
1558 1860 1599 1889 75
1631 1863 1694 1891 An.
1719 1860 1748 1892 4.
1797 1865 1874 1893 Inde

1079 1909 1261 1937 coniectura
1283 1916 1304 1935 (ι
1319 1905 1434 1946 fluvio
1454 1905 1671 1949 cognomine,
1692 1913 1725 1937 ut
1746 1918 1874 1951 cogno-

1081 1952 1172 1982 mine
1189 1954 1229 1982 sit
1253 1954 1458 1982 adieetivum.
1507 1954 1561 1983 Sic
1585 1952 1614 1990 6,
1638 1953 1703 1982 383
1734 1952 1874 1985 Gaudet

1080 1997 1290 2039 cognomine
1331 2001 1435 2028 terra.
1497 2001 1558 2029 Sed
1593 2004 1713 2029 restant
1750 2006 1874 2031 ceterae

1080 2045 1300 2082 difficultates,
1336 2053 1418 2079 (0100
1447 2046 1639 2075 coniecturis
1673 2054 1734 2074 non
1770 2055 1873 2076 remo-

1080 2095 1205 2120 ventur.
1253 2091 1414 2125 Apposuit
1448 2092 1568 2125 aliquis
1597 2093 1637 2120 ad
1662 2091 1777 2129 campi
1807 2089 1874 2121 Ge-

1080 2134 1145 2165 lot.-
1181 2133 1267 2164 Gela
1292 2134 1334 2164 ab
1360 2134 1462 2172 fluvii
1484 2134 1622 2165 nomine
1646 2135 1758 2173 (Ιίοίας
1791 2146 1874 2173 quae

1080 2185 1183 2211 verba
1208 2183 1296 2211 alius
1325 2182 1396 2211 fecit
1421 2190 1568 2218 versum,
1603 2183 1738 2217 epitheto
1766 2185 1873 2218 quali-

1080 2236 1219 2264 cunque,
1259 2229 1340 2262 quod
1376 2236 1506 2256 versum
1536 2229 1678 2262 expleret
1713 2230 1871 2264 apposito.

1088 2271 1150 2302 lul.
1186 2281 1317 2302 versum
1355 2280 1375 2301 0
1409 2274 1505 2307 Vgtio
1542 2273 1660 2303 factum
1699 2279 1786 2309 putat
1832 2277 1872 2304 ad

1081 2327 1224 2348 normam
1251 2320 1288 2347 H.
1315 2320 1352 2347 Il.
1381 2316 1410 2355 2,
1436 2316 1496 2346 711
1527 2314 1708 2358 Βοιβηΐδα
1734 2316 1871 2359 λίμνην,

1084 2360 1233 2404 Βοίβην,
1257 2368 1289 2393 ut
1313 2366 1408 2393 talem
1432 2365 1649 2399 repetitionem
1669 2366 1743 2402 Vgl.
1765 2367 1872 2395 conci-

1080 2418 1155 2444 pere
1183 2418 1245 2437 non
1279 2409 1423 2444 potuisse
1453 2414 1615 2449 sumatur,
1647 2411 1712 2440 nisi
1743 2421 1785 2441 ex
1805 2413 1872 2441 Ho-

1082 2463 1166 2484 mero
1192 2455 1356 2483 haustam!

1126 2498 1202 2529 703.
1234 2501 1395 2541 Acragas
1437 2510 1544 2539 mons,
1591 2503 1625 2531 in
1661 2511 1722 2538 quo
1760 2507 1872 2538 postea

1081 2547 1290 2580 xgrigentum
1331 2552 1527 2577 exstructum
1562 2552 1628 2585 est;
1667 2550 1704 2578 de
1736 2557 1797 2583 quo
1830 2549 1870 2579 cf.

1078 2594 1192 2627 Polyb.
1219 2590 1249 2627 9,
1276 2590 1327 2621 27.
1378 2594 1581 2630 Agrigentini
1605 2599 1712 2623 autem
1743 2598 1772 2623 et
1801 2594 1872 2630 agri

1079 2638 1241 2666 fertilitate
1266 2643 1294 2667 et
1322 2644 1501 2668 mercatura
1527 2639 1683 2677 florentes,
1707 2639 1868 2669 maximos

1078 2689 1226 2718 sutttptus
1268 2684 1299 2712 in
1344 2693 1443 2719 equos
1488 2686 1620 2714 alendos
1660 2686 1869 2722 contulerant,

1081 2730 1197 2763 quibus
1223 2736 1320 2764 saepe
1339 2730 1508 2760 victoriam
1534 2731 1703 2766 Olympiae
1728 2735 1871 2765 reporta-

1078 2777 1163 2803 bant.
1213 2776 1315 2804 Bellis
1351 2781 1462 2811 postea
1493 2784 1564 2806 cum
1592 2776 1870 2810 Carthaginiensi-

1079 2823 1139 2849 bus
1164 2825 1193 2849 et
1217 2821 1374 2850 Romanis
1399 2823 1500 2856 gestis
1527 2822 1585 2850 illa
1608 2821 1773 2856 opulentia
1800 2830 1871 2851 ces-

1081 2868 1138 2901 sit;
1179 2874 1278 2901 quare
1316 2868 1457 2896 additum
1495 2871 1541 2895 est
1576 2863 1774 2906 emendorum·
1815 2868 1870 2896 sed

1080 2913 1212 2941 Aeneae
1235 2916 1373 2947 tempore
1400 2914 1538 2941 nondum
1563 2916 1629 2940 erat
1654 2913 1713 2940 illa
1736 2915 1871 2947 opulen-

1079 2958 1135 2994 tia,
1160 2959 1275 2987 nedum
1299 2958 1386 2992 loqui
1412 2958 1510 2992 potuit
1526 2958 1668 2994 Aeneas,
1692 2959 1788 2992 quasi
1805 2959 1870 2987 iam

1079 3008 1164 3032 esset
1186 3008 1305 3038 erepta.

1125 3046 1201 3077 704.
1234 3045 1501 3088 Magnanimum
1521 3050 1598 3077 haec
1616 3048 1751 3084 genitivi
1770 3048 1870 3078 forma
