2023 3350
266 133 347 173 208

823 131 857 161 P.
885 130 1080 164 VIRGILH
1108 132 1319 165 MAROMS

264 243 383 285 Vidit
417 246 457 283 et
491 242 687 295 aequatis
725 242 905 284 classem
944 243 1177 297 procedere
1212 244 1328 296 velis,

263 302 498 352 Litoraque
540 303 581 340 et
616 312 772 341 vacuos
815 300 948 341 sensit
979 301 1070 341 sine
1106 301 1265 353 remige
1302 305 1465 355 portus,

263 358 425 409 Terque
460 360 699 408 quaterque
737 370 867 397 manu
903 360 1051 410 pectus
1091 370 1296 410 percussa
1331 358 1543 410 decorum,

262 414 571 465 flaventesque
605 412 797 454 abscissa
828 427 990 464 comas,
1027 413 1109 454 Pro
1146 414 1356 468 Iuppiter!
1400 416 1481 458 ibit

1814 417 1897 456 590

263 471 364 521 Hic,
408 470 486 519 ait,
527 473 569 510 et
599 470 757 511 nostris
798 470 996 512 inluserit
1034 470 1200 512 advena.
1229 472 1399 525 regnis?

261 528 356 569 Non
393 540 514 567 amna
550 526 792 579 expedient,
832 532 1013 582 totaque
1055 541 1106 568 ex
1145 527 1251 568 urbe
1291 532 1532 582 sequentur,

261 584 567 637 Deripientque
604 587 720 625 rates
758 584 831 626 alii
870 585 1126 627 navalibus‘.>
1185 585 1263 635 Ite,

261 642 386 683 Ferte
419 640 491 681 citi
522 639 737 693 flammas3
782 641 882 684 date
917 643 1026 694 tela,
1070 641 1280 695 impellite
1311 641 1472 683 remos!
1509 666 1559 672 —

262 697 373 749 Quid
406 698 586 750 loquor?
630 702 705 739 aut.
744 699 820 740 ubi
861 700 985 741 sum?

1047 699 1165 749 Quae
1193 702 1379 740 mentem
1412 699 1580 741 insania
1608 699 1774 742 mutat?
1816 702 1897 742 595

261 755 417 797 Infelix
452 754 584 796 Dido!
632 769 744 796 nunc
783 760 826 797 te
864 757 981 798 sacta
1011 756 1143 810 impia
1177 758 1373 809 tangunt.

261 813 367 854 Tum
402 812 560 862 decuit,
599 826 729 866 quum
763 818 934 866 sceptra
966 813 1113 855 dabas.
1152 839 1205 843 -ῇ
1247 813 1312 854 En
1350 811 1502 853 dextra
1537 811 1739 868 fidesque,

261 870 393 921 Quem
431 883 573 910 secum
608 870 776 923 patrios
816 871 936 912 aiunt
972 875 1150 924 portare
1188 870 1381 921 Penates,

261 928 394 978 Quem
431 926 611 968 subiisse
646 927 837 969 humeris
879 928 1122 970 confectum
1158 930 1304 969 aetate
1340 926 1579 980 parentem!
1613 950 1663 957 —-

259 985 357 1026 Non
385 984 517 1040 [potui
558 984 789 1038 abreptum
827 984 1028 1028 divellere
1066 999 1220 1040 corpus
1251 988 1294 1027 et
1327 983 1453 1025 undis

259 1125 394 1158 mentio.
429 1125 619 1161 languidum
651 1126 683 1154 in
708 1126 750 1154 iis
777 1126 886 1156 inesse
911 1128 1055 1163 videtum

260 1178 360 1206 quare
384 1178 481 1204 quum
503 1179 534 1199 v.
557 1169 622 1199 584
646 1176 673 1199 et
699 1169 763 1199 555
788 1172 902 1201 iterum
927 1170 957 1207 9,
979 1170 1054 1201 459.

260 1215 325 1244 460
359 1217 520 1252 ΙΕεειηιυτ,
562 1213 613 1245 Pl.
645 1219 707 1245 huc
739 1225 795 1246 eos
830 1220 870 1246 ab
903 1219 968 1247 alio
995 1226 1056 1252 pu-

260 1266 303 1290 tat
351 1262 470 1289 illatos.
537 1262 581 1290 At
624 1270 699 1290 vero
739 1263 797 1291 illo
845 1264 942 1292 etiam
987 1265 1056 1292 loco

259 1305 340 1335 461:
382 1305 452 1334 iam
476 1303 546 1334 sole
570 1303 706 1344 infuso,
747 1305 817 1336 iam
848 1305 949 1337 rebus
981 1305 1057 1336 luce

259 1349 415 1387 retectis,
455 1352 606 1386 repetitur
631 1352 717 1381 lucis
742 1357 845 1389 ortus,
885 1358 914 1382 et
947 1355 1055 1382 eodem

260 1399 351 1426 modo
380 1405 436 1432 per
467 1398 659 1432 particulam
690 1395 760 1427 iam
792 1399 853 1427 duo
887 1399 1055 1428 enuntiata

260 1443 339 1472 alibi
365 1443 541 1478 iunguntur
566 1447 595 1471 et
621 1445 713 1472 nulla
739 1443 771 1471 in
797 1445 930 1479 apodosi
954 1445 1054 1479 parti-

259 1491 334 1518 cula
365 1488 472 1516 addita
503 1486 532 1522 2.
553 1486 629 1516 801.
673 1487 702 1525 3,
729 1486 804 1517 356.
850 1489 880 1526 5,
908 1487 982 1518 763.
1023 1487 1052 1526 9,

261 1532 345 1564 459.
384 1538 413 1562 et
445 1538 595 1567 sequente
622 1542 726 1572 quum
756 1532 785 1572 3,
811 1531 885 1563 137.
922 1534 952 1571 5,
975 1532 1051 1563 835.

261 1577 297 1615 7,
326 1577 406 1613 105;
449 1583 479 1607 et
512 1583 581 1613 post
617 1586 670 1615 ea,
719 1587 801 1614 quae
836 1584 930 1609 noctu
967 1580 1053 1609 facta.

258 1630 348 1657 sunt.
375 1624 550 1660 ..temporis
575 1625 752 1660 designatio
763 1624 792 1661 ,“
821 1630 853 1653 ut
878 1626 944 1654 iam
968 1626 1053 1654 iudi-

259 1671 347 1698 cavit
374 1670 520 1706 Servius,
544 1678 585 1698 ex
609 1678 643 1698 re
663 1678 736 1699 esse
760 1671 896 1699 videtur.
946 1671 1052 1705 Quare

258 1722 410 1744 caussam
437 1723 500 1743 non
525 1715 689 1749 videmus,
721 1724 776 1745 cur
800 1718 859 1745 hos
891 1724 1009 1746 versus
1032 1724 1054 1745 a

259 1761 400 1797 Virgilio
423 1768 486 1789 non
512 1768 585 1788 esse
607 1761 743 1795 scriptos
768 1766 925 1796 putemus.

303 1805 378 1834 587.
406 1803 576 1844 Aequalis
600 1804 684 1834 velis
714 1811 762 1835 est
792 1807 909 1841 optimo
933 1808 1051 1837 ordine.

258 1852 304 1880 Cf.
345 1851 382 1887 5,
414 1849 481 1879 844
528 1849 708 1889 Aequatae
752 1851 890 1891 spirant
931 1860 1052 1882 aurae.

255 1894 416 1936 arquatis
442 1896 524 1925 coni.
548 1893 588 1924 Κ.
620 1893 674 1924 Fr.
701 1894 892 1926 Hermann.

303 1943 380 1970 5δ8.
411 1939 527 1970 Sensit
556 1946 625 1976 ..est
653 1950 725 1971 cum
754 1943 849 1972 tacito
886 1949 925 1972 ac
957 1944 1053 1979 gravi

256 1995 400 2017 maerore
425 1984 557 2016 cernitf⁴
589 1983 638 2014 Pl.
668 2003 705 2007 —
737 1996 866 2016 vacuos
894 1986 968 2016 sine
999 1997 1051 2017 re-

255 2031 352 2072 mige
377 2035 516 2071 portus.-
533 2032 627 2059 'ralis
645 2033 843 2062 abundantia
866 2035 999 2069 saepius
1018 2039 1053 2062 ut

260 2077 317 2113 10,
344 2076 408 2105 636
451 2082 479 2105 et
515 2077 571 2104 Sil.
603 2075 661 2112 10.
688 2076 753 2105 582
792 2086 940 2107 vacuum
978 2077 1053 2108 sine

256 2131 396 2162 corpore
428 2129 563 2150 nornen.
624 2124 682 2151 Ov.
715 2125 758 2151 M.
792 2120 849 2154 10.
879 2122 943 2152 245
979 2123 1053 2153 sine

254 2167 404 2207 coniuge
429 2164 572 2198 caelebs.
596 2183 641 2187 —-
666 2166 802 2197 ls‘acuos
825 2170 922 2198 etiam
946 2172 985 2198 ad
1008 2167 1050 2198 li-

256 2216 333 2243 tora
359 2213 503 2248 pertinet.
554 2213 601 2242 Cf.
628 2215 679 2241 Gr.
705 2213 726 2248 S
747 2212 810 2242 235
837 2215 901 2243 An.
929 2213 957 2243 2.

300 2257 376 2287 590.
405 2256 590 2288 Flaventes
622 2258 660 2287 cf.
692 2257 768 2287 559.
808 2275 846 2279 —
888 2258 1051 2289 Abscissa

254 2308 282 2332 et
308 2311 475 2344 percussa
507 2312 580 2333 cum
604 2311 670 2333 acc.
703 2312 817 2340 graeco
851 2305 890 2334 cf.
916 2304 946 2339 2,
973 2303 1048 2334 273.

256 2364 294 2368 —
322 2347 460 2378 abscisa
483 2351 562 2378 Mss.
586 2351 717 2384 plures?
750 2365 788 2370 -
824 2348 978 2379 abscissa
1003 2354 1046 2379 M.

253 2396 295 2423 al.
351 2395 418 2424 Hoc
458 2398 615 2430 praestat,
653 2395 765 2423 evellit
804 2397 889 2424 enim
926 2403 1048 2432 comas,

252 2448 315 2468 non
338 2442 441 2468 cultro
464 2441 601 2469 demetit.

299 2483 374 2513 591.
401 2482 562 2514 illuserit.
610 2486 656 2513 De
681 2489 820 2519 tempore
846 2485 884 2515 cf.
911 2483 941 2519 9,
969 2483 1045 2514 785.

253 2531 378 2564 Illudit,
415 2531 497 2565 quod
528 2534 614 2559 tutus
648 2530 714 2558 abit
743 2535 773 2558 et
804 2531 943 2560 intactus
974 2535 1045 2565 post

253 2580 359 2604 tantas
385 2576 515 2612 reginae
537 2576 653 2604 minas.

298 2619 373 2649 592.
403 2619 601 2660 Expedient
633 2628 676 2650 sc.
712 2620 822 2649 Poeni.
872 2621 952 2649 Dido
986 2629 1044 2651 ex·

252 2671 374 2699 spectat
410 2674 488 2694 suos
525 2674 588 2694 non
626 2674 700 2694 esse
733 2666 966 2701 permissuroS,
1010 2671 1041 2695 ut

252 2711 382 2739 Aeneas
407 2712 579 2740 incolumis
602 2713 707 2748 abeat,
737 2719 817 2746 quos
842 2704 1040 2747 {ibifluietos

251 2762 324 2783 esse
349 2757 443 2787 videt.
467 2757 541 2791 ipsa
565 2758 651 2785 male
676 2763 759 2785 sana
780 2757 924 2791 imperat,
947 2758 1041 2791 quasi

250 2807 292 2828 ex
332 2802 481 2830 conclavi
520 2803 592 2830 eius
625 2810 738 2831 vocem
776 2802 876 2830 Poeni
911 2808 1041 2836 possent

250 2846 371 2874 audire.
421 2846 468 2875 Cf.
494 2848 606 2876 Schill.
631 2846 755 2883 Jungfr.
780 2847 811 2883 5,
835 2844 885 2874 11.

297 2889 372 2919 593.
406 2888 578 2929 Diripient
611 2892 645 2920 in
676 2894 756 2921 Mss.
794 2892 920 2920 videtur
956 2901 1039 2927 esse,

250 2936 309 2964 etsi
330 2944 391 2964 non
415 2941 498 2965 certo
523 2942 656 2966 constat.
705 2938 781 2966 Rec.
807 2934 868 2965 Rb.
918 2938 1039 2967 Tamen

249 2982 342 3010 unice
362 2989 474 3011 verum
499 2978 671 3021 deripient
695 2984 777 3017 quod
798 2983 935 3011 restituit
957 2980 1039 3019 Hs.;

249 3033 349 3060 neque
374 3027 458 3056 enim
478 3027 655 3056 dilacerare
679 3035 758 3057 suas
783 3034 904 3065 naveS,
938 3030 992 3057 sed
1018 3035 1037 3057 a

1815 985 1898 1027 600

1104 1127 1280 1156 navalibus
1325 1126 1360 1154 in
1400 1127 1500 1154 altum
1538 1124 1704 1154 celerrime
1744 1125 1898 1154 deducere

1102 1173 1261 1208 iubentur,
1285 1176 1319 1200 ut
1344 1174 1578 1206 persequantur
1600 1170 1768 1198 Troianos.

1149 1215 1224 1246 594.
1253 1215 1334 1246 date
1362 1214 1431 1245 tela
1455 1218 1534 1244 Mss.
1584 1212 1682 1250 vela,
1716 1217 1799 1250 quod
1823 1223 1897 1245 esse

1102 1263 1218 1291 dicitur
1244 1262 1277 1290 in
1307 1270 1370 1291 uno
1402 1262 1483 1290 libro
1518 1258 1681 1297 „arridet“
1710 1257 1791 1294 Rb.,·
1840 1262 1898 1290 sed

1101 1308 1183 1336 Dido
1211 1308 1329 1336 excitat
1353 1309 1394 1336 ad
1417 1314 1558 1342 pugnam
1578 1306 1654 1343 iam,
1680 1314 1742 1334 non
1772 1308 1813 1335 ad
1837 1307 1897 1336 iter

1100 1353 1291 1383 faciendum.
1346 1350 1436 1381 Date
1466 1349 1537 1381 tela
1569 1351 1617 1380 sic
1639 1349 1669 1389 9,
1697 1349 1756 1380 37:
1795 1349 1897 1382 Ferte

1100 1396 1161 1428 citi
1179 1397 1328 1435 ferrum,
1351 1395 1433 1426 date
1457 1395 1538 1433 tela,
1565 1393 1743 1425 ascendite
1766 1405 1895 1427 mitras.

1146 1441 1222 1472 595.
1253 1440 1346 1481 Quid
1382 1438 1529 1481 loquor?
1577 1443 1646 1471 Iam
1681 1443 1760 1471 redit
1800 1444 1896 1477 quasi

1100 1492 1139 1518 ab
1175 1488 1307 1517 insania
1342 1492 1370 1517 et
1409 1496 1444 1516 se
1479 1488 1552 1522 ipsa
1589 1488 1723 1524 colligit.
1779 1489 1896 1518 Insani

1099 1542 1178 1563 vero
1203 1535 1232 1562 si
1256 1533 1309 1562 sui
1330 1536 1491 1568 compotes
1511 1533 1588 1562 fiunt
1612 1537 1707 1568 atque
1728 1533 1895 1564 insanisse

1099 1588 1134 1609 se
1157 1579 1359 1615 intelligunt,
1385 1579 1517 1607 tristitia
1540 1579 1617 1615 angi
1641 1580 1755 1607 solent.

1146 1623 1220 1653 596.
1244 1624 1326 1662 fata
1359 1626 1394 1652 P.
1421 1626 1464 1653 al.
1501 1639 1538 1643 —
1577 1625 1659 1653 Fata
1693 1628 1801 1653 autem
1831 1634 1895 1655 non

1100 1675 1175 1699 sunt
1199 1670 1308 1705 impia.
1352 1685 1390 1689 —
1428 1668 1531 1706 facta
1561 1671 1604 1698 Μ.
1630 1671 1673 1698 al.
1723 1670 1894 1704 Quaeritur

1099 1716 1206 1744 utrius
1236 1715 1324 1745 facta
1356 1715 1458 1750 impia
1488 1714 1650 1752 dicantur,
1685 1715 1818 1745 Aeneae
1850 1724 1894 1746 an

1099 1761 1246 1790 Didonis.
1294 1762 1347 1789 Ad
1376 1761 1508 1789 Aeneae
1538 1761 1716 1795 periurium
1747 1761 1893 1801 refertur,

1100 1810 1132 1835 ut
1164 1814 1215 1841 ap.
1245 1807 1313 1835 Tib.
1342 1804 1371 1843 3,
1395 1804 1425 1843 6,
1452 1804 1494 1832 4⁶2
1525 1805 1671 1835 Ariadne
1702 1806 1737 1834 ἰιι
1767 1808 1892 1837 Theseo

1099 1849 1237 1892 ingrati
1258 1850 1413 1889 reserens
1437 1847 1545 1891 impin
1558 1850 1664 1888 facta
1687 1848 1768 1888 viri,
1787 1856 1818 1882 et
1840 1860 1893 1889 ap.

1098 1898 1166 1926 Cat.
1193 1895 1253 1934 30,
1279 1895 1298 1925 4
1341 1894 1410 1925 Nec
1441 1895 1546 1934 facta
1582 1893 1691 1936 impia
1719 1894 1894 1933 fallacum

1098 1939 1273 1971 hominum
1311 1939 1487 1971 caelicolis
1512 1938 1664 1981 placent.
1724 1939 1894 1985 Tangunt

1099 1992 1206 2016 autem
1235 1995 1292 2016 nos
1321 1994 1376 2024 ea,
1406 1995 1542 2023 quarum
1563 1987 1617 2016 vis
1643 1988 1683 2016 ad
1711 1996 1770 2017 nos
1795 1990 1892 2024 perti-

1097 2037 1160 2062 net.
1210 2034 1321 2068 Itaque
1344 2040 1384 2061 ea
1407 2037 1453 2062 est
1478 2033 1654 2062 sententia:
1693 2035 1784 2063 Nunc
1816 2042 1891 2064 sen-

1097 2079 1158 2115 tio,
1196 2086 1290 2113 quem
1312 2079 1346 2107 in
1373 2086 1485 2108 casum
1508 2079 1641 2107 Aeneae
1668 2079 1808 2113 periurio
1838 2080 1889 2109 in·-

1098 2124 1239 2153 ciderim.
1290 2125 1351 2153 Sed
1383 2132 1469 2153 nunc
1502 2132 1573 2152 sero
1600 2128 1666 2159 est;
1693 2128 1760 2152 tum
1786 2126 1893 2154 decuit

1097 2169 1180 2198 ferro
1204 2170 1326 2199 irruere
1352 2170 1385 2198 in
1408 2170 1572 2205 Aeneam,
1604 2176 1702 2203 quum
1723 2171 1829 2205 recepi
1853 2171 1888 2200 in

1096 2223 1231 2251 regnum
1255 2223 1378 2250 meum,
1403 2216 1461 2243 sed
1487 2214 1560 2248 quis
1585 2214 1745 2243 hominem
1771 2216 1889 2250 pietate

1096 2260 1258 2296 insignem
1290 2268 1382 2295 quem
1411 2260 1553 2288 ferebant
1588 2259 1621 2287 in
1661 2260 1736 2288 deos
1767 2265 1798 2289 et
1830 2268 1890 2296 pa-

1095 2309 1183 2342 trem,
1209 2311 1273 2334 tam
1293 2306 1443 2340 perfidum
1469 2305 1534 2333 fore
1557 2305 1765 2339 putavisset?
1811 2307 1891 2336 Per—

1095 2355 1158 2379 stat
1198 2351 1282 2379 enim
1319 2351 1400 2379 Dido
1439 2350 1623 2379 fraudatam
1662 2358 1698 2379 se
1735 2359 1809 2380 esse
1846 2355 1888 2382 ab

1093 2396 1209 2424 Aenea
1231 2400 1342 2425 contra
1365 2403 1397 2424 v.
1425 2393 1500 2424 338.
1527 2392 1557 2423 9.
1830 2422 1840 2430 ,

1139 2438 1214 2469 597.
1245 2438 1376 2469 Dextra
1394 2438 1556 2480 fidesque
1588 2448 1632 2470 se.
1662 2437 1754 2479 eius,
1779 2449 1889 2482 quem.

1092 2487 1128 2514 Id
1149 2493 1320 2520 pronomen
1339 2486 1627 2515 demonstrativum
1643 2487 1777 2522 saepius
1794 2488 1887 2517 omit-

1092 2531 1168 2559 titur
1192 2533 1276 2566 apud
1300 2532 1374 2568 Vgl.
1399 2532 1430 2567 5,
1454 2529 1516 2560 291
1551 2528 1617 2559 Hic
1651 2530 1799 2568 (eorum)
1826 2531 1887 2573 qui

1090 2574 1184 2610 forte
1220 2574 1327 2605 velint
1366 2575 1492 2616 rapido
1530 2578 1736 2606 contendere
1771 2586 1886 2616 cursu,

1089 2618 1217 2650 invitat
1243 2620 1346 2651 dictis
1376 2620 1530 2655 «mimos,-
1564 2619 1614 2658 11,
1639 2618 1681 2649 81
1719 2620 1887 2653 Vinxerat

1090 2668 1121 2695 et
1142 2669 1221 2706 post
1246 2669 1350 2706 terga
1371 2675 1494 2695 manus
1513 2666 1674 2703 (eornm),
1697 2675 1781 2707 quos
1805 2666 1884 2697 mit-

1089 2713 1172 2741 teret
1198 2710 1327 2741 umbris
1351 2709 1519 2749 inferias3
1546 2708 1619 2740 172.

1134 2755 1210 2786 598.
1242 2754 1386 2786 Portare
1410 2765 1471 2785 non
1492 2765 1547 2792 pro
1571 2759 1730 2795 portasse
1754 2757 1883 2794 dictum,

1087 2809 1161 2831 nam
1181 2804 1285 2831 adnue
1306 2810 1415 2831 secum
1433 2803 1546 2832 ducere
1567 2803 1692 2832 dicitur.
1710 2817 1753 2821 -—
1774 2800 1883 2832 Λὶιιηι

1087 2855 1159 2876 cum
1190 2848 1294 2876 ironia
1328 2848 1464 2885 tiletum,
1504 2847 1655 2877 nimirum
1687 2847 1785 2876 etiam
1823 2851 1882 2878 hoc

1086 2892 1207 2921 falsum
1232 2898 1289 2921 est.

1132 2936 1208 2966 599.
1235 2935 1390 2967 subiisse.
1439 2938 1486 2966 De
1510 2936 1612 2965 forma
1636 2936 1675 2966 cf.
1705 2935 1735 2974 3,
1759 2935 1834 2966 603.

1132 2981 1206 3011 600.
1240 2979 1412 3011 Divellere
1429 2989 1553 3021 corpus
1567 2982 1767 3012 Baccharum
1783 2990 1881 3021 more,

1085 3030 1167 3063 quod
1198 3029 1338 3057 fecerunt
1369 3028 1403 3056 in
1440 3028 1579 3055 Pentheo
1611 3032 1642 3056 et
1667 3028 1800 3063 Orpheo.
1839 3043 1877 3048 —
