2023 3350
197 134 278 174 32ss
772 127 812 158 P.
840 125 1039 157 VIRGILH
1064 123 1278 158 MARONIS

196 245 418 280 descendisse
457 242 612 274 Aeneam
643 245 757 272 narrat
794 238 976 281 Virgilius,
1018 248 1057 271 ea
1088 244 1162 271 erat
1193 239 1280 271 faeie
1317 243 1350 271 et
1381 242 1523 275 natura,
1556 240 1596 268 ut
1630 235 1660 268 si
1686 234 1722 267 in
1754 233 1854 267 Italia

197 293 347 333 aliquem
376 289 503 330 eligere
527 286 643 326 vellet,
668 295 738 317 non
759 285 929 328 reperiret
952 284 1134 327 aptiorem.
1174 283 1386 323 Accedebat,
1402 283 1497 326 quod
1514 282 1618 323 vulgo
1645 280 1854 313 credebatur

197 338 244 370 ibi
271 345 348 369 esse
373 334 415 366 ad
443 333 579 365 Inseros
605 331 739 372 aditus,
777 340 892 373 eoque
915 331 950 362 in
979 330 1055 362 loco
1077 335 1150 362 erat
1175 330 1444 363 celeberrimum
1469 328 1757 368 νεκυομαντεῖον
1783 326 1854 367 (cf.

198 384 266 415 Cic.
297 383 401 413 Tusc.
438 381 465 418 1,
500 379 552 417 16,
585 378 638 409 37.
714 375 827 410 Strab.
856 379 886 417 5,
924 377 956 414 4,
991 377 1009 407 5
1041 385 1073 418 p.
1114 376 1191 408 244.
1286 377 1463 418 Heynium
1501 374 1537 406 in
1574 374 1655 405 Exc.
1686 371 1730 404 ad
1759 371 1856 404 hunc

197 426 355 463 librum.)
383 444 427 448 —-
453 426 493 456 In
525 433 561 456 re
596 422 846 461 describenda,
882 431 970 464 quae
1003 421 1170 453 omnibus
1201 422 1412 454 mortalibus
1454 419 1661 463 gravissima
1696 422 1730 451 et
1763 417 1856 450 scitu

198 472 404 513 dignissima
445 469 566 502 eadem
593 473 708 502 tamen
740 468 993 501 obscurissima
1019 472 1090 506 est,
1123 477 1214 509 quae
1236 467 1334 500 nullo
1360 468 1502 509 ingenio
1537 470 1596 497 aut
1620 464 1749 497 mentis
1777 473 1858 496 acu-

198 512 291 552 mine
312 521 427 560 potest
449 515 620 558 indagari,
646 520 679 548 et
696 525 801 557 quam
825 514 891 557 ipsi
909 514 957 546 dii
981 513 1182 545 viderentur
1197 513 1328 546 celasse
1347 513 1522 553 homines,
1549 511 1578 543 si
1594 510 1680 553 quid
1705 509 1858 542 ediceret

197 565 332 598 veniam
362 572 461 595 orare
487 566 625 605 poetam
658 560 852 603 oportebat¹
926 561 978 592 Ita
1011 559 1047 591 in
1071 559 1249 602 mysteriis
1278 559 1396 602 eloqui
1425 558 1619 601 quidquam
1647 557 1743 590 omni
1772 565 1857 598 sup-

198 611 304 654 plicio
330 609 477 641 vetitum
507 612 589 640 erat.

290 657 367 688 Non
396 653 517 696 procul
545 663 563 685 a
594 657 712 695 porta,
748 656 787 684 ut
820 650 922 684 facile
953 651 1094 693 possint
1123 651 1158 682 in
1197 656 1323 683 terram
1358 650 1465 687 exire,
1497 649 1633 691 positae
1673 651 1758 680 sunt
1790 656 1858 686 res,

200 712 290 744 quae
314 705 466 733 mortem
499 698 665 731 afferunt:
692 699 839 737 Luctus,
867 698 987 735 Curae,
1015 695 1144 735 Morbi,
1165 697 1351 735 Senectus,
1377 697 1514 736 Fames,
1536 695 1693 736 Egestas,
1719 694 1859 731 Letum,

199 747 332 787 Labor,
366 746 522 785 Insania,
554 744 710 783 Bellum,
744 743 930 776 Discordia
966 744 1044 777 ⁴268.
1099 743 1260 774 Proxima
1293 746 1377 774 sunt
1410 741 1553 774 Somnia
1591 745 1625 772 et
1656 744 1793 782 spectra
1826 743 1860 771 et

202 794 317 828 omnia
346 792 405 825 illa
430 800 542 833 „quae
568 790 749 833 quondam
776 789 870 832 apud
899 789 1036 821 Inseros
1068 793 1228 831 portenta
1255 787 1523 821 credebantur.“
1582 785 1649 819 Sed
1684 795 1795 828 quum
1821 794 1860 818 ea

201 840 319 873 omnia
343 847 429 871 vana
453 842 486 870 et
508 837 625 869 inania
650 840 788 876 essent,
821 836 933 877 (282.)
966 835 1136 867 monstris
1170 834 1241 866 illis
1276 838 1376 876 poeta
1413 832 1604 874 assignavit
1635 832 1771 872 locum,
1797 831 1861 874 qui

202 887 246 919 iis
271 886 402 917 unicus
429 888 501 916 erat
525 883 667 925 dignus.
720 882 770 915 Cf.
794 881 836 914 ad
857 891 886 914 v.
914 882 991 914 238.
1043 882 1140 921 Quae
1167 880 1242 912 loca
1266 879 1405 912 Aeneas
1438 889 1548 920 quum
1580 877 1791 920 reliquisset,
1818 876 1861 909 ad

201 933 341 975 Stygem
373 929 540 973 pervenit,
563 928 685 970 ibique
713 938 876 969 magnam
910 927 1116 959 umbrarum
1154 927 1336 968 conspexit
1364 925 1646 963 multitudinem,
1674 924 1861 956 transitum

202 978 411 1021 petentium;
446 984 660 1017 caussasque
692 984 808 1007 rerum
832 983 922 1015 quas
950 972 1091 1005 videbat
1117 973 1303 1014 requirens
1328 971 1512 1013 comperit,
1536 971 1596 1012 qui
1632 970 1764 1012 sepulti
1788 978 1860 1001 non

202 1028 330 1059 essent,
356 1032 428 1054 non
460 1030 565 1064 posse
597 1022 735 1063 Stygem
769 1020 880 1053 traiiei
925 1029 987 1051 nee
1019 1019 1122 1051 sedes
1157 1019 1304 1060 adipisci
1339 1018 1486 1059 quietas.
1560 1015 1700 1056 Quibus
1729 1014 1862 1047 auditis

201 1071 276 1113 ipse
302 1068 402 1110 quasi
431 1067 593 1100 divinans
619 1076 726 1098 suum
756 1065 868 1099 satum
901 1075 1097 1098 concussus
1127 1065 1244 1096 animo
1275 1063 1470 1096 infelicium
1505 1066 1637 1095 sortem
1664 1062 1862 1094 miseratur.

294 1116 420 1146 Poetae
454 1117 527 1145 erat
558 1113 710 1145 ieiunam
742 1117 775 1144 et
809 1112 941 1144 aridam
984 1112 1208 1152 antiquarum
1249 1109 1449 1142 fabularum
1489 1108 1727 1141 narrationem
1760 1107 1861 1149 quasi

204 1161 368 1197 animare,
398 1164 436 1191 ut
461 1163 621 1200 agentem
645 1159 803 1190 Aeneam
836 1157 1047 1195 videremus,
1071 1166 1142 1189 non
1164 1160 1301 1188 tantum
1329 1156 1512 1188 docentem
1530 1153 1698 1196 Sibyllam
1725 1153 1863 1186 audire-

204 1216 294 1240 mus.
344 1207 466 1248 Itaque
492 1204 613 1236 intulit
637 1204 753 1236 socios
778 1204 918 1245 aliquos
939 1202 1098 1241 Aeneae,
1131 1211 1221 1244 quos
1255 1201 1369 1234 medio
1411 1201 1447 1234 in
1479 1200 1567 1232 mari
1602 1198 1770 1232 fluctibus
1800 1209 1862 1242 op-

203 1262 347 1297 pressos
372 1252 554 1290 amiserat,
580 1250 808 1291 Leucaspim,
842 1249 1029 1287 Orontem,
1061 1248 1280 1280 Palinurum.
1344 1248 1420 1279 Hoc
1452 1246 1564 1279 facere
1602 1245 1767 1286 debebat,
1792 1245 1863 1278 nisi

204 1298 360 1331 sterilem
386 1301 417 1329 01
441 1295 672 1329 11111101111113111
697 1295 799 1328 vellet
828 1304 904 1327 esse
929 1294 1093 1327 carminis
1108 1295 1163 1326 sui
1184 1293 1381 1326 lectionem.
1433 1292 1538 1333 Quod
1567 1302 1677 1334 quum
1695 1301 1712 1324 a
1737 1292 1863 1333 quovis

205 1344 304 1377 facile
330 1342 546 1385 intelligatur
573 1346 605 1373 et
633 1342 749 1373 Dantii
782 1340 903 1373 divina
929 1340 1109 1374 comoedia
1138 1344 1321 1382 propterea
1349 1339 1497 1371 maxime
1524 1348 1564 1371 eo
1592 1337 1735 1370 nomine
1757 1337 1862 1379 digna

204 1390 384 1428 habeatur,
412 1393 446 1420 et
478 1388 546 1420 alio
582 1387 725 1429 quidem
758 1387 882 1425 modo,
923 1396 1027 1428 quam
1081 1396 1150 1428 quo
1183 1386 1258 1427 ipse
1292 1385 1427 1417 dixerat
1450 1384 1614 1424 divinam,
1649 1393 1719 1415 non
1745 1383 1862 1416 solum

206 1435 301 1479 quod
328 1440 551 1477 peecatorum
577 1433 667 1465 varia
693 1443 819 1474 genera
844 1437 901 1464 aut
925 1433 1035 1465 varias
1064 1431 1322 1474 suppliciorum
1350 1431 1486 1473 species
1518 1430 1775 1471 excogitaverit,
1801 1429 1864 1462 sed

206 1481 301 1524 quod
328 1485 424 1513 tanta
449 1485 520 1512 arte
546 1484 578 1512 et
604 1479 767 1511 varietate
797 1488 884 1511 usus
910 1488 1056 1510 suorum
1083 1477 1283 1519 aequalium
1306 1477 1464 1509 intulerit
1490 1476 1712 1508 memoriam:
1745 1485 1863 1508 nonne

207 1528 346 1567 mirum,
367 1526 462 1568 quod
480 1525 651 1568 Virgilius
665 1535 774 1557 unum
792 1524 981 1557 alterumve
1001 1524 1139 1556 Aeneae
1156 1523 1341 1566 aequalem
1359 1533 1436 1555 cum
1455 1532 1494 1555 eo
1511 1531 1741 1564 congressum
1759 1521 1866 1554 finxe-

205 1574 261 1612 rit,
287 1573 321 1605 id
348 1572 535 1614 vituperari
561 1575 593 1603 et
616 1576 717 1613 poeta
744 1570 889 1603 iudicari
919 1570 1122 1612 indignum,
1155 1574 1193 1601 ut
1216 1570 1275 1611 qui
1306 1569 1352 1601 ita
1378 1569 1577 1601 existiment
1602 1577 1644 1600 ne
1677 1567 1866 1601 cohibeant

207 1619 348 1662 quidem
362 1627 487 1650 manus
508 1621 541 1650 et
559 1617 697 1649 ciieiant
717 1617 926 1649 continuum
943 1626 1105 1648 versuum
1122 1613 1335 1648 numerum?
1360 1634 1405 1638 —-
1430 1617 1471 1647 In
1490 1615 1660 1656 Leucaspi
1682 1619 1717 1646 et
1732 1614 1866 1646 Oronte

207 1676 276 1697 non
305 1668 540 1696 commoratur
565 1662 751 1704 Virgilius:
788 1672 911 1695 eorum
938 1662 1032 1694 enim
1062 1667 1192 1694 sortem
1224 1661 1309 1693 satis
1339 1661 1512 1702 cognitam
1539 1659 1689 1692 habebat
1710 1659 1866 1697 Aeucas;

206 1710 266 1743 sed
295 1720 363 1752 qno
383 1719 467 1742 casu
487 1709 679 1741 exstinctus
702 1713 795 1741 05501
818 1708 1016 1746 Ρ31111111115,
1042 1707 1143 1749 plane
1164 1706 1364 1749 ignorabam
1395 1711 1427 1739 et
1444 1711 1515 1739 erat
1535 1706 1717 1738 oraculum
1736 1706 1777 1738 ad
1800 1707 1867 1738 Ita-

205 1757 288 1789 liam
313 1756 411 1788 illum
436 1760 696 1798 perventurum.
749 1754 864 1794 Quare
888 1754 1007 1786 statim
1035 1763 1114 1785 eum
1135 1753 1334 1794 alloquitur.
1384 1754 1506 1794 Itaque
1523 1761 1646 1784 omncs
1664 1761 1806 1785 caussas
1819 1752 1867 1783 ita

207 1803 383 1835 contexuit
400 1805 512 1844 poeta,
536 1805 575 1832 ut
602 1800 719 1832 omnia
737 1810 774 1832 ex
796 1800 918 1831 ordine
937 1804 968 1831 et
989 1800 1123 1831 ratione
1150 1798 1224 1830 lieri
1242 1798 1453 1831 videremus.
1486 1799 1573 1830 Vera
1600 1803 1717 1830 tamen
1737 1807 1863 1830 caussa

207 1848 349 1880 suberat
377 1847 477 1887 haee,
511 1846 606 1888 quod
633 1846 916 1888 promontorium
944 1850 1017 1877 erat
1043 1844 1216 1885 Palinuri,
1251 1845 1310 1886 qui
1341 1844 1480 1876 Aeneae
1514 1843 1725 1885 gubernator
1751 1843 1862 1876 fuisse

208 1893 402 1927 dicebatur.
457 1892 524 1925 Sed
550 1902 588 1925 ca
610 1897 660 1923 est
691 1901 747 1924 ars
773 1896 915 1934 poetae.
949 1891 1045 1933 quod
1071 1892 1183 1923 varias
1215 1894 1245 1922 et
1278 1890 1534 1923 diversissimas
1569 1890 1695 1922 Italiae
1725 1889 1863 1922 fabulas

208 1950 319 1972 unum
343 1941 378 1971 in
406 1948 546 1972 carmen
575 1938 769 1979 congessit,
796 1943 834 1969 ut
852 1937 1010 1969 ordinem
1039 1947 1108 1979 quo
1124 1937 1311 1969 cohaerent
1335 1936 1428 1979 apud
1453 1940 1592 1978 poetam
1620 1945 1690 1968 non
1720 1935 1763 1968 ab
1784 1936 1865 1978 ipso

209 1985 338 2018 sactum
365 1984 428 2017 sed
461 1984 502 2016 ab
529 1984 688 2025 antiquis
716 1983 903 2023 traditum,
935 1992 1049 2024 neque
1077 1992 1217 2025 sparsas
1251 1987 1331 2014 ante
1364 1992 1443 2015 eum
1470 1981 1774 2022 narratiunculas,
1800 1980 1863 2014 sed

207 2031 390 2064 historiam
419 2030 528 2062 fuisse
554 2030 756 2061 continuam
782 2028 1006 2061 arbitremur.
1048 2030 1146 2069 Quae
1175 2033 1292 2061 eontra
1319 2027 1458 2070 singula
1482 2027 1585 2060 verba
1610 2028 1744 2060 monita
1771 2031 1867 2068 sunt,

208 2078 244 2110 in
275 2077 367 2109 notis
395 2081 566 2117 quantum
591 2075 771 2118 potuimus
785 2075 955 2117 explicare
981 2075 1097 2107 conati
1123 2085 1264 2109 sumus:
1292 2074 1380 2106 illud
1409 2079 1536 2112 autem,
1566 2073 1661 2116 quod
1680 2073 1863 2106 oraculum

210 2128 279 2155 tam
312 2121 517 2161 ambiguum
548 2122 782 2163 vituperatur,
817 2129 900 2153 sane
938 2120 1023 2153 mihi
1066 2121 1202 2153 videtur
1235 2130 1311 2153 esse
1346 2120 1583 2160 levissimum,
1624 2119 1719 2162 quod
1751 2119 1867 2161 possit

209 2168 324 2201 obiici.
345 2187 388 2190 --—
406 2168 538 2200 Relicto
560 2168 727 2199 Palinuro
755 2167 797 2199 ad
823 2176 961 2199 amnem
989 2171 1158 2209 pergunt,
1186 2176 1281 2198 ramo
1311 2171 1497 2208 conspecto
1516 2165 1653 2198 Charon
1671 2174 1730 2197 eos
1752 2169 1866 2197 trans-

208 2215 331 2247 vehere
355 2218 532 2256 properat,
562 2212 627 2245 offa
654 2212 788 2245 obieeta
815 2212 986 2245 Cerberus
1012 2212 1158 2245 lenitur:
1187 2213 1253 2244 iam
1282 2216 1367 2243 sunt
1389 2213 1424 2244 in
1451 2211 1554 2243 Orco.

302 2261 439 2292 Novum
469 2259 601 2301 aliquid
628 2263 851 2291 commentus
882 2263 935 2291 est
952 2259 1133 2300 Virgilius,
1155 2259 1289 2291 scilicet
1313 2258 1414 2290 aliam
1442 2266 1519 2289 esse
1546 2265 1706 2288 caussam
1727 2266 1865 2295 eorum,

209 2306 267 2348 qui
300 2310 488 2347 antequam
528 2315 714 2337 numerum
742 2305 921 2347 explerent
958 2314 1129 2337 annorum
1165 2313 1327 2339 suorum,
1378 2303 1437 2344 qui
1473 2307 1662 2344 antequam
1695 2302 1736 2334 ad
1773 2311 1867 2341 eum,

208 2362 312 2394 quem
337 2356 460 2384 natura
487 2355 706 2384 concesserat
759 2352 967 2388 terminum,
1001 2350 1260 2392 pervenissent,
1311 2350 1500 2381 immatura
1545 2353 1656 2380 morte
1688 2348 1868 2390 perierint,

209 2403 241 2431 et
269 2408 392 2430 eorum
417 2398 477 2439 qui
499 2397 541 2428 ad
572 2396 709 2428 Inferos
738 2396 887 2439 profecti
923 2396 994 2428 51111
1020 2396 1116 2427 0111111
1144 2396 1209 2427 vita
1237 2394 1437 2437 absumpta.
1503 2394 1559 2426 Illi
1592 2395 1686 2427 enim
1712 2394 1868 2436 aliquam

209 2454 280 2476 non
308 2444 383 2476 sine
420 2452 543 2475 caussa
576 2442 738 2474 videntur
773 2447 889 2484 petere
922 2442 1073 2476 veniam:
1107 2440 1174 2473 sibi
1210 2442 1301 2473 enim
1335 2445 1559 2483 praereptum
1599 2450 1677 2473 esse
1712 2444 1867 2483 tempus,

210 2500 278 2532 quo
322 2490 481 2521 animum
516 2493 548 2520 et
576 2498 691 2520 mores
726 2487 913 2520 emendare
937 2492 967 2519 ct
1003 2487 1097 2519 vitiis
1126 2496 1273 2529 purgare
1307 2488 1505 2529 potuerint,
1539 2496 1605 2518 suo
1639 2485 1719 2528 jure
1751 2486 1866 2519 dicere

209 2536 468 2575 existimantur,
504 2534 681 2575 siquidem
714 2543 784 2566 non
820 2537 903 2565 sunt
947 2543 1073 2574 magno
1112 2533 1229 2574 aliquo
1276 2532 1407 2575 flagitio
1452 2532 1690 2566 contaminati.
1779 2531 1866 2565 Inde

210 2581 340 2613 sactum
366 2585 429 2621 est,
454 2584 493 2612 ut.
520 2580 656 2612 diversa
680 2579 755 2611 loca
780 2579 928 2611 diversis
957 2578 1140 2610 hominum
1169 2578 1359 2621 generibus
1386 2577 1604 2611 attribueret.
1654 2578 1772 2611 Primo
1789 2577 1868 2611 loco

210 2631 290 2659 sunt
318 2626 490 2663 infantes;
523 2630 603 2668 post
627 2635 698 2664 eos,
733 2626 793 2667 qui
828 2624 916 2657 falso
944 2625 1090 2657 crimine
1115 2624 1156 2656 ad
1181 2630 1328 2657 mortem
1361 2629 1444 2657 sunt
1469 2625 1556 2657 acti:
1583 2628 1782 2666 sequuntur
1806 2623 1867 2666 qui

200 2672 277 2711 ,sibi
306 2673 373 2714 ipsi
405 2682 549 2704 manum
581 2670 743 2703 intulere.
802 2672 877 2702 Hos
909 2671 977 2702 iam
1005 2671 1157 2714 paenitet
1190 2671 1291 2710 sacti,
1329 2675 1433 2713 atque
1464 2680 1502 2703 ea
1537 2675 1591 2703 est
1623 2670 1708 2703 satis
1745 2669 1869 2702 acerba

209 2728 331 2760 poena.
357 2719 451 2760 quod
480 2718 606 2750 nolunt
632 2727 671 2749 ea
697 2725 774 2749 esse
801 2716 1015 2756 conditione,
1036 2726 1141 2758 quam
1158 2717 1226 2759 ipsi
1256 2721 1335 2749 ante
1361 2717 1615 2760 appetiverunt,
1645 2720 1676 2747 et
1703 2725 1773 2757 qua
1797 2715 1868 2747 iam

211 2773 281 2795 non
308 2769 461 2805 possunt
486 2763 626 2796 exsolvi.
687 2763 753 2795 His
779 2763 899 2795 Minos
921 2766 973 2794 est
1003 2764 1200 2805 quaesitor,
1239 2763 1369 2795 adsunt
1393 2763 1544 2802 iudices,
1570 2761 1716 2794 umbrae
1745 2761 1783 2793 in
1810 2761 1869 2793 ius

211 2814 380 2841 vocantur
406 2815 439 2842 et
464 2809 660 2842 seeundum
687 2809 755 2841 alia
780 2809 926 2841 crimina
959 2808 1060 2841 locus
1092 2809 1205 2841 datur.
1262 2809 1416 2841 Proximi
1448 2812 1550 2847 sunt,
1589 2807 1648 2849 qui
1684 2807 1868 2849 perierunt

210 2855 319 2887 nimia
360 2855 476 2897 aliqua
510 2855 714 2897 cupiditate.
781 2855 955 2887 Memorat
979 2854 1028 2886 ibi
1055 2854 1098 2886 ad
1130 2855 1275 2887 Homeri
1312 2854 1511 2897 exemplum
1543 2853 1672 2885 multas
1703 2852 1867 2892 feminas,

212 2901 340 2942 partim
367 2900 409 2933 ab
434 2911 472 2933 eo
498 2901 566 2932 iam
596 2901 805 2933 nominatas.
858 2901 956 2940 Quae
982 2902 1177 2933 Homerum
1206 2910 1328 2933 caussa
1354 2899 1550 2943 impulerit,
1578 2903 1618 2931 ut
1643 2902 1695 2931 tot
1717 2898 1869 2931 feminas

212 2946 303 2978 Ulixi
330 2946 534 2985 adduceret,
559 2947 730 2989 explicare
756 2946 799 2978 ad
825 2956 890 2978 nos
920 2956 990 2978 non
1018 2947 1157 2984 attinet;
1188 2946 1375 2989 Virgilium
1401 2950 1528 2983 autem,
1555 2944 1649 2986 quod
1673 2945 1868 2977 Homerum

213 2990 278 3022 hoc
310 2991 387 3024 loeo
422 2992 521 3033 sequi
551 3002 621 3024 non
659 2992 830 3029 noluerit,
863 2993 971 3024 movit
1004 3002 1128 3025 caussa
1166 2992 1359 3025 admodum
1401 2992 1528 3034 gravis
1600 2991 1741 3023 Poterat
1774 2990 1868 3023 enim

213 3036 341 3069 inferre
372 3037 557 3069 Didonem.
586 3058 628 3062 -—
657 3038 788 3070 Ultima
818 3039 891 3070 loca
921 3042 1038 3070 tenent
1064 3038 1124 3080 qui
1148 3038 1182 3070 in
1210 3037 1304 3070 bello
1330 3037 1434 3070 occisi
1462 3041 1556 3069 sunt.
1623 3037 1775 3078 Magnus
1798 3039 1867 3069 erat
