2023 3350
313 149 394 186 49¹2

874 145 912 176 Ρ.
936 144 1127 178 thGlth
1151 146 1360 179 MARONts

311 256 525 298 Fatidicac
563 255 734 297 Mantus
769 259 812 296 et
844 255 968 297 Tusci
1006 257 1118 299 filius
1158 260 1304 306 amnis,

309 315 388 363 Qui
425 327 567 354 muros
606 309 838 366 matrisque
877 313 996 354 dedit
1030 315 1128 366 tibi,

308 371 360 411 M
354 374 501 417 antua,
543 369 611 410 div
616 384 658 411 es
693 370 805 421 avis3

308 430 420 468 (uns
461 427 523 467 illi
560 427 736 480 t1·,iplex
772 428 919 481 populi
950 429 1027 469 sub
1072 433 1196 482 gente
1236 431 1445 484 quateini,

308 485 406 536 Ipsi
443 488 571 537 eaput
606 484 793 537 populis:

307 541 417 582 Hinc
451 555 618 595 quoque
658 541 909 595 quingentos
944 543 989 583 in
1029 557 1073 584 se
1108 544 1338 585 Mezentius
1373 548 1521 595 armat,

308 600 420 648 Quos
457 602 579 652 patre
618 598 786 640 Benaco
824 600 987 640 velatus
1025 601 1233 643 arundine
1265 602 1417 653 glauca

307 655 486 696 Mincius
526 655 680 696 infesta
713 655 897 697 ducebat
933 657 977 698 in
1017 672 1208 711 aequora
1242 659 1357 712 pinU.

307 713 348 753 It
384 713 522 765 gravis
562 713 778 764 Aulestes,
812 716 1074 767 centenaque
1109 715 1265 757 arbore
1302 716 1478 757 fluctum

308 769 517 811 Verberat
551 770 806 823 adsurgens,
841 776 1041 824 spumant
1074 773 1187 814 vada
1219 787 1433 815 marmore
1471 786 1602 814 verso.

307 827 431 868 Hunc
470 827 583 868 vehit
614 827 810 869 immanis
850 828 999 870 Triton
1029 833 1071 870 et
1106 831 1278 872 caerula
1316 831 1478 872 concha

307 884 537 926 Exterrens
578 884 709 926 freta:
750 885 818 926 cui
850 885 1033 927 laterum
1061 890 1184 929 tenus
1225 888 1396 941 hispida
1436 886 1554 929 nanti

973 944 1017 984 in
1051 945 1221 997 pristim
1262 945 1416 987 desinit
1452 945 1596 993 alvus3

308 942 441 983 Frons
474 941 687 983 hominem
723 941 935 996 praefert,

308 1079 416 1110 aonia
444 1078 575 1115 Rheni‚-
623 1083 731 1117 itaque
765 1085 848 1118 apud
890 1092 962 1113 eum
989 1085 1097 1113 Ocnus

307 1131 353 1155 est
388 1128 611 1156 Bononiensis.
660 1130 747 1157 Idem
779 1129 874 1157 tradit
901 1131 939 1158 S:
980 1131 1095 1165 ,Jlunc

308 1175 429 1201 Ocnum
457 1174 516 1201 aiii
541 1174 670 1203 Auletis
701 1174 819 1210 filium,
863 1175 923 1203 aiii
953 1175 1094 1211 fratrem,

308 1219 362 1253 qui
394 1219 564 1248 Perusiam
593 1220 742 1257 condidit,
782 1221 940 1257 referunt,
982 1225 1011 1249 et
1056 1230 1096 1250 ne

309 1272 379 1293 cum
411 1264 511 1293 fratre
544 1267 763 1303 contenderet,
802 1267 834 1294 in
866 1274 944 1300 agro
969 1267 1095 1296 Gallico

310 1310 493 1347 Felsinam,
538 1318 620 1346 quae
658 1319 740 1341 nunc
780 1309 929 1341 Bononia
969 1312 1096 1348 dicitur,

308 1356 506 1390 condidisse,
559 1357 764 1391 permississe
805 1358 900 1387 etiam
940 1359 1097 1387 exercitui

309 1408 368 1428 suo
410 1405 443 1429 ut
479 1403 616 1430 castella
662 1403 839 1438 munirent,
886 1404 919 1431 in
962 1412 1097 1438 quorum

309 1454 438 1474 numero
463 1449 594 1475 Mantua
636 1447 706 1476 fuit.
755 1448 826 1475 Alii
866 1456 885 1477 a
919 1449 1096 1482 Tarchone,

309 1492 467 1526 Tyrrheni
492 1492 606 1525 fratre,
645 1494 806 1522 conditam
830 1494 953 1525 dicunt:
1004 1497 1098 1522 Man-

309 1541 396 1565 tuam
416 1543 522 1566 autem
547 1538 617 1567 ideo
642 1539 854 1572 nominatam.
897 1540 979 1573 quod
1004 1541 1098 1568 Etru—

309 1590 367 1611 sca
390 1583 503 1617 lingua
528 1586 672 1612 Mantum
698 1585 803 1613 Ditem
836 1590 958 1619 patrem
986 1587 1099 1620 appel-

309 1626 413 1656 Ιεῑιιι.ιι
463 1628 537 1663 (Sic
560 1630 706 1658 dicuntur
731 1627 854 1658 Manes
878 1635 906 1659 et
933 1631 991 1659 dea
1021 1628 1099 1659 Ma·-

310 1671 371 1702 m‘a
395 1673 433 1702 cf.
453 1672 502 1708 12,
515 1673 612 1710 646.)
661 1677 772 1709 Itaque
789 1680 872 1704 recte
887 1676 959 1711 Vgl.
977 1678 1098 1704 Ocnum

309 1727 421 1753 suuni,
454 1720 613 1749 nominem
637 1721 845 1755 Perusinum,
873 1721 999 1749 Tiberis
1025 1721 1098 1750 fecit

309 1764 419 1792 filium.
468 1766 514 1794 Cf.
540 1765 575 1801 5,
607 1763 660 1794 37.
708 1767 769 1794 Sed
802 1768 910 1794 Manto
946 1768 1098 1795 Thebana

309 1817 329 1838 a
348 1811 478 1838 Graecis
504 1811 597 1839 illata
612 1815 660 1840 est
678 1819 734 1845 per
752 1812 823 1839 soni
843 1812 1097 1849 similitudinem,

309 1860 342 1884 ut
366 1857 519 1884 Italorum
544 1857 744 1885 narrationes
769 1857 901 1892 saepius
926 1858 990 1886 iam
1014 1858 1099 1886 vidi-

309 1909 380 1933 mus
395 1902 525 1930 Graecis
539 1910 612 1931 esse
626 1907 821 1937 permutatas
847 1907 875 1931 et
891 1904 1095 1937 depravatas.

357 1945 429 1977 199.
461 1945 604 1976 Mantus
619 1948 805 1984 „genitivus
815 1950 956 1977 Graecus
970 1949 1050 1977 est.“
1065 1951 1096 1977 S.

355 1990 429 2019 201.
456 1990 552 2021 dives
577 1991 860 2028 avis„maiorihus
885 1992 1098 2028 praepotens“

311 2039 343 2064 S.
370 2042 403 2065 ut
427 2045 508 2071 quae
527 2040 581 2067 vel
602 2046 623 2067 a
646 2040 821 2075 Tarchone,
844 2041 998 2069 Etruscae
1021 2049 1098 2076 gen-

309 2083 352 2110 tis
375 2083 553 2119 conditore,
585 2084 740 2120 originem
763 2086 876 2114 ducere
900 2087 1096 2114 credebatur.

312 2143 353 2146 —
401 2128 454 2157 Sic
488 2126 584 2157 diues
615 2127 691 2158 auis
722 2132 800 2159 Stat.
826 2131 923 2159 Theb.
952 2128 986 2167 1,
1021 2129 1098 2167 392,

312 2170 408 2201 dives
439 2182 582 2202 avorum
615 2176 673 2202 Sil.
699 2172 736 2212 8,
770 2174 846 2206 526.
896 2176 942 2205 Cf.
974 2174 1012 2212 7,
1043 2175 1097 2204 56.

311 2233 354 2238 —-
377 2227 443 2247 non
469 2227 582 2257 genus
606 2228 733 2249 unum.-
776 2221 936 2256 „primum
961 2230 1099 2256 namque

309 2272 330 2292 a
355 2265 534 2300 Thebanis,
571 2267 683 2294 deinde
712 2274 731 2295 a
754 2268 885 2304 Tuscis,
919 2268 1099 2296 novissime

310 2318 329 2337 a
349 2311 464 2345 Gallis,
490 2313 542 2339 vei
568 2316 599 2339 ut
624 2312 682 2340 aiii
707 2312 815 2341 dicunt
840 2320 860 2341 a
876 2314 1099 2341 Sarsinatibus

311 2355 499 2393 (Umbris),
536 2358 591 2392 qui
616 2359 772 2387 Perusiae
797 2357 1040 2388 consederant.“
1065 2361 1098 2387 S.

311 2401 344 2428 in
369 2403 446 2435 alqt.

354 2444 430 2474 202.
457 2443 575 2482 „Gens
601 2444 655 2475 illi
678 2452 751 2481 eto..
776 2449 853 2483 qula
876 2451 1010 2477 Mantua
1034 2453 1100 2478 tres

312 2492 420 2520 habuit
447 2493 554 2526 populi
586 2493 702 2529 trihus,
745 2501 828 2527 quae
860 2499 889 2523 et
914 2495 946 2523 in
971 2499 1099 2529 quater-

311 2545 370 2565 nas
394 2538 503 2566 curias
533 2538 775 2572 dividebantur:
817 2543 846 2567 et
870 2540 1010 2575 singulis
1031 2541 1099 2568 sin-

310 2583 378 2615 guli
403 2584 604 2611 Lucumones
629 2584 838 2621 imperabant,
872 2593 953 2619 quos
977 2586 1009 2613 in
1035 2590 1100 2614 tota

310 2628 430 2656 Tuscia
452 2629 617 2657 duodecim
654 2630 758 2658 fuisse
793 2631 999 2659 manifestum
1039 2636 1098 2669 est,

310 2682 352 2702 ex
385 2674 502 2708 quibus
541 2682 625 2702 unus
665 2676 812 2704 omnibus
852 2680 1006 2710 praeerat.
1056 2677 1098 2705 lli

310 2723 417 2747 autem
465 2719 562 2747 totius
600 2721 739 2750 Tusciae
778 2721 904 2749 divisas
942 2724 1099 2750 habebant

310 2765 403 2798 quasi
429 2765 661 2802 praefecturas,
702 2768 758 2795 sed
790 2767 930 2795 oninium
964 2769 1098 2801 populo-

312 2818 380 2837 rum
413 2810 625 2845 principatum
655 2814 789 2840 Mantua
819 2811 1040 2845 possidebatf‘
1064 2815 1098 2844 S.

311 2856 399 2888 Quae
423 2855 452 2884 si
475 2860 593 2884 certum
618 2861 704 2885 esset
721 2857 870 2886 servium
895 2866 936 2885 ex
962 2858 1099 2886 historia

313 2901 478 2935 hausisse,
513 2902 633 2935 aliquid
659 2902 889 2936 proficeremus.
916 2919 960 2923 —
993 2904 1099 2942 capnt

311 2943 452 2982 populis
477 2946 519 2975 cf.
547 2944 577 2983 2,
602 2944 678 2976 429.

358 2988 431 3018 203.
463 2988 572 3031 'l'usjco
598 2989 640 3019 de
663 2989 839 3032 sanguine
860 2989 967 3021 vires:
1001 2993 1099 3022 Tusci

313 3034 407 3068 igitur
431 3043 540 3064 earum
563 3037 704 3072 gentium
729 3042 835 3066 tenent
865 3038 1095 3075 principatum3

1169 316 1368 361 Mantua.
1401 329 1565 363 nomen,
1847 318 1927 356 200

846 370 921 411 sed
958 385 1041 412 non
1076 386 1206 425 genus
1246 373 1442 414 omnibus
1476 387 1618 414 unum.

829 485 964 526 Tusco
995 486 1047 527 de
1073 486 1279 540 sanguine
1310 488 1432 529 vires.

1844 601 1925 640 205

1847 888 1928 926 210

1140 1093 1224 1122 quae
1256 1086 1343 1115 aliae
1373 1089 1483 1121 gentes
1513 1083 1652 1119 fuerint,
1687 1082 1860 1112 nescimus.
1886 1099 1931 1104 --

1140 1135 1307 1161 Mantuam
1332 1136 1438 1160 autem
1459 1130 1594 1165 patriam
1611 1135 1703 1158 suam
1722 1129 1795 1165 Vgl.
1813 1131 1932 1169 intulit,

1140 1179 1222 1213 quod
1253 1185 1291 1206 ea
1325 1179 1401 1206 urbs
1434 1177 1610 1210 aliquando
1634 1175 1809 1204 Tuscorum
1843 1180 1934 1206 trans
1981 1198 1985 1203 .

1139 1225 1264 1253 Padum
1302 1224 1406 1252 fuisse
1437 1223 1601 1250 dicebatur
1646 1224 1931 1257 propugnaculum.

1140 1285 1185 1290 —
1209 1270 1277 1305 Ac,
1312 1270 1341 1298 si
1366 1269 1557 1303 quisquam,
1587 1267 1624 1294 de
1647 1268 1801 1296 Mantuae
1826 1269 1934 1302 prisca

1141 1315 1272 1344 civitate
1297 1315 1372 1344 certi
1397 1313 1519 1348 aliquid
1545 1311 1645 1347 potuit
1678 1312 1772 1341 scire.
1822 1315 1932 1349 Neque

1140 1362 1172 1389 id
1197 1361 1269 1389 sine
1294 1360 1430 1390 consilio
1447 1359 1530 1393 fecit,
1556 1358 1637 1393 quod
1653 1359 1775 1387 Ocnum
1794 1359 1828 1388 in
1841 1368 1934 1395 proe-

1140 1407 1197 1435 liis
1223 1410 1333 1441 postea
1357 1414 1419 1434 non
1442 1404 1712 1434 commemoravit.

1188 1450 1263 1480 204.
1291 1450 1325 1480 in
1353 1459 1387 1479 se
1420 1452 1537 1479 armat
1561 1449 1656 1488 „odio
1692 1449 1744 1477 sui
1776 1449 1810 1479 in
1844 1458 1936 1481 arma

1141 1495 1338 1531 compellit.⁴‘
1365 1498 1396 1525 S.

1189 1541 1264 1570 205.
1293 1543 1464 1579 „Benacus
1487 1537 1602 1569 lacus“
1628 1536 1754 1579 [Lago
1781 1536 1818 1568 di
1845 1537 1936 1569 Gar-

1143 1585 1210 1623 da)
1240 1589 1331 1616 lacus
1359 1591 1407 1615 est
1439 1586 1612 1620 Venetiae,
1654 1585 1692 1613 de
1721 1592 1783 1618 quo
1815 1585 1934 1616 fluvius

1141 1633 1287 1662 nascitur
1317 1632 1456 1662 Mincius
1487 1628 1675 1665 (Mincio).
1725 1631 1799 1659 Iure
1838 1632 1936 1668 igitur

1142 1680 1207 1707 dux
1232 1679 1376 1707 Venetus
1399 1678 1533 1706 fluvium
1557 1675 1746 1710 provinciae
1775 1683 1856 1706 suae
1878 1679 1934 1707 de-

1144 1725 1248 1759 pinxit
1277 1724 1310 1752 in
1333 1724 1432 1757 navi:
1459 1730 1552 1757 quem
1576 1721 1695 1751 Benaci
1721 1721 1832 1761 filium,
1857 1725 1935 1758 quia

1142 1777 1184 1798 ex
1209 1770 1279 1804 ipso
1303 1771 1397 1797 habet
1430 1768 1604 1804 originem,
1636 1764 1746 1796 dicit.“
1772 1769 1803 1796 S.
1849 1770 1935 1799 Min-

1143 1815 1214 1844 cius
1246 1818 1352 1843 autem
1383 1814 1503 1842 fluvius
1530 1812 1659 1848 insigne
1697 1815 1746 1840 est
1775 1814 1873 1843 navis
1905 1819 1935 1845 et

1142 1861 1286 1895 depictus
1312 1861 1390 1888 deus
1414 1860 1455 1888 ad
1480 1863 1649 1893 naturam,
1683 1859 1812 1887 velatus
1835 1867 1935 1889 arun-

1143 1907 1226 1935 dine.
1274 1906 1328 1935 Sic
1352 1905 1438 1934 enim
1462 1912 1574 1933 omnes
1591 1903 1682 1932 fluvii
1701 1903 1877 1941 pinguntur
1892 1907 1933 1936 cf.

1142 1950 1174 1987 8,
1209 1949 1248 1980 31
1283 1955 1313 1979 et
1350 1947 1463 1979 tardis
1502 1947 1631 1988 ingens
1667 1947 1812 1985 flexibus
1845 1954 1939 1982 errat

1149 1994 1298 2026 Mincius
1332 1998 1363 2025 et
1394 1998 1513 2024 tenera
1554 1991 1731 2034 praetexit
1764 1995 1940 2028 arundine

1142 2040 1240 2082 ripas
1263 2044 1298 2071 G.
1331 2040 1360 2078 3,
1387 2038 1439 2070 16.

1324 2118 1389 2150 207
1399 2136 1440 2141 ——
1452 2117 1529 2150 214.
1577 2115 1754 2149 Aulestes.

1189 2175 1266 2207 207.
1297 2174 1441 2206 Fluctus
1466 2180 1517 2205 est
1546 2175 1647 2205 maris
1677 2179 1711 2204 ut
1735 2174 1766 2212 3,
1792 2174 1868 2206 270.
1895 2192 1934 2198 --

1146 2220 1307 2252 Aulestes
1343 2223 1398 2258 qui
1427 2222 1525 2251 fuerit
1554 2221 1697 2257 ignotum
1727 2225 1793 2258 est,
1835 2231 1938 2258 neque

1144 2269 1313 2298 Aulestem
1344 2273 1373 2297 et
1409 2268 1560 2297 Auletem
1594 2268 1634 2295 ad
1664 2275 1696 2295 v.
1721 2263 1785 2296 198
1816 2276 1935 2298 memo-

1143 2320 1247 2342 ratum
1272 2315 1407 2342 eundem
1440 2321 1514 2342 esse
1542 2312 1624 2341 satis
1661 2316 1795 2342 constat.
1843 2315 1936 2344 Occi-

1145 2359 1231 2388 ditur
1256 2358 1307 2397 12,
1333 2357 1408 2388 290.
1456 2374 1500 2378 —
1549 2355 1577 2387 it
1600 2355 1746 2397 gravis,
1776 2361 1816 2388 ob
1838 2361 1937 2389 navis

1146 2406 1281 2439 pondus.
1313 2420 1355 2424 —
1390 2405 1534 2432 centena
1560 2401 1683 2431 arbore
1708 2403 1731 2431 i.
1757 2413 1784 2433 e.
1810 2410 1936 2435 centum

1145 2450 1252 2479 remis.
1301 2452 1395 2484 Prop.
1438 2447 1476 2486 4,
1513 2446 1550 2482 6,
1583 2446 1623 2476 47
1660 2445 1732 2477 Nec
1773 2452 1807 2478 te
1845 2449 1936 2490 quod

1146 2493 1271 2524 classis
1301 2492 1453 2524 centenis
1484 2491 1638 2534 navigat
1677 2491 1747 2523 alis
1783 2492 1936 2526 Terreat.

1143 2542 1189 2570 De
1214 2541 1419 2569 ‹ustrimnivo
1445 2540 1475 2577 5,
1501 2537 1577 2569 560.

1190 2584 1266 2617 208,
1298 2584 1484 2614 Γετὺενανε
1525 2585 1563 2614 de
1602 2592 1760 2614 remorum
1795 2586 1936 2620 impulsu

1145 2631 1188 2662 cf.
1208 2631 1239 2667 5,
1268 2628 1341 2660 147.
1375 2647 1420 2651 —
1451 2638 1644 2670 assurgens
1667 2630 1708 2659 cf.
1733 2630 1764 2668 5,
1793 2629 1867 2660 189.
1889 2647 1935 2651 —

1154 2675 1308 2705 Marmor
1334 2678 1370 2705 de
1393 2677 1474 2705 marl
1500 2675 1540 2705 ef.
1564 2674 1596 2713 6,
1622 2673 1698 2704 729.
1745 2690 1789 2696 —-
1837 2683 1935 2705 verso

1145 2722 1186 2752 cf.
1209 2721 1240 2756 3,
1262 2720 1337 2750 290.

1191 2766 1267 2796 209.
1298 2767 1460 2796 Tritonem
1484 2766 1677 2800 descriptum
1703 2767 1794 2803 legas
1811 2768 1932 2801 ap.0v.

1145 2816 1186 2841 M.
1208 2812 1232 2846 t,
1259 2811 1323 2840 33⁴
1352 2821 1399 2847 sq.
1448 2813 1540 2840 Adde
1563 2811 1764 2840 Pausaniam
1779 2809 1809 2848 9,
1825 2809 1879 2846 21,
1902 2811 1932 2842 1.

1145 2859 1248 2887 Navis
1274 2859 1401 2893 insigne
1428 2861 1496 2886 erat
1520 2857 1631 2886 Triton
1657 2859 1778 2886 concha
1798 2864 1931 2895 canens,

1144 2911 1263 2939 supera
1289 2911 1364 2939 pars
1390 2906 1492 2939 homo,
1516 2902 1619 2931 infera
1640 2898 1757 2940 piscis.

1189 2948 1266 2978 210.
1296 2946 1409 2978 Fenus
1434 2956 1507 2978 cum
1527 2946 1668 2983 genitivo
1691 2946 1738 2975 ita
1764 2948 1799 2975 (ἰ.
1825 2945 1855 2985 3,
1876 2946 1929 2977 53.

1144 2996 1239 3024 Lucr.
1266 2992 1296 3032 3,
1325 2992 1400 3022 939.
1425 2994 1490 3022 Cic.
1515 2993 1608 3021 Atat.
1623 2988 1677 3026 83,
1704 2989 1781 3020 324.
1797 2997 1828 3021 et
1848 2993 1930 3024 Cae-

1143 3041 1209 3070 lius
1234 3047 1286 3076 ap.
1311 3040 1379 3069 Cic.
1404 3039 1495 3068 Fam.
1518 3034 1551 3074 8,
1577 3033 1607 3065 1.
1631 3036 1706 3066 Liv.
1731 3034 1786 3076 26,
1810 3035 1864 3068 24.
