2023 3350
277 188 335 230 At
370 186 478 229 tuba
513 185 755 229 terribilem
793 188 983 230 sonitum
1019 189 1175 243 procul
1207 202 1309 231 aere
1347 201 1509 232 canoro

156 245 397 299 Increpuit;
436 245 632 299 sequitur
665 245 853 298 clamor,
889 247 1144 300 caelumque
1175 247 1375 302 remugit.

156 304 412 345 Accelerant
446 306 547 344 acta
584 302 753 356 pariter
790 305 1010 347 testudine
1046 304 1205 356 Volsci,

155 361 213 403 Et
249 361 389 403 fossas
429 360 611 414 implere
647 365 808 414 parant
848 376 901 405 ae
941 362 1100 405 vellere
1138 362 1312 405 vallum.

155 419 378 470 Quaerunt
414 431 517 472 pars
560 417 729 461 aditum
763 424 807 462 et
845 421 977 463 scalis
1017 420 1281 464 adscendere
1319 433 1480 471 muros,

155 477 249 527 Qua
288 490 391 518 rara
431 479 497 518 est
535 476 651 518 acies
689 478 1012 533 interlucetque
1052 492 1215 521 corona

154 535 250 576 Non
292 537 384 576 tam
417 534 558 588 spissa
596 535 713 577 viris.

155 592 291 634 Omne
327 605 460 646 genus
501 592 655 635 Teucri
693 607 745 636 ac
781 593 902 636 duris
942 595 1175 637 detrudere
1216 594 1368 646 contis,

153 649 335 691 Adsueti
367 650 501 704 longo
537 664 686 693 muros
729 651 962 695 defendere
996 652 1126 694 bello.

154 707 271 749 Saxa
308 721 482 762 quoque
519 708 676 751 infesto
714 709 944 752 volvebant
978 710 1191 765 pondere,
1230 710 1267 751 si
1308 722 1397 763 qua

152 765 334 807 Possent
369 769 532 807 tectam
569 767 706 809 aciem
743 782 1047 823 perrumpere:
1085 781 1219 823 quum
1254 771 1403 809 tamen
1441 779 1588 808 omnes

152 824 285 865 Ferre
320 824 440 866 iuvat
474 823 625 866 subter
664 825 799 868 densa
835 827 1054 868 testudine
1089 839 1228 868 casus.

151 881 242 923 Nec
277 881 365 923 iam
403 881 643 934 sufficiunt,
682 897 805 936 nam,
841 898 928 938 qua
964 883 1119 938 globus
1155 882 1352 925 imminet
1392 882 1555 936 ingens,

154 940 393 999 Immanem
433 940 587 982 Teucri
625 941 781 983 molem
818 942 1088 995 volvuntque
1125 944 1364 993 ruuntque3

153 1000 272 1048 Quae
309 998 465 1040 stravit
500 998 683 1040 Rutulos
718 1000 807 1042 late
847 1013 1155 1053 armorumque
1194 998 1373 1040 resolvit

152 1054 372 1109 Tegmina.

152 1113 350 1166 Amplius
389 1113 577 1155 audaces
617 1115 783 1167 Rutuli,
825 1115 900 1158 sed
943 1115 1108 1170 pellere
1145 1113 1260 1156 vallo

151 1170 390 1213 Missilibus
432 1174 614 1213 certant.

152 1229 283 1270 Parte
319 1229 408 1271 alia
449 1227 694 1270 horrendus
732 1228 826 1270 visu
866 1227 1107 1282 quassabat
1142 1228 1374 1269 Etruscam

150 1287 304 1328 Pinum
339 1290 381 1328 et
420 1285 644 1328 fumiferos
680 1285 813 1328 insert
847 1286 1086 1327 Mezentius
1124 1286 1267 1339 ignes3

152 1345 210 1386 At
249 1344 477 1399 Messapus
515 1358 673 1399 equum
709 1344 918 1395 domitor,
957 1344 1178 1398 Neptunia
1212 1341 1370 1396 proles,

151 1402 375 1445 Rescindit
409 1402 590 1454 vallum,
627 1405 671 1444 et
712 1401 852 1444 scalas
890 1401 935 1443 in
971 1402 1143 1443 moenia
1180 1400 1336 1455 poscit.

764 72 998 107 AENE1Dos
1032 75 1120 108 Lm.
1152 76 1214 108 1x.
1731 78 1818 117 401

1739 308 1821 347 505

773 536 974 579 Telorum
1016 536 1237 579 effundere
1278 538 1434 577 contra

1738 597 1822 636 510

1736 883 1819 921 515

431 1056 521 1097 Nec
548 1059 704 1099 curant
738 1071 867 1099 caeco
902 1057 1163 1099 contendere
1197 1056 1341 1097 Marte

1733 1177 1818 1215 520

1736 1462 1819 1500 525

270 1460 374 1512 Vos,
417 1474 441 1502 o
478 1460 691 1514 Calliope,
719 1473 890 1513 precor,
921 1459 1145 1514 adspirate
1186 1458 1370 1509 canenti,

151 1518 268 1569 Quas
301 1517 363 1559 ibi
399 1521 503 1560 tunc
539 1517 655 1560 ferro
695 1522 877 1571 strages,
918 1531 1031 1572 quae
1071 1517 1226 1559 funera
1264 1516 1432 1557 Turnus

152 1575 372 1628 Ediderit,
411 1589 539 1631 quem
580 1575 765 1629 quisque
803 1576 944 1617 virum
981 1575 1205 1631 demiserit
1239 1574 1373 1626 Orco3

149 1633 208 1676 Et
240 1647 410 1677 mecum
446 1635 641 1689 ingentes
682 1648 782 1676 oras
823 1633 1006 1676 evolvite
1046 1633 1164 1676 belli.

152 1784 218 1816 503
236 1802 280 1806 —
299 1783 377 1816 524.
421 1783 546 1816 Rutuli
568 1784 742 1826 impetum
763 1783 898 1816 faciunt
923 1785 960 1816 in

407 1834 519 1862 castra
546 1830 707 1862 Troiana.

197 1876 277 1907 503.
303 1878 352 1907 Cf.
377 1879 474 1907 Ennii
498 1887 654 1908 versum:
686 1876 731 1908 At
757 1875 841 1908 tuba
859 1875 962 1907 terri-

152 1920 216 1952 bili
248 1921 366 1953 sonitu
398 1926 631 1954 taratantara
664 1921 767 1953 dimit.
816 1925 962 1953 Luctuo-

152 1977 225 1999 sam
256 1969 432 2005 imaginem
465 1971 580 1999 matris
604 1969 745 1999 furiatae
772 1970 885 1998 vivida
906 1978 962 1998 se—

152 2017 261 2051 quitur
286 2016 396 2051 coepti
422 2017 601 2052 descriptio
630 2016 757 2051 proelii.

200 2060 278 2091 505.
305 2060 483 2091 testudine
512 2071 562 2091 sc.
595 2068 776 2091 scutorum.
822 2061 889 2090 Alii
913 2064 962 2089 te-

152 2108 286 2137 studine
319 2108 395 2136 tecti
428 2116 487 2143 per
513 2108 642 2137 fossam
676 2108 806 2143 prodire
831 2112 861 2135 et
888 2108 963 2135 val-

151 2156 219 2183 lum
261 2155 388 2182 vellere
429 2156 580 2191 student,
621 2154 676 2183 alii
709 2161 823 2182 muros
856 2153 961 2182 scalis

153 2201 359 2237 ascendere,
404 2208 490 2234 quos
523 2202 587 2229 rari
623 2200 745 2228 milites
773 2199 962 2228 defendunt.

154 2247 324 2281 Quomodo
358 2248 491 2275 testudo
518 2247 558 2276 sit
584 2246 757 2281 facienda,
785 2246 815 2274 si
837 2247 963 2274 vallum

154 2293 210 2321 vel
236 2299 350 2320 murus
374 2293 585 2328 ascenditur,
621 2293 717 2321 docet
749 2292 823 2320 Liv.
851 2289 906 2328 44,
931 2290 962 2319 9.

153 2338 302 2366 Testudo
348 2342 457 2367 autem
501 2339 625 2374 pariter
654 2339 784 2373 agenda
816 2341 888 2373 est,
932 2341 965 2366 ut

152 2383 258 2418 prosit
285 2383 455 2413 militibus.

201 2427 280 2457 506.
311 2426 438 2458 Fossas
451 2426 624 2469 complere
638 2434 665 2457 et
685 2425 813 2457 vellere
828 2424 964 2456 vallum

152 2474 256 2508 iungit
290 2475 388 2504 caes.
414 2476 480 2504 BG.
507 2475 539 2513 5,
563 2474 617 2511 51,
639 2473 672 2513 f.
699 2483 725 2503 c.
753 2476 785 2503 et
805 2471 966 2502 scindere

154 2517 291 2549 vallum
313 2518 344 2558 3,
369 2520 401 2549 5.
422 2518 591 2550 Scindere
609 2518 746 2550 vallum
768 2524 818 2549 est
836 2528 867 2548 v.
889 2517 963 2556 146,

155 2565 234 2595 524.

201 2609 278 2641 513.
312 2608 395 2640 Cum
410 2613 538 2640 FMPR.
557 2608 620 2641 Rb.
636 2610 722 2640 coni.
739 2614 769 2640 et
785 2619 852 2640 rec.
868 2618 964 2639 num.

199 2656 277 2687 515.
305 2664 367 2685 nec
390 2654 461 2686 iam
488 2654 674 2696 sufficiunt
698 2658 740 2686 ad
766 2657 965 2686 sustinenda

154 2703 301 2733 hostium
324 2704 401 2731 tela.

200 2748 277 2778 517.
309 2745 464 2778 Rutulos
490 2744 543 2776 Pl.
562 2747 646 2776 coni.
673 2744 814 2778 Volscos
828 2748 870 2777 cf.
886 2746 965 2776 450.

153 2801 455 2834 —armorumque
471 2790 614 2823 resolvit
624 2791 807 2834 tegmina.-
826 2794 968 2830 perfrin-

155 2842 198 2877 git
227 2845 397 2870 seutorum
424 2841 648 2874 complexum.

200 2886 280 2916 518.
305 2894 407 2916 caeco
438 2883 571 2923 Marte,
598 2886 685 2920 quod
716 2884 749 2913 fit
773 2887 835 2914 sub
861 2887 966 2914 testu-

157 2932 243 2962 dine.
294 2933 434 2962 Attende
464 2936 585 2969 autem,
607 2930 738 2966 quoties
767 2931 965 2960 testudinem

155 2978 337 3008 variaverit
358 2986 390 3008 v.
417 2976 486 3008 513
506 2979 634 3009 tectam
654 2972 778 3015 aciem,
802 2975 870 3006 515
886 2973 968 3018 glo-

1008 1784 1070 1816 bus
1101 1783 1247 1827 ingens,
1289 1785 1357 1814 517
1390 1792 1568 1814 armorum
1603 1781 1765 1825 tegmina
1788 1788 1820 1813 et

1008 1840 1095 1861 nunc
1133 1840 1236 1861 caeco
1274 1829 1400 1861 Marte.
1447 1830 1576 1859 Similia
1607 1830 1648 1858 cf.
1689 1829 1727 1869 3,
1763 1829 1818 1859 46.

1010 1880 1115 1914 Quum
1147 1879 1313 1907 testudine
1347 1884 1469 1912 capere
1505 1884 1571 1905 non
1594 1881 1733 1911 nossent
1759 1884 1818 1906 ca—

1010 1930 1096 1961 stra,
1129 1924 1193 1953 iam
1223 1932 1266 1952 ex
1299 1924 1481 1958 longinquo
1510 1923 1653 1951 missilia
1682 1923 1819 1959 iaciunt,

1011 1975 1042 2000 ut
1068 1978 1089 1999 a
1108 1971 1212 1999 muris
1239 1970 1402 1999 Troianos
1430 1970 1631 2004 proturbent.

1056 2016 1134 2045 520.
1161 2017 1298 2046 certant
1326 2024 1353 2044 c.
1379 2015 1436 2044 inf.
1462 2014 1504 2044 cf.
1525 2013 1557 2052 4,
1582 2012 1659 2043 443.

1055 2061 1134 2091 521.
1165 2059 1353 2091 Etruscam
1381 2059 1525 2097 piuant,-
1552 2061 1626 2095 ipse
1654 2060 1741 2089 enim
1767 2063 1820 2089 est

1009 2110 1185 2145 Etruscus,
1212 2111 1242 2136 et
1260 2109 1392 2137 Etruria
1416 2114 1458 2135 ea
1484 2109 1601 2135 arbore
1618 2108 1817 2135 abundabat.

1056 2153 1133 2182 52⁴.
1161 2153 1348 2182 Mezentius
1365 2152 1518 2190 flammis,
1532 2155 1715 2188 Messapus
1724 2154 1821 2182 scala

1014 2200 1162 2229 adoritur
1189 2204 1312 2228 castra.

1012 2274 1231 2308 525—489.
1304 2273 1446 2305 Turrim
1496 2271 1616 2304 deiicit
1659 2272 1819 2311 Turnus,

1274 2318 1405 2351 multos
1432 2317 1554 2351 caedit.

1059 2379 1137 2410 525.
1170 2377 1238 2409 Vos
1264 2388 1282 2409 ο
1312 2377 1474 2419 Calliope
1498 2379 1538 2407 cf.
1569 2377 1598 2416 1,
1625 2375 1699 2405 140.
1742 2377 1821 2406 Cal-

1011 2426 1100 2461 liope
1139 2430 1250 2454 autem
1287 2417 1569 2464 nooqjeoeetoltn
1608 2415 1821 2451 ἁπάσεων

1011 2474 1090 2501 Hes.
1124 2474 1248 2507 Theog.
1286 2470 1346 2507 79;
1380 2478 1481 2505 quare
1507 2471 1683 2498 invocatur
1706 2476 1726 2497 a
1760 2469 1820 2497 Sit.

1011 2517 1044 2555 3,
1066 2517 1145 2546 222.
1177 2516 1227 2555 12,
1253 2516 1330 2546 390.
1356 2518 1427 2545 Iuv.
1447 2514 1479 2553 4,
1498 2514 1552 2544 34.
1571 2531 1617 2534 —
1635 2512 1821 2554 adspirate

1010 2565 1030 2593 i.
1056 2572 1084 2593 e.
1117 2563 1229 2592 favete
1263 2563 1304 2592 cf.
1331 2562 1372 2599 2,
1404 2560 1481 2590 385.
1507 2577 1552 2580 —
1577 2557 1718 2591 canenti
1744 2561 1821 2589 dum

1014 2610 1122 2647 cani13
1158 2618 1224 2639 non
1249 2613 1316 2647 est,
1353 2608 1408 2644 qui
1433 2615 1553 2636 canere
1583 2608 1664 2635 vult.
1713 2605 1762 2636 Cf.
1787 2605 1820 2644 2,

1060 2700 1139 2730 527.
1167 2696 1346 2729 demiserit
1378 2695 1466 2728 Orco
1489 2698 1530 2727 cf.
1555 2697 1587 2736 2,
1615 2695 1692 2726 398.

1060 2745 1138 2775 528.
1166 2753 1248 2775 oras
1281 2741 1430 2774 evolvite
1455 2741 1555 2773 belli.-
1598 2745 1649 2772 Ita
1674 2743 1823 2772 Ennius.-

1014 2789 1075 2832 qui
1107 2788 1202 2832 potis
1228 2787 1386 2830 ingentis
1427 2798 1509 2819 oras
1544 2787 1705 2819 evolvere
1727 2783 1824 2818 belli.

1014 2854 1058 2859 —-
1081 2834 1174 2866 Orae
1199 2837 1331 2865 omnino
1356 2844 1414 2871 pro
1441 2836 1632 2871 regionibus
1660 2834 1821 2863 extremis

1015 2891 1067 2919 an.
1086 2883 1154 2914 Cic.
1174 2885 1260 2912 Man.
1285 2881 1318 2919 9,
1343 2881 1399 2910 23.
1425 2897 1471 2902 —
1488 2882 1571 2910 Hinc
1589 2881 1648 2909 erit
1669 2884 1823 2910 extrema

1014 2938 1093 2965 pars
1120 2929 1198 2958 belli
1235 2929 1255 2957 i.
1278 2936 1306 2956 e.
1326 2927 1464 2965 initium,
1490 2928 1628 2963 primum
1649 2926 1822 2964 praetium,

1014 2984 1090 3005 nam
1116 2982 1202 3012 quae
1220 2975 1271 3004 die
1292 2978 1369 3003 ante
1388 2977 1465 3004 aeta
1483 2977 1572 3013 sunt,
1591 2981 1658 3003 non
1678 2975 1823 3009 possunt
