2023 3350
704 72 939 106 AENEIDOS
964 75 1048 107 LIB.
1075 76 1136 108 XI.

99 189 266 231 Bellum
298 189 611 243 importunum,
650 185 784 238 cives,
823 200 920 229 cum
959 191 1086 241 gente
1124 188 1299 230 deorum

1654 72 1737 111 549

1655 186 1736 226 305

97 247 359 300 Invictisque
390 246 491 288 viris
526 243 734 298 gerimus,
773 258 881 298 quos
919 245 1040 288 nulla
1079 245 1266 301 fatigant

96 305 287 356 Proelia,
326 318 402 346 nec
438 302 538 344 victi
577 305 760 356 possunt
794 303 1003 346 absistere
1044 304 1171 346 ferro.

97 362 246 417 Spem,
276 363 312 404 si
344 374 472 414 quam
513 358 692 401 adscitis
729 361 927 403 Aetolum
963 361 1176 404 habuistis
1216 361 1261 402 in
1295 360 1439 412 armis,

96 420 256 462 Ponite.

316 419 421 472 Spes
460 417 541 459 sibi
579 417 777 472 quisque;
818 419 893 461 sed
930 419 1036 461 haec
1078 433 1207 473 quam
1242 421 1425 473 angusta
1453 415 1619 458 videtis.

101 479 255 520 Cetera
292 490 378 530 qua
415 490 559 517 rerum
600 476 771 518 iaceant
808 477 1006 531 perculsa
1041 478 1175 529 ruina,

1652 475 1734 513 310

98 537 209 577 Ante
240 534 384 576 oculos
422 533 619 588 interque
655 548 806 576 manus
841 538 940 576 sunt
978 535 1119 577 omnia
1154 537 1331 576 vestras.

96 593 185 634 Nec
225 605 482 646 quemquam
523 591 685 633 incuso.
745 592 891 634 Potuit

930 607 1040 646 quae
1074 593 1262 647 plurima
1300 591 1436 632 virtus

94 650 219 700 Esse,
254 648 356 691 fuit:
397 653 489 691 toto
529 653 741 692 certatum
781 653 846 692 est
887 664 1069 705 corpore
1109 650 1241 705 regni.

94 708 218 748 Nunc
254 706 384 759 adeo,
422 721 532 762 quae
569 708 627 749 sit
664 707 821 750 dubiae
861 709 1072 750 sententia
1105 708 1248 758 menti,

94 764 333 818 Expediam
371 768 414 807 et
449 765 599 819 paucis
626 790 685 797 -—-
714 766 878 807 animos
920 766 1121 809 adhibete
1146 791 1204 797 —
1234 762 1407 806 docebo.

1651 761 1732 800 315

90 822 170 864 Est
205 823 410 877 antiquus
443 837 548 877 ager
570 823 722 865 ¹Tusco
760 823 864 864 mihi
897 824 1117 878 proximus
1152 823 1278 874 amni,

89 880 265 934 Longus
301 881 346 922 in
381 895 600 933 occasum,
636 881 742 923 fines
779 895 910 936 super
942 896 1078 936 usque
1112 882 1310 933 Sicanos;

88 938 280 980 Aurunci
316 939 553 993 Rutulique
591 942 755 991 serunt,
798 943 840 981 et
876 954 1046 982 vomere
1082 939 1215 982 duros

88 996 305 1039 Exercent
344 998 492 1050 colles,
535 1001 666 1052 atque
700 997 852 1039 horum
882 998 1122 1052 asperrima
1155 998 1351 1053 pascunt.

135 1172 211 1203 3⁰5.
237 1170 317 1203 bell.
368 1172 468 1212 imp..-

86 1220 291 1250 iracundiam
324 1224 355 1249 et>
385 1221 434 1250 sic
464 1220 498 1249 in
528 1223 608 1250 haec
639 1224 741 1250 verba
772 1230 884 1256 proru-

86 1265 165 1302 pit.“
191 1269 222 1295 S.
273 1267 354 1295 Tota
378 1267 480 1296 oratio
505 1267 576 1296 eius
600 1272 667 1301 est,
706 1267 760 1302 qui
785 1275 883 1302 quum

83 1315 174 1342 mala
198 1312 420 1351 praevidebat,
451 1321 513 1341 11011
539 1314 670 1342 auditus
697 1318 762 1350 est,
796 1318 884 1348 post-

85 1367 182 1395 quam
206 1358 409 1396 accideruut,
455 1359 534 1387 aliis
559 1359 682 1395 obiicit,
717 1360 799 1394 1111011
822 1367 884 1387 11011

514 1175 686 1212 „Concepit
730 1176 882 1211 grandem

83 1410 180 1435 antea
219 1412 336 1434 sanum
382 1405 566 1440 acceperint
610 1405 793 1434 consilium.
844 1420 880 1424 —

82 1460 159 1481 cum
184 1452 290 1493 gente
316 1448 457 1480 deorum
486 1451 563 1489 „qui
592 1458 613 1479 a
638 1451 701 1479 diis
726 1451 882 1487 originem

84 1497 237 1528 ducunt.“
262 1498 294 1525 S.

129 1555 205 1586 306.
227 1553 368 1586 invictis
399 1552 503 1584 viris.-
539 1557 607 1584 Non
640 1555 726 1583 enim
758 1554 883 1582 sortitu-

81 1604 156 1632 dine
197 1605 414 1640 Graecorum,
462 1602 519 1630 sed
560 1601 691 1630 insidiis
736 1600 881 1635 oppressi

83 1654 169 1678 sunt.

127 1704 204 1735 307.
234 1708 281 1735 Ne
304 1707 384 1736 victi
410 1707 534 1741 quidem
559 1714 596 1734 eo
622 1708 755 1739 possunt
780 1703 879 1739 adigi,

80 1756 115 1781 ut
137 1760 230 1782 arma
253 1754 429 1788 deponant.
467 1754 522 1781 sed
555 1759 680 1785 semper
705 1751 879 1783 nebellaut;

81 1800 165 1833 quod
203 1802 271 1828 erat
311 1799 474 1833 proprium
509 1799 727 1826 Romanorum
768 1803 881 1830 pacem

82 1853 145 1873 non
170 1849 295 1880 petere,
322 1846 413 1873 clade
439 1848 581 1879 accepta.
617 1843 655 1872 cf.
685 1841 881 1870 Hannibalis

81 1892 120 1919 de
156 1891 315 1919 Romanis
341 1891 497 1920 iudicium
529 1897 581 1924 ap.
603 1889 679 1917 Liv.
704 1885 758 1925 27,
788 1884 828 1915 14
852 1890 883 1915 et

82 1938 157 1965 Hor.
186 1938 220 1965 C.
250 1934 279 1971 4,
304 1934 334 1970 4,
361 1935 420 1972 503
451 1937 602 1971 docetque
630 1934 736 1963 omnis
760 1935 883 1962 Roma-

82 1991 143 2012 nae
167 1983 366 2017 reipublicae
390 1982 538 2011 historia.

127 2038 203 2068 308.
230 2036 378 2069 “dx-citis
408 2036 582 2078 MRyth2
610 2034 732 2068 accitis
757 2034 815 2066 ΡΙ.
844 2052 881 2057 -

83 2086 220 2115 Servius
261 2086 421 2121 explicat:
453 2085 609 2120 evocatis,
644 2084 817 2114 adiunctis.
843 2099 881 2104 --

83 2134 205 2161 Eadem
234 2136 283 2161 est
317 2133 472 2161 librorum
499 2131 719 2166 discrepantia
746 2127 799 2165 12,
831 2127 885 2166 38,

83 2179 139 2207 ubi
186 2179 299 2207 iterum
346 2174 486 2206 adscire
527 2177 767 2212 praeferendum
817 2179 883 2211 est,

83 2221 192 2252 socios
217 2225 301 2253 enim
326 2221 464 2253 adscire
477 2228 526 2253 est
542 2221 746 2258 adsciscere,
773 2220 886 2251 accire

83 2275 191 2299 autem
217 2274 264 2300 est
293 2277 476 2299 arcessere.

130 2326 206 2356 309.
229 2324 348 2365 ponite
380 2326 571 2363 „deponite-‘⁶
598 2329 630 2355 S.
669 2326 717 2355 Cf.
749 2325 780 2362 S,
807 2321 883 2352 639.

87 2389 124 2393 -
153 2382 230 2412 spes
261 2370 327 2402 sibi
365 2370 509 2412 quisque
538 2382 583 2403 sc.
613 2375 674 2402 est.
707 2387 744 2391 —-
780 2378 884 2411 quam

86 2422 245 2457 angusta
270 2427 315 2449 sc.
342 2416 387 2448 sit
412 2419 451 2448 cf.
474 2419 505 2455 5,
531 2417 611 2448 362.

131 2474 207 2504 310.
239 2474 360 2504 Cetera
391 2477 595 2511 ,.exercitus,
631 2475 769 2507 auxilia,
797 2474 887 2502 vires

84 2520 244 2557 inmerii.“
270 2524 302 2550 S.
341 2522 401 2550 Cui
431 2524 634 2557 respondent.
654 2529 738 2557 quae
755 2522 885 2549 Turnus

84 2569 160 2598 dicit
180 2577 213 2597 v.
238 2565 314 2596 419.
339 2565 392 2596 2⁰.
446 2583 483 2588 -
533 2570 633 2604 Iunge
663 2570 778 2596 cetera
804 2567 884 2595 sunt

83 2616 166 2643 ante
190 2611 321 2649 oculos,
349 2621 418 2652 qim
442 2611 583 2643 iaceant
607 2611 713 2642 ruina
735 2621 790 2648 pro
814 2611 885 2640 usi-

82 2664 149 2690 tato
173 2668 242 2698 qua
278 2661 392 2689 cetera
424 2656 564 2690 iaceant
585 2680 591 2687 .
613 2681 620 2688 .
643 2681 671 2697 .,
712 2661 773 2688 est
803 2659 886 2686 ante

85 2703 213 2736 oculos.

132 2760 209 2791 311.
235 2765 348 2797 Itaque
372 2763 410 2791 de
437 2763 490 2791 his
514 2771 578 2792 non
601 2771 682 2798 opus
701 2766 749 2790 est
775 2761 888 2790 multis

86 2810 206 2839 verbis.
234 2824 272 2829 -
299 2806 390 2837 inter
411 2816 537 2837 manus
561 2809 599 2838 cf.
627 2807 658 2845 9,
683 2806 760 2836 502.

137 2863 212 2894 312.
238 2874 301 2894 nec
347 2874 377 2905 q.
426 2862 509 2894 inc„-
564 2866 762 2901 „Excusatio
806 2869 887 2896 haec

87 2912 231 2942 ostendit
255 2912 419 2947 obliquam
447 2920 520 2941 esse
545 2912 577 2940 in
599 2912 743 2940 Turnum
768 2913 887 2941 oratio-

90 2966 166 2987 nem
190 2955 336 2987 Latini.“
363 2960 395 2987 S.
437 2960 506 2987 Non
532 2958 670 2991 incusat,
696 2957 792 2992 quasi
815 2959 889 2994 quis

90 3012 157 3034 non
183 3012 309 3034 omnem
333 3005 515 3035 exhibuerit
538 3004 767 3034 fortitudinem.

986 1174 1061 1204 313.
1093 1173 1177 1205 'Toto
1219 1180 1360 1212 corpore
1396 1167 1520 1209 regni:
1577 1167 1730 1205 „Imperii

930 1223 1079 1251 omnibus
1106 1218 1267 1251 viribus.“
1302 1220 1333 1247 S.
1377 1217 1425 1246 Cf.
1457 1214 1488 1251 9,
1516 1213 1592 1243 410.
1640 1214 1730 1248 Quod

930 1276 1065 1304 reguum
1089 1268 1206 1297 111οὶ1111
1228 1273 1346 1300 corpus
1367 1263 1406 1292 cf.
1428 1259 1480 1297 12,
1506 1259 1582 1289 835.
1611 1260 1727 1289 Claud.

932 1315 964 1343 in
995 1316 1082 1343 Eutr.
1120 1312 1146 1350 1,
1181 1309 1246 1341 398
1275 1318 1319 1338 ne
1348 1311 1420 1337 toto
1453 1303 1624 1346 conspiret
1655 1313 1729 1333 cor—

929 1367 1013 1400 pore
1038 1367 1198 1399 regnum.
1243 1357 1302 1385 Sil.
1328 1353 1382 1387 12,
1407 1350 1472 1381 317
1507 1350 1656 1390 Corpore
1680 1347 1729 1379 sic

931 1407 1003 1436 toto
1048 1414 1089 1434 ac
1125 1400 1285 1433 membris
1319 1398 1431 1430 Roma
1466 1394 1622 1427 omnibus
1651 1404 1729 1425 usa.

976 1448 1051 1479 314.
1077 1459 1168 1479 nunc
1192 1446 1279 1478 adeo
1308 1447 1347 1477 cf.
1374 1444 1405 1480 2,
1434 1441 1510 1473 567.

976 1495 1052 1526 315.
1079 1493 1240 1536 expedire
1264 1494 1303 1524 cf.
1330 1491 1362 1530 3,
1386 1489 1463 1520 460.

975 1552 1052 1583 316.
1084 1551 1146 1582 Est
1172 1549 1258 1582 mihi
1281 1558 1385 1591 ager,
1407 1549 1534 1579 videtur
1553 1548 1652 1585 igitur
1675 1546 1729 1575 hic

929 1610 970 1630 ex
1000 1601 1043 1630 iis
1069 1600 1189 1635 fuisse,
1222 1606 1302 1633 quos
1331 1605 1389 1625 rex
1416 1597 1554 1625 habebat
1579 1593 1728 1623 Latinus.

931 1649 1036 1681 Quare
1061 1647 1154 1682 pacis
1179 1644 1380 1675 conditiones
1405 1651 1442 1671 eo
1470 1641 1575 1676 magis
1598 1641 1728 1675 placere

930 1695 1053 1725 debent,
1090 1693 1172 1728 quod
1198 1689 1414 1720 incolumibus
1439 1688 1555 1717 ceteris
1580 1686 1610 1714 is
1633 1686 1727 1714 modo

929 1741 1079 1768 damnum
1104 1738 1191 1773 facit,
1222 1736 1277 1771 11111
1301 1742 1358 1764 eas
1382 1734 1537 1769 proponit.
1565 1747 1603 1752 —-
1631 1728 1727 1760 anti-

929 1793 1017 1824 quus
1060 1785 1126 1813 iam
1168 1783 1222 1812 diu
1260 1790 1280 1811 a
1318 1781 1412 1809 nobis
1450 1782 1636 1814 occupatus
1682 1792 1727 1796 —-

935 1828 1043 1859 'rucco
1069 1827 1188 1859 amni:
1226 1829 1281 1857 Sic
1303 1827 1430 1855 Tiberis
1459 1826 1575 1854 dicitur
1599 1825 1728 1852 Tuscus

928 1877 1034 1905 amnis
1060 1875 1092 1914 8,
1112 1874 1189 1904 4¹53.
1227 1872 1359 1903 Tuscus
1383 1868 1516 1901 Tiberis
1540 1873 1575 1899 G.
1603 1867 1633 1907 1,
1650 1866 1727 1898 499.

928 1924 1006 1952 Luc.
1052 1920 1080 1959 1,
1124 1919 1199 1950 381.
1245 1923 1304 1950 Ov.
1347 1920 1436 1948 Fast.
1474 1915 1505 1954 1,
1546 1914 1614 1944 5110
1654 1915 1727 1943 eius

931 1976 1047 2008 aquae
1081 1966 1213 1997 Tuscae
1247 1969 1414 1996 vocantur.
1466 1959 1600 2003 Lydius
1635 1957 1726 2000 'rhy-

932 2011 1002 2044 bris
1027 2015 1110 2044 Aen.
1135 2013 1167 2052 2,
1193 2010 1268 2041 781.

979 2069 1053 2101 317.
1081 2069 1210 2111 longus
1233 2067 1268 2098 in
1295 2076 1474 2098 occasum:
1499 2066 1554 2102 qui
1577 2067 1672 2101 longe
1686 2065 1728 2093 ab

931 2118 1052 2148 oriente
1076 2119 1116 2147 ad
1138 2117 1330 2147 occidentem
1357 2114 1556 2149 extenditur,
1589 2119 1629 2140 ne
1653 2110 1727 2139 iun-

932 2172 991 2201 gas
1025 2162 1058 2193 in
1086 2171 1244 2193 occasum
1274 2170 1346 2191 cum
1379 2163 1428 2189 est
1459 2156 1564 2188 mihi:
1600 2156 1728 2185 Tiberis

931 2211 1017 2239 enim
1050 2218 1069 2239 a
1101 2211 1262 2238 Laurento
1295 2211 1344 2237 est
1372 2205 1621 2242 septentrionem
1652 2211 1728 2231 ver-

931 2265 1000 2285 sus.
1028 2273 1071 2276 ᾏ
1097 2263 1200 2294 super
1219 2261 1327 2293 usqne
1342 2254 1381 2283 cf.
1397 2250 1473 2280 262.
1499 2253 1612 2284 11311110
1626 2256 1728 2283 usque

931 2311 1028 2337 super
1067 2302 1256 2331 Sicanorum
1305 2300 1383 2328 fines
1425 2297 1617 2327 extenditur.
1679 2295 1727 2323 De

932 2350 1062 2378 Sicanis
1101 2348 1140 2378 cf.
1175 2345 1206 2379 7,
1238 2344 1315 2381 795,
1362 2347 1400 2374 de
1432 2343 1598 2373 Auruncis
1628 2341 1667 2371 cf.
1694 2337 1726 2376 7,

931 2393 1009 2431 723,
1048 2395 1086 2423 110
1115 2395 1308 2422 Rutulorum
1340 2391 1474 2421 sedibus
1504 2387 1535 2425 7,
1558 2386 1633 2417 412.
1659 2384 1726 2414 793

932 2450 979 2476 sq.
1027 2440 1178 2470 Aurunci
1198 2444 1226 2468 et
1244 2438 1357 2467 Rutuli
1381 2437 1491 2466 Latini
1510 2443 1623 2470 agrum
1638 2441 1726 2461 sere-

932 2490 1026 2521 bant;
1057 2488 1140 2522 quod
1166 2486 1211 2515 ita
1228 2485 1356 2514 videtur
1377 2483 1618 2520 intelligendum
1641 2487 1726 2517 esse,

932 2534 1085 2562 Latinum
1109 2540 1215 2569 regem
1244 2539 1265 2560 a
1294 2529 1476 2567 peregrinis
1502 2526 1668 2557 Auruncis
1696 2529 1727 2554 et

930 2580 1064 2608 Rutulis
1101 2579 1260 2608 maluisse
1297 2577 1361 2606 sibi
1397 2578 1530 2605 colonos
1567 2573 1639 2610 agri
1674 2572 1727 2600 sui

932 2626 1109 2660 acquirere,
1135 2632 1231 2660 quam
1255 2632 1296 2653 ex
1319 2623 1465 2656 Latinis;
1495 2622 1603 2655 itaque
1629 2619 1727 2648 facile

932 2672 967 2700 hi
989 2675 1125 2707 possunt
1149 2670 1278 2705 depelli.
1326 2669 1413 2697 Nihil
1436 2668 1469 2696 hi
1493 2668 1534 2696 Α.
1562 2670 1591 2695 01
1614 2667 1654 2694 R.
1677 2665 1726 2694 fa-

934 2719 1021 2747 ciunt
1046 2718 1086 2746 ad
1107 2717 1206 2745 Turni
1228 2723 1369 2752 regnum.
1411 2714 1458 2743 Cf.
1485 2711 1516 2749 7,
1543 2710 1619 2741 727.

975 2772 1050 2803 319.
1072 2771 1178 2803 duros
1190 2770 1293 2802 colles
1312 2777 1341 2801 01
1359 2767 1570 2810 asperrimo:
1598 2769 1728 2804 (itaque

934 2829 998 2850 non
1032 2826 1080 2849 est
1113 2827 1190 2857 ager
1227 2827 1267 2848 ea
1294 2817 1475 2853 fertilitate,
1510 2821 1544 2846 ut
1575 2817 1728 2846 Troianis

934 2866 1170 2902 invideamus.)
1210 2867 1391 2901 „Extenuat
1415 2863 1486 2899 agri
1511 2863 1670 2900 meritum,
1694 2865 1728 2891 ut

934 2914 1004 2942 vile
1029 2913 1180 2942 videatur
1211 2920 1284 2940 esse
1317 2911 1399 2946 quod
1430 2908 1560 2940 donat.“
1601 2912 1632 2939 S.
1673 2906 1727 2938 Gt.

935 2959 1015 2988 coni.
1045 2965 1290 2997 nemorumque
1323 2965 1379 2992 pro
1412 2959 1518 2997 atque
1546 2953 1666 2986 horum
1695 2955 1730 2986 et

939 3002 1011 3035 Μυ.
1041 3012 1070 3040 p.
1105 3001 1146 3033 45
1180 3004 1325 3042 „Quovis
1354 3003 1487 3040 pignore
1527 3004 1729 3040 contendam,
