2023 3350
746 104 984 140 AENEIDOS
1018 107 1102 139 LlB.
1137 107 1182 139 ΙΙ.

146 222 338 277 Adparet
375 221 525 264 domus
561 219 699 272 intus,
741 222 784 261 et
821 219 936 262 atria
968 220 1099 274 longa
1132 222 1380 274 patescunt;

145 281 367 335 Adparent
405 278 564 321 Priami
605 281 648 320 et
683 281 875 320 veterum
911 278 1150 333 penetralia
1182 291 1354 332 regum3

145 340 430 391 Armatosque
465 335 612 377 vident
647 339 810 378 stantes
845 337 889 378 in
925 336 1069 378 limine
1104 336 1255 390 primo.

259 396 316 437 At
352 395 502 436 domus
540 394 720 436 interior
758 395 919 448 gemitu
955 394 1196 448 miseroque
1230 393 1418 435 tumultu

145 454 368 504 Miscetur,
408 452 664 506 penitusque
705 465 834 494 cavae
872 451 1152 506 plangoribus
1193 451 1323 493 aedes

144 511 353 553 Femineis
390 510 578 562 ululant,
621 509 722 551 ferit
758 524 892 551 aurea
929 509 1073 551 sidera
1107 510 1281 552 clamor.

145 568 251 610 Tum
281 568 462 622 pavidae
497 568 623 609 tectis
663 571 824 609 matres
858 568 1101 621 ingentibus
1139 570 1298 618 errant,

143 626 462 679 Amplexaeque
500 629 646 667 tenent
682 630 826 680 postes
861 629 990 680 atque
1030 625 1177 667 oscula
1216 624 1363 678 figunt.

1707 629 1790 667 490

143 685 283 726 Instat
315 684 356 724 vi
390 683 535 737 patria
565 683 774 738 Pyrrhus,
815 697 891 726 neo
931 684 1138 735 claustra,
1179 696 1316 736 neque
1349 682 1433 736 ipsi

146 741 354 784 Custodes
387 740 565 783 sufferre
604 742 768 783 valent:
810 742 933 784 labat
966 742 1101 783 ariete
1134 741 1285 782 crebro

142 800 296 851 Ianua,
339 802 382 841 et
419 800 549 841 emoti
584 800 877 853 procumbunt
911 799 1084 841 cardine
1118 802 1274 852 postes.

143 858 214 899 Fit
246 857 315 899 via
348 857 410 909 vi,
448 862 654 912 rumpunt
691 857 851 910 aditus,
887 858 1136 912 primosque
1169 854 1391 898 trucidant

143 915 329 957 Immissi
366 915 523 967 Danai,
567 919 609 957 et
642 916 730 957 late
771 916 869 957 loca
903 916 1039 956 milite
1077 914 1305 968 complent.

1706 914 1788 954 495

144 974 241 1014 Non
275 973 353 1025 sic,
392 972 622 1027 aggeribus
657 974 796 1027 ruptis
830 988 960 1027 quun]
997 986 1195 1027 spumeus
1229 971 1366 1014 amnis

143 1031 262 1073 Exiit
301 1031 607 1086 oppositasque
645 1032 770 1073 evicit
810 1031 979 1085 gurgite
1014 1030 1158 1082 moles,

189 1206 266 1237 483.
292 1205 404 1245 intus,
431 1204 477 1236 im
501 1204 627 1235 Inuern
653 1206 693 1235 cf.
722 1205 760 1242 3,
785 1205 862 1235 439.

189 1252 266 1282 485.
295 1250 434 1282 Armati
459 1253 554 1281 iidem
581 1251 646 1281 449
670 1256 700 1281 et
722 1251 798 1281 492.

188 1299 265 1328 486.
293 1301 330 1328 at
355 1298 395 1327 cf.
421 1297 459 1336 4,
491 1299 517 1327 1.

189 1344 266 1374 «187.
293 1342 455 1374 miscetur
474 1345 514 1373 cf.
536 1343 613 1372 298.
631 1360 676 1363 —
697 1341 815 1373 Canae
840 1341 944 1372 aedes

143 1396 252 1429 „tecta
271 1389 461 1420 camerata“
479 1394 510 1419 S.
549 1390 749 1419 cavaedium
772 1395 841 1418 erat
864 1398 942 1425 pars

144 1440 260 1466 domus
277 1442 463 1466 cameratae
484 1436 581 1472 [Vitr.
602 1436 632 1469 6,
659 1435 688 1464 3.
729 1437 810 1464 Plin.
829 1438 886 1471 Ep.
911 1436 941 1471 2,

145 1484 207 1519 17)
226 1485 311 1518 apud
331 1485 508 1519 Romanos,
529 1483 567 1510 de
588 1483 682 1511 cuius
699 1481 804 1510 forma
826 1487 857 1510 et
879 1490 941 1510 usu

145 1531 249 1559 Varro
277 1531 339 1558 1111·
365 1528 404 1566 5,
433 1527 493 1557 161
527 1530 567 1556 Μ.
618 1529 812 1557 Camerandi
839 1533 942 1557 artem

144 1575 354 1604 Democritus
382 1574 553 1603 invenisse
578 1574 704 1603 dicitur.

191 1620 270 1650 488.
303 1618 449 1650 Ululant
480 1621 500 1649 i.
532 1628 560 1649 e.
596 1622 754 1649 ululatum
785 1621 942 1656 reddun13

145 1669 230 1703 quod
265 1675 362 1701 quum
394 1667 426 1695 in
459 1667 597 1695 aedibus
624 1675 728 1695 sonus
756 1666 814 1702 sit,
847 1666 942 1701 ipsae

144 1714 295 1743 videntur
313 1720 446 1742 sonare.
481 1712 527 1742 Cf.
550 1711 581 1749 4,
601 1711 666 1741 667
684 1717 713 1741 et
731 1715 805 1740 Eur.
821 1713 941 1741 Troad.

142 1759 187 1789 29
205 1755 352 1793 πολλοῖς
376 1752 413 1788 δὲ
431 1756 647 1787 κωκυτοῖσιν
666 1754 945 1797 αι’χμαλωτίὸων

143 1801 216 1846 βοᾷ
245 1798 501 1842 Σκάμανδρος,
550 1806 629 1832 Inde
668 1801 854 1833 Maenalus
886 1811 945 1832 nr-

144 1852 339 1892 gutumque
385 1858 506 1878 nemus
544 1848 718 1889 pinusque
767 1847 945 1890 loquentes

146 1902 280 1935 semper
308 1892 409 1924 habet
434 1897 469 1923 E.
496 1894 535 1933 8,
561 1894 605 1923 22
637 1897 721 1929 quod
754 1904 887 1931 semper
911 1896 944 1924 in

145 1942 298 1970 Maenala
335 1946 487 1976 pastores
526 1941 672 1970 carmina
711 1942 818 1970 dicunt
853 1941 890 1978 7,
928 1941 942 1970 1

146 1987 187 2015 cf.
213 1987 251 2015 A.
284 1985 333 2021 11,
359 1986 404 2014 38
429 1989 627 2025 maestoque
652 1984 816 2027 immugit
839 1985 944 2028 regia

148 2030 252 2061 luctu.
315 2033 385 2061 Cui.
439 2030 499 2059 151
545 2029 697 2070 Argutis
741 2035 771 2061 et
820 2035 946 2061 cuncta

140 2077 301 2116 fremunt
329 2075 471 2106 arbusta
503 2074 646 2106 cicadis.
697 2078 750 2106 Sic
769 2079 828 2106 Ov.
851 2081 892 2107 M.
913 2077 945 2115 3,

145 2123 214 2153 528
234 2121 392 2161 fremunt
415 2120 610 2151 ululatibus
631 2121 715 2163 agri
738 2127 768 2151 et
795 2125 888 2152 Lucr.
917 2123 946 2161 1,

145 2168 212 2198 257
235 2171 365 2197 canunt
385 2166 496 2198 siluae
521 2166 655 2197 avibus.
703 2169 813 2197 Simile
835 2169 867 2197 in
889 2171 947 2197 ad-

146 2215 277 2244 iectivis
302 2214 352 2251 12,
373 2213 448 2243 475.
464 2230 509 2234 —
524 2216 657 2243 Ululare
676 2220 783 2243 autem
804 2215 947 2244 maxime

145 2261 339 2290 feminarum
367 2265 438 2296 est,
464 2260 504 2289 cf.
531 2260 567 2295 4,
596 2260 672 2288 667.

192 2306 270 2335 489.
301 2304 432 2336 Matres
457 2307 530 2335 sive
557 2310 737 2342 matronae,
764 2313 848 2340 quae
875 2309 948 2335 tha-

147 2354 250 2389 lamo,
275 2347 482 2392 γυναικείῳ,
514 2360 579 2380 11011
605 2352 703 2380 facile
730 2354 946 2391 excedebant,

147 2406 235 2427 nunc
260 2403 367 2426 errant
393 2398 588 2427 furibundae
616 2406 673 2433 per
700 2399 840 2427 domum.

193 2441 270 2472 490.
298 2441 558 2484 Amplexaeque
602 2445 718 2473 tenent
760 2446 876 2483 postes
915 2446 947 2474 et

149 2486 268 2518 oscula
284 2487 422 2529 figunt,
445 2490 541 2524 quasi
564 2490 709 2518 ultimum
733 2491 815 2518 Vale
841 2491 948 2519 dictu-

148 2542 205 2564 rae
239 2535 367 2563 dilectis
397 2536 541 2564 sedibus.
593 2537 652 2565 ov.
676 2538 750 2564 Met.
790 2535 847 2573 13,
879 2534 947 2565 412

148 2582 265 2609 eadem
289 2588 342 2609 res
363 2582 573 2610 describitur:
622 2578 854 2611 Dardanidas
871 2591 947 2611 ma-

148 2628 218 2656 tres
232 2624 429 2665 patriorum
451 2625 557 2668 signa
576 2624 727 2663 deorum,
752 2625 832 2656 dum
855 2625 946 2666 licet,

149 2669 334 2711 amplexas
366 2680 598 2712 succensaque
629 2671 758 2713 templa
796 2675 950 2703 tenentes

148 2715 295 2747 trahunt
318 2715 464 2747 victores
551 2716 662 2747 Graii.
713 2719 832 2748 Confer
851 2727 947 2755 egre-

148 2764 232 2799 giam
258 2764 349 2792 illam
376 2765 629 2800 descriptionem
652 2766 773 2801 luctus,
802 2773 865 2800 quo
888 2767 948 2795 Al-

148 2810 225 2839 hani
251 2812 363 2838 urbem
389 2818 484 2839 suam
508 2810 708 2844 reliquerunt
733 2811 805 2840 Liv.
837 2810 868 2848 1,
891 2811 946 2851 29,

148 2860 180 2885 et
206 2864 327 2885 versus
354 2857 592 2892 pulcherrimos
615 2856 741 2885 Ariosti
768 2856 823 2895 17,
852 2855 902 2887 13.

194 2901 271 2931 491.
303 2899 439 2932 Instare
460 2911 525 2931 non
546 2902 654 2931 addito
678 2903 786 2931 dativo
811 2906 865 2932 vel
888 2904 944 2933 inf.

150 2948 248 2976 etiam
278 2955 309 2976 v.
339 2946 417 2977 244.
448 2964 493 2968 —
521 2950 651 2977 Interea
675 2949 824 2983 Pyrrhus
853 2949 944 2979 fores

149 2994 278 3029 penitus
316 2996 475 3023 evolvere
516 2998 634 3031 tentat,
678 2995 774 3029 idque
813 2997 944 3024 tandem

148 3040 271 3075 perlicit
308 3044 339 3068 et
371 3048 444 3070 cum
480 3041 551 3070 suis
582 3040 615 3069 in
639 3042 741 3070 aedes
770 3041 870 3071 irruit.
899 3057 944 3062 -—

999 1203 1042 1235 1⁷2·
1064 1203 1202 1245 patria,
1234 1206 1254 1235 i.
1279 1213 1307 1234 e.
1332 1204 1446 1233 eadem
1471 1203 1521 1240 vi,
1550 1210 1613 1238 qua
1641 1203 1789 1232 Achilles

992 1252 1147 1287 impetum
1175 1252 1286 1280 facere
1311 1252 1430 1280 solitus
1460 1254 1539 1278 erat.

1036 1296 1112 1326 492.
1144 1295 1302 1337 Sufferre
1326 1295 1442 1326 valent
1469 1303 1529 1324 nec
1554 1292 1711 1324 claustra
1739 1296 1792 1324 fir-

991 1344 1101 1373 mitate
1132 1352 1196 1373 sna
1217 1351 1279 1372 nec
1310 1339 1469 1372 custodes
1496 1341 1556 1377 (cf.
1583 1340 1669 1376 449)
1699 1342 1792 1370 forti-

990 1391 1112 1423 tudine,
1139 1398 1213 1419 eum
1237 1398 1284 1419 sc.
1302 1390 1474 1424 Pyrrhum.
1526 1388 1693 1416 obiectum
1713 1396 1791 1416 sae-

991 1436 1064 1471 pius
1088 1437 1251 1471 omittitur,
1278 1436 1307 1465 si
1332 1443 1374 1464 ex
1398 1434 1668 1463 antecedentibus
1692 1434 1791 1463 facile

992 1487 1099 1517 potest
1118 1482 1276 1517 suppleri.
1305 1481 1482 1516 praecipue
1501 1480 1529 1509 si
1549 1480 1667 1515 prioris
1686 1488 1792 1509 enun-

990 1528 1060 1557 tiati
1085 1533 1134 1558 est
1160 1528 1344 1557 subiectum
1369 1532 1400 1556 ut
1429 1527 1456 1562 1,
1487 1525 1536 1554 1⁶2.
1565 1525 1618 1555 60.
1643 1524 1720 1555 532.
1760 1526 1791 1561 3,

992 1572 1053 1611 14,
1079 1573 1152 1603 165.
1196 1573 1235 1611 5,
1266 1571 1338 1603 154.
1379 1572 1417 1609 6,
1440 1570 1507 1601 735
1530 1577 1591 1601 etc.
1640 1573 1791 1601 vitarunt

992 1626 1101 1649 autem
1128 1625 1245 1656 poetae
1263 1618 1423 1648 formulas
1439 1619 1525 1654 epici
1540 1618 1695 1648 carminis
1716 1627 1792 1653 gra-

991 1667 1084 1696 vitati
1110 1667 1255 1701 impares
1280 1674 1365 1701 quae
1393 1670 1469 1694 sunt
1493 1665 1524 1693 in
1548 1665 1739 1700 pronomine
1763 1663 1793 1693 is

993 1712 1054 1748 (cf.
1081 1710 1120 1742 4.
1146 1711 1252 1749 479),
1291 1719 1392 1747 quare
1425 1715 1480 1740 aut
1506 1713 1604 1746 plane
1633 1711 1791 1746 omittunt,

993 1759 1021 1787 si
1046 1758 1114 1787 fieri
1142 1762 1270 1794 potest,
1297 1763 1351 1787 aut
1377 1765 1496 1786 nomen
1522 1758 1630 1792 ipsum
1658 1762 1791 1792 ponunt,

991 1813 1098 1839 neque
1139 1804 1332 1840 pronomine
1372 1809 1512 1832 utuntur.
1575 1803 1622 1833 Cf.
1658 1802 1695 1839 4,
1736 1802 1791 1831 31.

991 1853 1114 1879 Eodem
1137 1851 1217 1879 redit
1244 1850 1452 1879 transitivum
1480 1857 1538 1885 pro
1563 1849 1789 1884 intransitiv03

991 1897 1032 1925 cf.
1070 1896 1105 1934 l,
1143 1895 1207 1926 tol
1237 1903 1321 1932 quae
1352 1897 1498 1925 rationes
1536 1895 1651 1930 specie
1685 1895 1791 1930 magis

992 1950 1089 1977 quam
1119 1951 1154 1971 re
1185 1943 1345 1971 differunt.
1395 1943 1448 1971 Sic
1479 1942 1705 1971 Accusativus
1737 1949 1790 1976 ap.

991 1988 1050 2017 lnf.
1083 1990 1230 2018 omissus
1260 1988 1299 2025 3,
1334 1987 1411 2017 201.
1447 2003 1491 2007 —
1522 1985 1642 2017 Ariete
1675 1984 1792 2016 crebro

992 2035 1011 2063 i.
1039 2042 1067 2062 e.
1101 2035 1202 2063 ariete
1229 2035 1368 2070 saepius
1400 2039 1515 2063 contra
1544 2033 1633 2063 fores
1661 2035 1791 2069 adacto,

994 2081 1091 2114 pulsu
1125 2080 1270 2115 repetito.
1321 2082 1415 2115 Quod
1444 2080 1509 2109 nisi
1537 2081 1698 2114 Pyrrhum
1732 2088 1791 2115 po-

993 2126 1156 2154 tissimum
1187 2127 1218 2154 in
1250 2126 1377 2155 foribus
1408 2126 1619 2161 effringendis
1646 2133 1792 2160 occupa-

993 2175 1060 2199 tum
1086 2179 1163 2199 esse
1187 2172 1351 2201 voluisset
1378 2177 1491 2207 poeta,
1518 2173 1688 2207 explicare
1711 2180 1792 2207 pos—

994 2224 1052 2245 ses
1078 2217 1175 2245 etiam
1202 2218 1350 2251 pluribus
1377 2218 1533 2246 arietibus
1562 2220 1682 2246 valvas
1712 2226 1792 2246 esse

994 2264 1189 2298 convulsas,
1217 2267 1248 2290 ut
1264 2265 1380 2291 Senec.
1404 2263 1497 2298 Hipp.
1514 2262 1582 2291 532
1606 2261 1793 2302 crebraque

994 2309 1089 2337 turre
1124 2305 1307 2337 cinxerant
1339 2305 1435 2336 urbis
1469 2305 1573 2336 latus.
1629 2306 1792 2338 Crebrum

994 2354 1079 2382 enim
1102 2358 1170 2390 est,
1209 2354 1294 2388 quod
1318 2353 1403 2382 intra
1426 2355 1527 2382 breve
1553 2354 1709 2388 temporis
1735 2358 1792 2382 aut

993 2400 1058 2428 loci
1086 2400 1227 2434 spatium
1254 2407 1355 2434 saepe
1382 2399 1549 2434 repetitur.
1577 2415 1621 2419 —
1650 2396 1791 2437 Arietis,

992 2446 1198 2474 instrumenti
1222 2446 1347 2482 bellici,
1374 2453 1488 2482 usum,
1514 2449 1546 2473 111
1576 2444 1634 2483 12,
1662 2444 1728 2474 706
1748 2453 1791 2473 ex

993 2499 1056 2521 suo
1080 2496 1225 2526 tempore
1250 2492 1353 2520 intulit
1377 2491 1417 2519 cf.
1447 2489 1524 2520 436.

1039 2536 1114 2566 494.
1140 2540 1178 2566 In
1196 2538 1307 2566 verbis
1325 2535 1371 2577 fit
1388 2534 1445 2565 via
1463 2534 1498 2565 vi
1521 2537 1594 2566 soni
1617 2541 1665 2566 est
1688 2544 1790 2571 quav-

994 2584 1057 2613 sita
1089 2584 1277 2612 similitudo.
1336 2580 1519 2622 Rumpunt
1553 2580 1683 2612 aditus.
1737 2584 1790 2612 Sic

992 2630 1064 2658 Liv.
1091 2628 1130 2668 2,
1158 2629 1203 2658 50
1230 2637 1355 2669 rupere
1381 2636 1488 2658 cunco
1514 2625 1620 2658 viam.

1039 2674 1115 2704 496.
1140 2677 1262 2704 Eadem
1288 2675 1488 2710 comparatio
1514 2674 1577 2703 iam
1603 2673 1689 2710 3053
1726 2677 1789 2703 hoc

992 2723 1067 2750 loco
1102 2729 1160 2757 per
1192 2730 1262 2750 non
1291 2718 1339 2750 sic
1375 2721 1521 2749 instituta
1552 2729 1619 2749 rem
1654 2729 1790 2755 compa-

992 2772 1095 2796 ratam
1131 2767 1179 2796 rei
1204 2767 1313 2796 factae
1338 2767 1524 2796 inferiorem
1554 2775 1632 2796 esse
1657 2767 1790 2803 indicat,

993 2818 1027 2843 ut.
1047 2813 1078 2850 5,
1103 2812 1172 2842 144.
1223 2814 1336 2843 Claud.
1354 2814 1392 2842 R.
1417 2814 1468 2842 Pr.
1496 2812 1526 2852 1,
1546 2811 1624 2842 274.
1642 2829 1687 2832 —
1706 2822 1790 2853 spn—

992 2867 1087 2889 meus
1112 2859 1152 2888 cf.
1178 2857 1254 2888 419.

1037 2903 1115 2934 497.
1143 2902 1238 2942 exiit,
1264 2904 1304 2933 cf.
1331 2906 1366 2933 G.
1394 2902 1422 2942 1,
1452 2903 1517 2933 116
1543 2902 1657 2934 amnis
1678 2902 1789 2933 abnn-

992 2948 1082 2980 dans
1107 2948 1197 2985 eant,-
1227 2947 1305 2980 tritt
1329 2958 1403 2978 aus.
1436 2966 1481 2970 ——
1513 2948 1582 2980 exit
1606 2952 1663 2979 Ld.
1689 2954 1719 2978 et
1744 2950 1789 2979 ita

991 2997 1102 3026 scribit
1131 2993 1257 3026 tra'nsit
1281 2995 1312 3032 5,
1336 2995 1412 3025 274.
1450 2996 1501 3034 10,
1528 2996 1603 3025 785.
1637 2996 1715 3025 817.
1761 2997 1789 3026 it

990 3042 1027 3082 9,
1053 3042 1129 3072 418.
1179 3042 1226 3072 Cf.
1254 3044 1307 3071 Gr.
1334 3041 1355 3077 S
1385 3041 1465 3081 173,
1493 3041 1525 3071 3.
