2023 3350
257 107 339 147 618

255 217 452 258 Palantes
491 219 683 270 sequitur
718 232 877 272 paucos
912 222 998 263 iam
1037 225 1208 276 segnior
1238 232 1368 281 atque

815 109 848 140 1¹.
878 109 1074 142 VlRGlLu
1105 112 1312 147 MAROMS

1800 232 1880 271 615

258 274 349 315 Iam
381 274 521 337 minus
554 278 684 327 atque
715 277 852 319 minus
888 293 1085 321 successu
1123 281 1261 325 laetus
1300 298 1515 338 equorum.

256 331 418 393 Attulit
450 330 561 371 hunc
593 332 656 373 illi
696 335 833 376 caecis
871 337 1109 378 terroribus
1141 352 1248 380 aura

260 388 541 445 Conmnxtum
579 389 822 444 clamorem,
855 398 1130 448 arrectasque
1162 396 1331 449 impulit
1364 412 1487 440 aures

258 444 465 485 Confusae
499 459 627 488 sonus
662 448 779 490 urbis
811 453 853 491 et
891 451 1137 494 inlaetabile
1175 467 1376 496 murmur.

257 501 337 541 Hei
367 502 487 543 mihi!
524 504 627 558 quid
662 509 783 548 tanto
817 507 1047 550 turbantur
1082 511 1251 552 moenia
1283 511 1429 553 luctu?

1797 515 1878 553 620

258 561 411 610 Quisve
448 561 534 602 ruit
567 566 712 605 tantus
749 563 916 607 diversa
948 567 1110 608 clamor
1145 567 1200 609 ab
1235 567 1366 609 urbe‘?

254 619 324 660 Sic
360 619 440 670 ait,
475 619 756 675 adductisque
788 636 932 665 amens
971 624 1166 666 subsistit
1196 625 1385 667 habenis.

255 680 395 731 Atque
431 677 547 729 huic,
585 678 628 719 in
661 678 814 721 faciem
853 695 975 723 soror
1011 686 1060 723 ut
1096 696 1298 724 conversa
1335 683 1501 726 Metisci

255 735 441 788 Aurigae
475 749 730 789 currumque
759 741 802 779 et
838 752 968 792 equos
1003 743 1045 781 et
1080 739 1175 781 lora
1208 740 1396 794 regebat,

256 793 428 834 Talibus
469 795 656 835 occurrit
692 794 837 837 dictis:
875 796 982 848 Hac,
1017 797 1175 848 Turne,
1208 812 1435 851 sequamur

1797 799 1878 838 625

255 851 532 904 Troiugenas,
576 866 661 905 qua
697 853 836 906 prima
872 854 984 895 viam
1021 855 1201 896 victoria
1238 855 1408 909 pandit,

259 908 366 950 Sunt
405 909 500 961 alii,
544 910 616 963 qui
650 913 764 952 tecta
802 925 929 953 manu
966 911 1192 954 defendere
1228 913 1404 967 possint.

253 967 421 1021 Ingruit
455 967 619 1009 Aeneas
658 968 779 1009 Italis
813 972 855 1010 et
888 969 1053 1023 proelia
1085 970 1252 1012 miscet:

254 1026 311 1067 Et
352 1039 428 1066 nos
467 1039 592 1067 saeva
630 1039 759 1066 manu
793 1026 1012 1068 mittamus
1051 1026 1201 1069 funera
1240 1027 1424 1070 Teucris.

253 1084 342 1126 Nec
375 1097 548 1124 numero
585 1082 763 1125 inferior
803 1098 971 1138 pugnae
1008 1099 1085 1127 nec
1121 1085 1283 1127 honore
1316 1083 1499 1127 recedes.

253 1141 420 1183 Turnus
447 1141 504 1182 ad
540 1140 667 1182 haec:

1796 1086 1879 1124 630

256 1199 290 1241 O
328 1213 467 1251 soror,
505 1202 547 1240 et
581 1197 741 1240 dudum
779 1199 977 1253 adgnovi,
1016 1214 1146 1253 quum
1185 1200 1325 1254 prima
1361 1213 1438 1253 per
1472 1203 1608 1241 artem

254 1257 447 1299 Foedera
479 1255 683 1307 turbasti,
717 1260 847 1310 teque
880 1257 986 1298 haec
1024 1257 1067 1298 in
1107 1257 1222 1299 bella
1256 1257 1432 1309 dedisti3

255 1315 311 1356 Et
347 1328 458 1356 nunc
493 1314 780 1368 nequidquam
817 1314 932 1356 fallis
972 1314 1062 1356 dea.

253 1372 491 1414 Demissam
523 1375 666 1413 tantos
700 1372 835 1413 voluit
866 1375 909 1414 te
946 1371 1056 1414 ferre
1095 1372 1294 1414 labores?

1123 1315 1205 1357 Sed
1241 1315 1334 1369 quis
1370 1314 1548 1369 Olympo
1793 1372 1874 1410 635

255 1431 321 1471 An
361 1429 507 1471 fratris
544 1429 688 1470 miseri
724 1429 856 1471 letum
894 1432 943 1471 ut
974 1429 1145 1471 crudele
1183 1430 1379 1472 videres?

301 1601 378 1632 617.
408 1605 511 1632 Vento
534 1604 665 1632 affertur
686 1604 727 1632 ad
750 1605 891 1632 Turnum
918 1605 1041 1631 clamor

253 1650 309 1678 itte
351 1649 547 1678 commixtus
585 1654 615 1677 et
655 1649 814 1678 confusus
851 1649 1039 1677 Latinorum

254 1700 310 1724 aut
336 1700 475 1729 accepta
503 1695 567 1723 iam
599 1696 685 1722 mala
716 1694 959 1722 lamentantium
987 1698 1041 1722 aut

253 1741 409 1770 instantia
431 1741 530 1769 anxie
553 1740 807 1775 defendentium3
852 1739 946 1767 cuius
973 1741 1042 1767 cla-

251 1787 352 1816 moris
362 1794 456 1821 quum
468 1793 610 1814 caussas
620 1785 757 1820 nesciat,
775 1783 885 1813 caecis
902 1782 1040 1813 terrori-

252 1830 484 1867 busitupletur.
510 1829 579 1860 Mu.
590 1839 619 1866 p.
631 1830 673 1860 45
688 1827 814 1867 „Hunc
831 1830 892 1858 dici
907 1834 1043 1867 oportet,

255 1879 309 1914 qui
335 1878 482 1914 proxime
503 1882 576 1906 ante
591 1876 793 1911 significatus
812 1877 974 1905 narrando
989 1876 1042 1904 sit.

254 1925 351 1959 Atqui
389 1924 546 1960 proximis
583 1923 736 1952 versibus
772 1926 869 1957 poeta
899 1924 1043 1950 Turnum

254 1976 401 2000 extremo
431 1971 464 1998 in
499 1977 642 2004 aequore
670 1973 858 1996 versantem
901 1975 1045 1996 comme-

255 2017 404 2053 moravit,
451 2017 490 2044 ad
528 2023 621 2050 quem
661 2014 768 2043 subito
809 2022 826 2041 e
867 2014 1044 2046 longinquo

254 2066 376 2092 clamor
414 2062 580 2096 pervenit,
626 2060 851 2095 superioribus
888 2060 1045 2087 versibus

253 2111 328 2138 inde
354 2105 452 2137 3593
469 2109 607 2136 Amatae
633 2107 794 2135 interitum
819 2105 1045 2141 (siclegitur).

254 2157 400 2190 Apparet
424 2157 485 2183 hoc
507 2158 633 2189 poetam
666 2153 791 2188 dicere,
830 2152 870 2180 ad
896 2153 1039 2180 Turnum

253 2204 368 2230 hostes
394 2201 456 2228 iam
482 2199 618 2235 segnius
635 2202 886 2234 persequentem
913 2205 963 2233 eo,
987 2196 1039 2224 ubi

253 2252 337 2283 erat,
381 2248 513 2274 allatum
545 2253 623 2273 esse
654 2253 717 2273 non
743 2246 827 2273 hunc
852 2245 1040 2277 clamorem,

253 2295 313 2322 sed
337 2294 511 2321 clamorem
538 2291 677 2325 aliquem
697 2290 798 2318 tristis
824 2290 869 2317 rei
883 2289 1040 2324 nuntium,

253 2339 525 2371 scribendumque
551 2345 628 2365 esse
658 2336 695 2365 A.
720 2332 785 2364 huc
810 2333 832 2364 i.
854 2357 860 2363 .
882 2355 889 2363 .
931 2335 1040 2368 Atque

254 2386 302 2414 sic
329 2385 360 2413 in
390 2383 503 2412 codice
539 2383 649 2416 atiquo
681 2381 920 2416 Hamburgensi
950 2382 1040 2414 Hey-

257 2432 331 2460 nius
358 2430 504 2458 secunda
527 2435 625 2457 manu
651 2428 804 2462 scriptum
838 2435 915 2456 esse
940 2426 1045 2461 tradit,

257 2484 341 2511 quae
362 2484 426 2504 non
454 2474 632 2502 auctoritas
659 2478 719 2509 est,
747 2475 804 2501 sed
828 2479 907 2501 vera
933 2472 1045 2500 conie-

255 2528 347 2552 ctura
370 2521 478 2549 multis
505 2521 598 2549 annis
622 2525 695 2548 ante
721 2526 771 2548 me
794 2517 916 2547 facta.“

300 2568 377 2596 618.
408 2567 565 2595 arrectas
602 2573 705 2594 aures
745 2565 809 2600 „ad
847 2564 1043 2593 audiendum

255 2610 448 2643 sollicitas.“
473 2614 506 2640 S.
533 2610 574 2640 cf.
591 2611 619 2646 l.
647 2609 719 2640 153.
745 2608 884 2648 impulit
908 2615 938 2637 ut
965 2607 1043 2645 Gal,

254 2659 320 2689 349
348 2667 449 2688 aures
476 2655 614 2695 impulit
642 2654 754 2686 luctus
777 2657 834 2686 cic
857 2656 923 2684 ΝΒ.
947 2653 979 2692 2,
999 2654 1041 2684 57

256 2705 385 2735 Sensus
406 2703 576 2741 [auditus]
603 2711 624 2731 α
650 2700 788 2731 vocibus
810 2699 946 2742 pulsae.

299 2750 375 2780 619.
399 2748 566 2787 confusae
591 2757 616 2777 s.
636 2757 668 2777 u.
694 2751 803 2778 Sonus
820 2748 953 2776 diversa
970 2748 1041 2775 cla-

254 2798 407 2826 mantium
430 2795 602 2825 confusam
624 2794 744 2823 indicat
770 2801 848 2822 esse
866 2793 1039 2821 civitatem.

300 2842 375 2871 620.
401 2843 510 2877 taum,
550 2845 582 2869 ut
607 2841 678 2876 ipse
701 2841 872 2868 admodum
896 2842 1040 2867 remotus

257 2889 376 2916 audiat.

301 2932 375 2961 621.
404 2930 480 2972 quis
511 2934 631 2961 tantus
668 2928 799 2959 clamor
831 2930 871 2958 cf.
903 2929 934 2962 6,
963 2928 1041 2957 561.

257 2992 299 2996 —
321 2975 457 3006 diversa
484 2975 525 3006 ab
551 2974 650 3016 urbe,
683 2981 822 3011 remota,
849 2975 880 3004 ’m
907 2975 1041 3005 diversa

258 3027 348 3057 parte
372 3023 435 3051 sita
461 3022 500 3051 cf.
529 3021 561 3061 3,
586 3022 616 3051 3.

1132 1602 1210 1632 622.
1236 1612 1354 1632 amens
1391 1611 1517 1640 „egens
1554 1602 1700 1638 consilii,
1742 1600 1878 1629 nescius

1087 1650 1133 1677 rei
1158 1647 1355 1683 gerendae.“
1379 1652 1412 1678 S.
1438 1649 1479 1677 cf.
1498 1649 1529 1686 2,
1547 1646 1624 1677 3¹4.
1648 1645 1679 1680 7,
1694 1644 1771 1675 460.
1799 1647 1877 1681 Ipse

1085 1695 1201 1722 iterum
1229 1697 1376 1723 habenas
1404 1695 1528 1730 arripit,
1553 1698 1586 1722 ut
1609 1694 1746 1722 retineat
1772 1700 1876 1727 equos

1087 1742 1126 1768 ab
1153 1739 1266 1774 auriga
1291 1740 1454 1768 incitatos.

1133 1806 1209 1836 625.
1240 1805 1386 1836 occurrit
1414 1804 1693 1844 dictis‚,0rauoni
1714 1805 1787 1834 eius
1802 1813 1878 1833 ver-

1089 1853 1138 1882 bis
1163 1853 1291 1882 obviam
1313 1851 1421 1881 venit“
1447 1856 1479 1881 S.
1504 1857 1534 1881 et
1560 1852 1678 1881 refellit
1703 1858 1754 1887 ea,
1791 1858 1876 1885 quae

1091 1901 1220 1928 Turnus
1247 1899 1392 1928 dicturus
1418 1903 1468 1927 est
1493 1900 1532 1927 de
1559 1897 1713 1926 redeundi
1728 1896 1879 1926 necessi-

1093 1950 1170 1974 tate.
1201 1945 1242 1974 cf.
1269 1944 1345 1973 630.

1135 2001 1210 2030 626.
1234 2000 1349 2041 prima
1375 2000 1415 2029 cs.
1437 1998 1467 2035 7,
1492 2000 1546 2029 61.

1135 2058 1210 2088 626.
1235 2056 1370 2099 proelia
1410 2055 1562 2093 miscere,
1605 2058 1816 2094 committere,
1846 2061 1879 2087 ut

1092 2109 1127 2135 G.
1155 2104 1185 2143 2,
1210 2104 1288 2134 282.
1312 2103 1342 2137 3,
1366 2102 1444 2132 220.
1475 2104 1571 2138 Prop.
1595 2103 1628 2140 4,
1658 2103 1685 2131 1.
1710 2103 1765 2132 28.

1132 2162 1209 2192 629.
1242 2159 1291 2191 ΡΙ.
1325 2170 1380 2197 pro
1414 2169 1518 2190 manu
1555 2161 1639 2189 coni.
1664 2158 1740 2189 neci
1768 2169 1811 2190 ex
1844 2169 1875 2189 v.

1085 2208 1161 2237 513.

1131 2264 1209 2293 630.
1237 2268 1326 2301 „Nec
1372 2265 1545 2300 pauciores
1590 2263 1767 2300 interimis,
1814 2271 1876 2292 nec

1086 2312 1189 2340 minor
1214 2316 1243 2339 te
1270 2318 1364 2345 quam
1378 2312 1513 2340 Aenean
1534 2309 1739 2337 comitabitur
1759 2309 1875 2344 gloria.

1086 2360 1172 2385 Sane
1208 2357 1386 2393 sciendum,
1418 2358 1582 2384 Iuturnam
1621 2355 1653 2383 in
1691 2357 1753 2384 hac
1789 2355 1875 2383 omni

1090 2404 1236 2432 oratione
1249 2410 1420 2431 occurrere
1430 2400 1677 2436 quaestionibus
1689 2399 1832 2429 tacitis.“
1841 2403 1874 2429 S.

1090 2451 1201 2483 Neque
1224 2454 1332 2477 tamen
1361 2448 1539 2482 respondet
1574 2447 1614 2474 ad
1650 2454 1730 2484 rem,
1766 2453 1874 2480 neque

1090 2500 1206 2530 potest,
1245 2495 1302 2523 sed
1328 2494 1427 2522 evitat
1454 2495 1618 2526 rebusque
1639 2492 1713 2521 aliis
1737 2493 1874 2529 solatur,

1091 2542 1148 2569 sed
1186 2540 1319 2569 frustra.
1367 2540 1420 2567 Sic
1443 2546 1561 2567 vanum
1601 2538 1678 2566 illud
1708 2542 1759 2566 est
1789 2540 1873 2573 quod

1090 2587 1160 2614 dicit
1188 2593 1218 2614 v.
1245 2585 1323 2620 629,
1367 2592 1440 2614 nam
1468 2589 1630 2619 utcunque
1655 2592 1710 2613 res
1735 2588 1874 2623 geretur,

1089 2632 1247 2667 supererit
1272 2633 1416 2667 Aeneas,
1454 2637 1592 2665 quocum
1627 2631 1758 2658 Turnus
1809 2638 1872 2666 pu-

1087 2685 1187 2713 gnare
1212 2680 1357 2711 cogetur.

1131 2733 1205 2763 634.
1236 2731 1352 2768 Soror,
1386 2737 1417 2761 tu
1444 2734 1527 2768 quod
1553 2730 1618 2762 dea
1650 2741 1701 2770 es,
1740 2737 1871 2768 poteras

1086 2788 1136 2809 me
1159 2780 1284 2815 fauere,
1307 2780 1367 2808 sed
1381 2787 1478 2817 nunc,
1503 2779 1630 2808 etiamsi
1647 2779 1710 2807 dea
1731 2785 1780 2815 es,
1806 2786 1872 2807 non

1085 2827 1148 2855 iam
1173 2826 1281 2854 falles.

1130 2881 1206 2911 635.
1231 2883 1295 2912 Cur
1321 2882 1520 2911 descendisti
1549 2882 1588 2909 de
1611 2880 1726 2909 caelo?
1771 2881 1869 2909 Modo

1086 2933 1117 2957 ut
1141 2930 1273 2957 labores
1303 2927 1427 2963 ferres3
1465 2934 1539 2956 nam
1571 2933 1663 2961 opem
1693 2924 1778 2953 ferre
1805 2933 1869 2955 non

1086 2978 1190 3009 potes.
1238 2975 1289 3003 An
1314 2974 1410 3002 dulce
1440 2972 1494 3001 tibi
1526 2975 1579 3000 est
1601 2971 1712 2999 videre
1736 2975 1869 3001 mortem

1085 3027 1191 3049 meam
1200 3020 1215 3048 ’ἐ
