2023 3350
690 108 932 142 AENEtDos
961 110 1046 142 Lm.
1072 110 1114 142 x.
1652 106 1733 148 505

79 227 273 270 Iniecere
311 239 486 269 manum
526 224 710 273 Parcae,
750 223 936 278 telisque
973 227 1202 266 sacrarunt

81 284 287 327 Euandri.

347 284 480 335 Quem
526 282 588 324 sic
626 281 776 323 Pallas
819 282 932 336 petit
972 286 1073 324 ante
1110 286 1332 336 precatus:

81 343 150 385 Da.
187 338 323 393 nunc,
359 340 521 396 Thybri
554 344 705 394 pater.
746 339 884 391 ferro,
926 339 1041 394 quod
1080 341 1241 383 missile
1282 341 1418 395 libro,

82 401 320 443 Fortunam
358 403 490 453 atque
531 399 647 439 viam
687 397 784 439 duri
818 412 896 452 per
935 402 1088 453 pectus
1125 398 1326 441 Halaesi:

80 459 200 501 Haec
240 471 362 500 arma
394 456 658 510 exuviasque
696 456 778 498 viri
815 460 893 498 tua
929 470 1113 510 quercus
1153 456 1342 499 habebit.

81 516 232 559 Audiit
270 515 347 557 illa.
381 514 509 556 deus:
546 514 647 556 dum
687 515 798 556 texit
837 514 1019 556 Imaona
1056 514 1293 567 Halaesus,

80 573 266 616 Arcadio
306 572 457 614 infelix
493 573 580 614 telo
622 573 698 614 dat
734 576 887 627 pectus
926 573 1151 614 inermum.

80 633 138 674 At
168 644 253 673 non
296 631 428 673 caede
466 631 548 672 viri
586 634 713 672 tanta
747 631 985 685 perterrita
1018 631 1204 681 Lausus,

78 690 183 732 Pars
219 688 370 742 ingens
407 688 534 741 belli,
565 689 668 731 sinit
708 689 904 743 agmina:

81 746 339 801 Oppositum
375 747 607 799 interimit,
647 761 822 802 pugnae
856 747 1105 801 nodumque
1144 761 1399 801 moramque

79 804 298 847 Sternitur
331 805 548 847 Arcadiae
588 805 756 860 proleS,
788 810 1041 847 sternuntur
1076 805 1271 857 Etrusci,

72 863 136 904 'Et
171 876 267 914 vos,
307 877 330 905 o
372 863 516 905 Graiis
556 863 794 917 imperdita
837 878 1047 918 corpora,
1087 864 1253 905 Teucri.

77 921 265 975 Agmina
302 925 569 963 concurrunt
609 921 880 976 ducibusque
921 926 962 964 et
999 921 1164 963 viribus
1207 921 1370 975 aequis.

78 979 275 1021 Extremi
315 979 555 1022 addensent
593 980 733 1032 acies3
771 994 849 1022 nec
894 979 1026 1022 turba
1064 980 1227 1021 moveri

78 1036 183 1079 Tela
216 1051 456 1093 manusque
494 1038 609 1080 sinit.

77 1095 192 1137 Hinc
232 1099 385 1138 contra
425 1096 612 1148 Lausus,
649 1110 727 1138 nec
767 1096 951 1138 multum
992 1097 1213 1150 discrepat
1250 1099 1389 1146 aetas,

77 1153 255 1207 Egregii
290 1153 450 1206 forma,
489 1154 566 1196 sed
604 1154 700 1208 quis
739 1154 915 1196 fortuna
952 1158 1137 1209 negarat

639 1213 764 1267 Ipsos
806 1227 1061 1254 concurrere
1097 1226 1251 1267 passus

78 1211 130 1253 In
168 1212 359 1266 patriam
394 1212 574 1254 reditus.

1652 288 1736 327 420

1655 576 1737 616 425

941 690 1108 743 primus
1145 689 1362 730 Abantem

1655 864 1739 904 430

670 1038 782 1080 Hinc
820 1038 966 1080 Pallas
998 1039 1135 1080 instat
1175 1041 1217 1079 et
1253 1039 1429 1090 urguet,

1657 1154 1740 1192 435

78 1269 209 1311 Haud
249 1274 396 1312 tamen
434 1271 548 1312 inter
585 1284 630 1313 se
670 1271 818 1324 magni
851 1274 1059 1325 regnator
1099 1269 1293 1325 Olympi:

79 1327 182 1370 Mox
222 1327 323 1370 illos
358 1342 437 1370 sua
474 1328 568 1371 fata
607 1332 786 1370 manent
823 1329 989 1371 maiore
1025 1328 1105 1371 sub
1137 1328 1276 1370 hoste.

195 1386 371 1429 Interea
406 1401 532 1429 soror
571 1387 688 1429 alma
726 1391 876 1429 monet
915 1387 1147 1430 succedere
1188 1387 1332 1428 Lauso

125 1537 202 1569 419.
254 1537 404 1570 iniecere
425 1548 555 1569 manus
580 1536 633 1569 P.:
681 1542 887 1574 „Traxerunt

79 1587 222 1616 debitum
241 1587 323 1624 sibi,
364 1591 394 1616 et
420 1594 570 1616 sermone
596 1595 677 1616 usus
713 1593 761 1617 est
786 1588 887 1623 iuris;

77 1640 157 1662 nam
173 1641 301 1662 manus
321 1630 461 1662 iniectio
476 1633 602 1670 dieitur,
629 1634 779 1669 quotiens
794 1636 889 1663 nulla

77 1679 200 1709 iudicis
228 1680 419 1710 auctoritate
450 1684 657 1718 exspectata,
695 1689 763 1710 rem
795 1681 889 1709 nobis

79 1726 221 1755 debitam
253 1724 497 1756 vindicamus.“
531 1728 563 1755 S.
598 1726 636 1756 cf.
663 1727 736 1755 Liv.
765 1724 805 1763 3,
833 1724 887 1755 44.

81 1774 183 1802 Macr.
211 1770 247 1809 ³,
271 1770 301 1801 7.
350 1774 425 1801 Erat
458 1772 543 1808 legis
579 1773 674 1802 actio.
725 1773 779 1802 Sic
804 1775 889 1801 hanc

82 1818 259 1847 formulam
283 1818 451 1847 transtulit
476 1819 535 1847 ov.
554 1818 628 1847 Am.
660 1817 687 1851 l,
713 1816 744 1855 4,
773 1817 827 1847 30.
855 1817 886 1855 3,

82 1863 114 1901 9,
140 1861 193 1892 19.
230 1864 431 1899 Quamquam
456 1863 501 1892 ita
524 1864 621 1893 etiam
648 1870 761 1898 poetae
786 1865 892 1894 dicere

80 1909 192 1948 licuit,
226 1910 256 1938 si
285 1910 381 1938 illam
415 1909 590 1938 formulam
622 1919 685 1939 non
717 1911 889 1945 cogitabat.

86 1970 125 1975 --
157 1953 358 1985 Sacrarunt
390 1958 528 1985 verbum
560 1964 601 1985 ex
633 1956 696 1985 ritu
727 1957 892 1992 antiquis-

82 2001 181 2037 simo3
207 2009 350 2030 sacrare
375 1999 504 2038 alicui,
538 2010 635 2031 sacer
664 2004 735 2031 esto
760 2007 816 2032 etc.
849 2019 886 2023 —

85 2045 167 2077 telis
199 2044 372 2082 Evandri,
398 2055 482 2083 quae
508 2056 595 2078 nunc
619 2049 735 2078 Pallas
759 2050 851 2086 gerit.

130 2101 208 2133 423.
237 2101 323 2133 haec
348 2112 450 2133 arma
464 2101 621 2134 habebit:
649 2107 830 2142 Tropaeum
849 2115 892 2136 ex

85 2151 158 2181 eius
183 2151 285 2180 armis
312 2151 370 2180 tibi
402 2151 612 2186 constituam,
652 2153 691 2181 cf.
724 2150 781 2186 10,
812 2150 889 2181 774.

84 2194 147 2235 11,
189 2195 220 2227 7.
266 2212 305 2217 -—
355 2198 410 2227 Sic
440 2198 602 2227 Romulus
630 2199 739 2234 spolia
773 2200 891 2237 opima,

82 2243 210 2274 Acroni
233 2245 377 2273 detracta
409 2240 457 2272 ad
489 2252 652 2283 quercum
686 2243 892 2285 pastoribus

83 2297 222 2319 sacram
254 2286 416 2329 deposuit
440 2289 515 2319 Liv.
545 2287 580 2328 1,
620 2289 670 2319 10.
709 2307 747 2311 —
774 2289 820 2320 da
850 2307 888 2312 —

85 2332 226 2409 kagebit
254 2335 294 2366 cf.
320 2333 355 2373 6,
384 2333 461 2365 676.
510 2352 554 2356 -—
598 2338 646 2366 De
677 2339 764 2367 votis
791 2338 831 2368 cf.
862 2338 892 2375 5,

88 2380 210 2456 23424.
239 2424 320 2455 dum
346 2441 391 2447 —
413 2424 521 2466 texit,
546 2429 724 2465 perfectum
755 2439 782 2459 c.
811 2427 892 2458 dum

86 2476 140 2504 Gr.
166 2473 198 2509 S.
222 2470 287 2501 415
312 2473 377 2502 An.
406 2471 436 2501 2.

133 2527 209 2559 426.
236 2531 370 2559 Lausus
407 2532 556 2562 celeriter
581 2533 653 2562 suis
695 2533 791 2563 factis
830 2537 894 2563 ter-

86 2585 193 2607 rorem
218 2577 314 2605 demit
350 2576 431 2611 ipse.
460 2593 499 2598 —
523 2576 607 2608 sinit
632 2578 825 2619 perterrita
854 2588 893 2608 a·

85 2619 214 2666 gmina
239 2622 278 2651 cf.
308 2619 336 2660 1,
361 2620 436 2652 385.

135 2677 212 2709 427.
237 2687 323 2719 pars
357 2676 485 2719 ingens
523 2677 624 2718 belli3
661 2682 682 2711 i.
708 2691 734 2712 e.
768 2683 801 2711 in
831 2691 893 2718 quo

87 2730 153 2756 stat
175 2733 296 2763 magna
327 2726 382 2754 vis
412 2727 490 2755 belli
519 2732 555 2756 ut
580 2725 645 2756 737
677 2733 707 2758 et
733 2726 769 2766 2,
794 2727 824 2758 6.
850 2745 895 2749 -

95 2770 266 2803 Abantem
291 2771 331 2802 cf.
362 2769 437 2801 170.

134 2815 212 2848 428.
237 2816 434 2858 oppositum
489 2821 712 2857 „obstantem,
774 2820 898 2850 fortiter

87 2862 320 2902 pugnantem.“
355 2866 387 2893 S.
436 2880 474 2885 —-
525 2873 674 2906 pugnae
695 2863 895 2906 nodumque

93 2919 318 2950 moramque:
366 2910 422 2946 qui
457 2916 617 2947 moratur,
654 2912 755 2941 differt
791 2914 895 2942 hostis

90 2956 274 2993 victoriam,
298 2961 327 2986 et
356 2957 492 2991 resistit,
522 2962 554 2987 ut
572 2958 699 2987 arboris
714 2959 817 2988 nodus
843 2968 897 2988 se-

92 3002 182 3032 curis
217 3004 347 3033 ictibus.
400 3000 524 3033 Nudus
556 3004 605 3034 sic
636 3006 832 3035 transfertur
877 3012 898 3034 a.

94 3048 209 3078 Claud.
249 3050 332 3079 Bell.
367 3050 450 3079 Gild.
497 3047 540 3079 10
589 3047 698 3080 nullis
747 3047 897 3081 victoria

933 1539 1036 1571 nodis
1063 1538 1178 1572 haesit
1202 1546 1230 1571 et
1262 1547 1362 1571 mora
1397 1538 1516 1569 dicitur
1546 1540 1640 1567 homo
1668 1538 1743 1567 Liv.

935 1587 976 1617 23
991 1611 998 1619 .
1034 1586 1064 1617 9.

982 1633 1058 1664 430.
1086 1630 1279 1675 imperdita
1304 1639 1452 1670 corpora
1486 1631 1506 1659 i.
1532 1639 1559 1660 e.
1582 1637 1602 1659 a
1634 1631 1744 1660 Graiis

934 1690 998 1710 non
1021 1682 1147 1717 perdita
1171 1686 1318 1714 corpora,
1344 1677 1464 1707 Teucri
1491 1677 1530 1707 ef.
1559 1675 1590 1710 7,
1619 1674 1669 1706 11.
1697 1678 1744 1706 De

935 1729 1046 1757 dativo
1077 1724 1197 1756 Graiis
1222 1725 1262 1755 cf.
1291 1721 1322 1762 1,
1342 1722 1419 1753 440.
1469 1725 1516 1752 De
1539 1723 1744 1758 appositione

935 1781 1081 1812 corpora
1123 1770 1160 1801 T.
1203 1772 1242 1801 cf.
1274 1769 1311 1805 4.
1362 1769 1437 1799 132.
1487 1771 1628 1799 Teucros
1666 1778 1743 1798 vero

935 1821 1132 1855 accipimus,
1158 1826 1239 1853 quos
1266 1825 1377 1846 secum
1406 1816 1498 1845 duxit
1522 1816 1676 1851 Aeneas,
1702 1815 1742 1845 cs.

935 1864 966 1898 7,
990 1864 1074 1900 545;
1127 1873 1190 1894 non
1216 1867 1291 1893 sunt
1314 1872 1355 1892 ex
1380 1863 1442 1899 iiS,
1487 1862 1544 1896 qui
1568 1862 1602 1890 in
1625 1862 1744 1891 castris

934 1916 1171 1942 remanserunt.

982 1957 1059 1987 431.
1083 1957 1228 1986 Extremi
1267 1956 1313 1985 ita
1344 1959 1459 1991 urgent
1494 1960 1524 1983 et
1563 1955 1747 1983 addensant

934 2006 1060 2041 priores
1084 2004 1224 2040 ordines,
1250 2006 1284 2032 ut
1303 2003 1371 2031 tela
1394 2006 1423 2030 et
1449 2008 1566 2030 manus
1580 2001 1641 2030 vix
1667 2008 1745 2036 pos-

935 2052 1001 2082 sint
1025 2051 1162 2081 moveri.

981 2106 1057 2137 432.
1085 2104 1286 2136 addemnat
1321 2103 1498 2144 MP2Rybc
1548 2101 1745 2134 addensent

935 2154 979 2184 Pl
1010 2159 1039 2184 et
1065 2156 1108 2183 al.
1135 2156 1166 2182 S.
1196 2158 1225 2183 et
1250 2152 1355 2181 Prisc.
1383 2160 1447 2180 rec.
1468 2148 1552 2191 Wg.
1585 2148 1648 2180 Ld.
1676 2148 1741 2180 Rb.

984 2210 1060 2241 436.
1085 2208 1250 2240 reditus:
1275 2211 1313 2238 de
1338 2208 1462 2244 plurali
1488 2208 1527 2237 cf.
1555 2208 1586 2245 5,
1609 2206 1685 2237 359.

983 2267 1059 2298 438.
1084 2276 1226 2297 manere
1261 2276 1287 2297 c.
1324 2274 1390 2296 acc.
1428 2266 1467 2295 cf.
1507 2263 1544 2303 2,
1573 2263 1649 2294 194.
1703 2281 1741 2286 —-

937 2313 1071 2344 maiore
1108 2312 1169 2343 snb
1201 2310 1313 2347 hoste:
1363 2314 1496 2342 Lausus
1538 2315 1578 2342 ab
1617 2313 1745 2350 Aenea,

937 2363 1053 2392 Pallas
1079 2368 1100 2390 a
1122 2362 1230 2390 Turno
1257 2360 1413 2390 caeditur.

938 2437 1142 2470 439—509.
1193 2434 1310 2468 Pallas
1347 2444 1366 2467 a
1402 2435 1521 2467 Turno
1560 2433 1742 2467 occiditur·

985 2495 1062 2526 439.
1093 2494 1201 2523 Soror
1223 2493 1320 2524 alma
1345 2500 1379 2525 ut
1404 2497 1486 2531 dea;
1535 2499 1584 2523 est
1609 2496 1746 2524 Iuturna

939 2544 979 2574 cf.
1009 2541 1069 2579 12,
1097 2540 1174 2571 139.
1223 2543 1353 2571 Turnus
1377 2542 1432 2577 qui
1459 2546 1569 2571 contra
1595 2542 1744 2570 Aeneam

939 2595 1069 2626 stetera,
1092 2590 1158 2618 iam
1183 2589 1261 2624 petit
1277 2590 1413 2618 alterum
1427 2588 1597 2623 proelium,
1622 2587 1655 2616 in
1681 2596 1744 2623 quo

939 2638 1056 2666 Pallas
1092 2637 1159 2664 dux
1191 2640 1249 2663 est.
1300 2632 1482 2663 succedere
1507 2635 1569 2662 MR
1601 2635 1644 2662 al.
1660 2636 1741 2664 Non.

939 2690 1139 2711 succurrere
1155 2690 1181 2710 c.
1193 2683 1285 2710 Serv.
1303 2683 1364 2709 Sed
1379 2689 1441 2709 non
1455 2680 1612 2710 succurrit
1624 2681 1746 2719 Lauso,

941 2729 996 2764 qui
1015 2737 1079 2758 non
1104 2728 1260 2762 premitur
1295 2728 1457 2762 periculo;
1508 2728 1564 2756 sed
1599 2727 1633 2755 in
1672 2728 1745 2757 eius

940 2777 1047 2804 locum
1073 2773 1224 2803 succedit.
1277 2775 1328 2802 Ita
1353 2770 1537 2801 succedere
1566 2773 1600 2801 in
1637 2775 1746 2804 locum

942 2820 1120 2857 pugnantis
1146 2828 1178 2848 v.
1208 2817 1284 2848 690.
1309 2816 1386 2848 847.
1416 2816 1472 2855 11,
1498 2816 1575 2848 726.
1631 2816 1748 2849 Monet

940 2877 967 2898 c.
995 2875 1061 2896 acc.
1087 2870 1117 2895 et
1142 2865 1198 2894 inf.
1229 2867 1250 2895 i.
1274 2874 1301 2895 e.
1327 2865 1464 2900 impellit
1497 2869 1541 2894 ut.
1584 2866 1639 2895 Sic
1670 2875 1744 2896 cum

941 2913 1113 2942 infinitivo
1147 2912 1212 2940 iam
1247 2913 1302 2941 sed
1334 2920 1398 2941 non
1423 2912 1532 2940 addito
1554 2913 1746 2942 accusativo

942 2960 1009 2989 Cic.
1022 2960 1091 2987 Fin.
1110 2956 1138 2994 l,
1154 2956 1196 2986 2⁰
1211 2956 1316 2987 Ratio
1337 2956 1415 2996 ipsa
1430 2961 1543 2987 utone!
1567 2956 1748 2989 amicitias

942 3012 1149 3043 comparare
1173 3008 1204 3033 et
1228 3005 1394 3042 Sall.1ug.
1416 3001 1456 3032 19
1472 3001 1647 3043 Quoniam
1673 3003 1748 3036 alia

940 3059 1135 3092 properare
1168 3052 1303 3091 tempus
1327 3052 1460 3083 monett
1485 3050 1525 3080 cf.
1553 3049 1583 3089 2.
1610 3049 1664 3080 33.
