2023 3350
189 63 273 103 434
761 56 795 87 P.
825 54 1020 87 VIRGlLll

1060 55 1269 87 MAROMS

193 172 419 223 Messapus
454 168 617 222 primas
652 165 789 216 acies,
824 169 1043 218 postrema
1083 169 1282 207 coercent

192 227 427 281 Tyrrhidae
458 226 649 273 iuvenes-3
690 222 830 263 medio
869 222 957 263 dux
995 223 1163 274 agmine
1201 223 1390 264 Turnus:

194 284 408 340 [Vertitur
444 295 566 322 arina
601 284 769 330 tenens,
813 282 857 320 et
890 282 983 320 toto
1022 280 1180 321 vertice
1220 293 1352 333 supra
1392 278 1486 331 ests]

198 345 283 383 Ceu
323 343 487 392 septem
528 351 706 390 surgens
745 335 906 377 sedatis
952 335 1149 376 amnibus
1186 336 1298 378 altus

1788 334 1842 373 30

199 398 277 438 Per
311 396 491 438 tacitum
528 396 720 447 Ganges,
759 397 835 434 aut
879 393 1027 446 pingui
1064 392 1235 433 flumine
1277 393 1398 433 Nilus

196 454 334 504 Quum
372 452 515 493 refluit
551 452 736 504 campis,
771 454 813 491 et
852 450 938 491 iam
981 463 1027 490 se
1062 448 1255 489 condidit
1291 450 1424 490 alveo.

197 511 277 551 Hic
314 509 502 551 subitam
531 509 653 561 nigro
693 507 924 561 glomerari
958 506 1132 560 pulvere
1170 504 1325 546 nubem

198 567 472 619 Prospiciunt
508 565 660 606 Teucri
709 578 760 605 ac
796 564 998 605 tenebras
1035 563 1259 615 insurgere
1301 563 1475 616 campis.

197 625 366 665 Primus
406 623 460 664 ab
495 622 677 663 adversa
712 621 953 663 conc-laniat
995 619 1105 660 mole
1146 620 1318 661 Caicus:

1792 620 1844 658 35

198 682 301 731 Quis
340 680 516 734 globus,
554 692 577 719 o
620 679 758 729 cives,
797 679 980 731 caligine
1018 676 1205 718 volvitur
1241 675 1376 717 altra!

201 739 327 779 Ferte
362 737 436 778 citi
470 736 653 787 ferrum,
689 735 789 777 date
828 735 934 787 tela,
980 734 1228 776 adscendite
1261 745 1419 782 muros,

200 795 347 836 Hostis
385 794 528 843 adest,
566 793 675 834 heia.

744 793 911 846 Ingenti
947 792 1134 833 clamore
1182 804 1260 844 per
1295 802 1440 831 omnes

202 851 400 894 Condunt
437 864 482 891 se
521 850 674 891 Teucri
708 854 881 903 portas,
921 853 964 890 et
998 849 1167 890 moenia
1205 847 1430 901 complent.

201 910 397 962 Namque
431 908 495 949 ita
529 907 751 948 discedens
786 909 1067 960 praeceperat
1105 905 1292 960 optimus
1330 903 1461 945 armis

1793 902 1848 940 40

203 968 386 1007 Aeneas:
427 965 463 1006 si
499 978 586 1017 qua
622 965 788 1005 interea
823 964 999 1005 fortuna
1039 962 1202 1014 fuisset,

204 1077 236 1101 ut
261 1080 375 1100 ornnes
405 1075 522 1106 gentes
547 1071 745 1106 bellicosae,
790 1077 925 1098 amasse
954 1069 1003 1097 vi—

203 1120 319 1146 dentur
345 1117 384 1145 cf.
415 1117 450 1153 7,
485 1116 561 1144 785.
611 1117 749 1145 Constat
783 1117 822 1143 de
849 1115 1004 1143 Samniti-

205 1166 265 1191 bus
297 1162 339 1191 cf.
368 1164 452 1190 Flor.
484 1160 517 1197 1,
556 1160 610 1190 16.
638 1161 654 1187 7
680 1162 838 1200 gentem,
869 1158 898 1188 si
919 1169 1004 1199 opn-

205 1205 347 1237 lentiam
375 1203 514 1246 quaeris
540 1203 657 1235 aureis
683 1209 714 1234 ct
742 1203 922 1245 argenteis
948 1213 1007 1233 ar—

204 1251 287 1290 mis,
320 1250 484 1281 discolori
512 1254 602 1280 veste
632 1259 739 1290 usquc
766 1249 812 1279 ad
838 1248 1005 1280 ambitum

206 1300 393 1327 armatam.
442 1299 479 1324 Et
519 1298 557 1324 de
598 1304 637 1324 eo
667 1298 741 1324 loco
775 1297 928 1324 Niebuhr.
960 1311 1005 1314 —-

206 1343 327 1372 Aureis
350 1342 469 1376 clipeis
490 1343 540 1370 usi
567 1346 642 1369 sunt
670 1342 772 1369 duces
800 1341 1008 1374 Carthagini-

207 1396 308 1416 enses
339 1388 420 1415 Plin.
448 1388 517 1415 Ml.
540 1385 601 1417 35.
631 1385 669 1423 3,
702 1385 733 1413 4.

251 1432 307 1461 27.
336 1429 521 1471 Messapus
547 1431 588 1459 cs.
614 1431 650 1465 7,
679 1430 755 1459 691.

252 1476 307 1506 28.
339 1474 548 1516 Tyrrhidae,
591 1476 708 1510 Tyrrhi
748 1474 893 1511 pastoris
941 1474 1005 1503 lilii.

208 1523 245 1554 7.
271 1521 348 1550 48⁴.
375 1521 453 1550 532.

253 1566 306 1596 29.
334 1564 481 1595 vertitur
509 1567 570 1594 etc.
620 1566 679 1594 llic
710 1572 833 1593 versus
864 1566 958 1592 abest
988 1571 1006 1591 a

209 1614 359 1650 MPRybc
383 1613 426 1639 al.
452 1615 481 1639 et
503 1611 619 1645 legitur
643 1611 708 1639 iani
732 1611 767 1645 7,
802 1608 885 1646 784,
921 1610 1006 1637 unde

207 1658 241 1686 in
267 1657 434 1686 nonnullis
460 1656 550 1684 libris
581 1658 645 1684 nuc
673 1656 799 1683 videtur
822 1656 1007 1683 translatus

208 1710 303 1739 esse,
329 1706 359 1730 et
385 1703 471 1730 male
495 1705 570 1729 ante
593 1705 820 1735 comparatum
843 1700 1008 1728 inseritur.

208 1748 282 1776 Itali
306 1752 403 1775 antea
420 1747 558 1774 tumultu
575 1746 721 1782 excitati,
747 1750 778 1773 ut
793 1747 813 1773 l.
840 1746 908 1773 vll.
935 1751 1011 1772 nar-

209 1797 313 1829 ratur,
345 1798 373 1820 et
401 1794 465 1821 huc
490 1792 567 1820 illuc
591 1791 846 1820 discursitantes
872 1790 937 1818 iam
963 1790 1012 1817 in-

209 1842 334 1867 structa
351 1838 423 1866 acie
448 1840 478 1865 et
499 1836 589 1865 taciti
607 1837 804 1871 procedunt:
831 1836 903 1864 binc
923 1843 1013 1863 cont-

210 1888 368 1919 parantur
385 1890 459 1911 cuin
485 1881 636 1919 flumine,
665 1882 749 1916 quod
777 1885 876 1909 antea
902 1888 1010 1908 exun-

210 1930 292 1957 dans
313 1928 439 1963 campis
459 1931 489 1955 et
511 1928 622 1956 sonitu
639 1927 774 1961 fragoso
801 1930 920 1954 tonans
945 1926 1010 1954 iam

209 1974 241 2002 in
269 1976 401 2002 alveum
423 1979 519 2002 suum
543 1973 665 2000 recedit
698 1976 728 1999 et
755 1971 851 1999 undis
885 1970 1012 2005 profluit

210 2018 442 2048 sedatioribus.
498 2015 558 2046 Gr.
584 2018 670 2046 elicit
696 2017 792 2045 etiam
808 2024 838 2045 v.
864 2014 1011 2044 30—32.

256 2062 310 2091 31.
342 2060 488 2103 Ganges
524 2063 601 2099 „qut
630 2063 811 2091 secundum
848 2064 1011 2090 Senecam

211 2109 243 2137 in
268 2109 332 2137 situ
359 2109 473 2137 Indiae
502 2116 622 2136 novem
645 2108 754 2136 alveis
781 2106 857 2143 fluit,
890 2114 1013 2136 secun-

212 2155 286 2182 dum
313 2155 476 2182 Melonem
504 2152 618 2188 [sic]'?
656 2150 819 2188 septem-‘⁶
843 2155 875 2181 S.
925 2153 1014 2181 Mela

211 2198 248 2235 3,
282 2199 320 2227 7:
360 2196 505 2238 Ganges
528 2219 535 2226 .
560 2217 567 2224 .
590 2221 595 2226 .
630 2196 665 2227 in
691 2200 819 2238 septem
846 2205 908 2226 ora
941 2195 1013 2226 ‹lis-

210 2241 389 2284 pergitur.
437 2245 551 2278 Itaque
582 2243 610 2272 is
651 2251 809 2271 numerus
843 2243 940 2271 etiam
972 2244 1012 2271 ab

212 2290 287 2317 aliis
315 2289 419 2317 datur.
468 2289 555 2317 Satis
586 2293 662 2317 nota
702 2293 775 2317 sunt
805 2285 1013 2327 septemflua

203 2331 360 2372 flumina
403 2331 489 2363 Nili.
539 2331 702 2362 Multissua
731 2333 861 2362 flumina
895 2333 1014 2368 posuit,

213 2380 299 2413 quod
321 2379 416 2407 etiam
443 2379 578 2407 diversa
600 2379 732 2412 agmina
751 2383 866 2407 contra
890 2384 1014 2413 castra,

214 2425 402 2459 procedunt.
451 2424 661 2458 Comparatio
695 2428 742 2451 est
775 2424 927 2453 omnibus
952 2432 1013 2451 nu-

212 2470 312 2497 meris
332 2470 494 2498 absoluta.
519 2485 564 2489 —
582 2466 897 2508 pinguiflumine:
922 2469 1013 2497 Nilus

212 2515 324 2543 limum
347 2521 461 2543 seeum
489 2514 550 2542 fert
573 2518 601 2541 et
630 2522 669 2542 eo
697 2520 797 2548 agros
821 2514 922 2542 reddit
949 2513 1014 2542 fer-

213 2560 301 2588 tiles.
329 2574 373 2578 —
402 2567 466 2598 per
498 2557 642 2588 tacitum
677 2559 869 2588 adverbium
904 2558 944 2587 cf.
982 2557 1013 2594 5,

212 2602 289 2632 793.
339 2604 392 2632 Sic
415 2611 478 2643 per
504 2601 648 2633 tacitum
677 2605 735 2632 Sil.
766 2603 823 2641 10,
848 2602 926 2641 353,
961 2604 1013 2632 ubi

213 2657 351 2678 somnus
367 2649 482 2677 dicitur
501 2657 563 2688 per
579 2646 726 2678 tacitum
740 2646 894 2688 allapus.
937 2651 1013 2677 Sen.

213 2696 352 2728 Thyest.
380 2692 447 2721 396
479 2690 564 2722 Leni
590 2692 758 2732 perfruar
785 2691 875 2729 otio,·
903 2691 1015 2722 nullis

212 2741 297 2768 nota
323 2735 518 2776 Quiritibus
543 2740 643 2767 aetas
661 2746 725 2778 per
744 2737 890 2768 tacitum
906 2736 1014 2777 fluat.

258 2782 312 2812 32.
340 2784 431 2817 Quod
449 2788 556 2811 autern
580 2783 781 2817 comparatio
800 2783 937 2812 infertur
955 2792 1014 2819 per

214 2836 317 2866 quum
348 2844 390 2847 -—
422 2826 523 2856 Nilus
555 2833 616 2856 etc.
647 2836 772 2857 caussa
797 2837 861 2857 non
886 2834 937 2858 est
963 2829 1012 2857 of-

214 2872 394 2907 fensionis-13
444 2881 542 2907 quum
588 2874 788 2908 saepissime
827 2881 867 2902 ea
908 2874 1011 2903 forma

215 2924 298 2945 usus
323 2918 364 2946 sit
392 2920 462 2950 vul.
497 2919 537 2947 cf.
573 2917 612 2953 4,
651 2916 730 2947 402.
779 2920 891 2953 Itaque
925 2921 954 2947 ιι.
989 2921 1009 2947 Ι.

1049 1069 1165 1101 iunge.
1205 1069 1284 1095 Tam
1329 1062 1431 1096 taciti
1465 1065 1619 1093 incedunt
1655 1070 1716 1092 ceu
1752 1069 1851 1098 quum

1052 1117 1185 1148 Ganges
1210 1117 1263 1141 aut
1283 1113 1376 1141 Nilus
1395 1112 1426 1140 in
1441 1112 1540 1139 alveo
1559 1113 1750 1139 contractus
1773 1108 1849 1137 fluit.

1052 1162 1237 1188 Obscuram
1289 1162 1339 1185 est
1385 1157 1623 1190 aliquantutum
1676 1157 1852 1192 structura,

1052 1206 1137 1240 quod
1165 1212 1269 1243 quum
1294 1203 1428 1238 propius
1445 1202 1537 1230 finem
1559 1201 1701 1236 positum
1727 1204 1790 1228 est.
1809 1215 1850 1220 —

1052 1247 1166 1288 refluit
1187 1258 1235 1276 sc.
1261 1250 1299 1277 de
1322 1246 1454 1287 campis
1481 1246 1522 1275 cf.
1553 1246 1585 1283 Ι,
1613 1246 1690 1276 358.
1740 1241 1798 1276 Kl.
1821 1250 1851 1275 et

1057 1292 1122 1324 [Α.
1151 1302 1193 1322 ex
1220 1292 1293 1323 ibat
1318 1295 1471 1328 supplent
1510 1290 1536 1322 it
1568 1293 1608 1321 ad
1643 1290 1789 1332 Ganges
1821 1297 1853 1321 et

1057 1337 1173 1369 stilus.

1098 1384 1151 1413 35.
1179 1381 1331 1412 adversa
1369 1380 1457 1411 mole
1486 1382 1507 1410 ·ι.
1547 1389 1575 1410 e.
1615 1382 1693 1412 turri
1727 1382 1853 1412 Latinis

1053 1430 1306 1459 advenientibus
1331 1428 1494 1463 opposita.

1098 1474 1154 1503 36.
1183 1472 1269 1512 Quis
1294 1474 1506 1511 „admirantis
1526 1477 1594 1508 est;
1620 1480 1686 1500 non
1703 1472 1854 1501 enimin-

1052 1525 1211 1554 terrogat,
1245 1520 1297 1554 qui
1320 1517 1479 1547 nuntiat*
1505 1521 1538 1547 S.
1563 1533 1607 1538 -
1631 1515 1789 1558 caligine
1812 1518 1853 1546 cf.

1054 1566 1091 1603 7,
1117 1564 1193 1592 526.

1098 1608 1152 1637 37.
1181 1607 1263 1639 date
1285 1606 1366 1644 tela,
1394 1613 1425 1636 ut
1451 1606 1482 1645 4,
1510 1607 1587 1637 594.
1610 1622 1655 1628 -—-
1677 1605 1760 1637 date
1783 1605 1855 1637 tela

1054 1652 1232 1684 ascendite
1284 1658 1324 1683 M.
1371 1653 1437 1682 alii.
1489 1651 1682 1683 Ascendere
1720 1655 1854 1682 verbum

1055 1700 1172 1734 legitur
1198 1708 1229 1728 v.
1254 1699 1320 1728 507
1344 1700 1455 1733 itaque
1479 1701 1549 1733 ng
1574 1706 1639 1727 non
1672 1699 1799 1733 respuit
1822 1703 1855 1727 ιιι

1056 1745 1154 1774 nimis
1183 1746 1337 1780 pedestre
1361 1746 1567 1773 vocabulum.
1590 1759 1635 1763 —
1658 1741 1729 1773 tela
1754 1752 1856 1773 scan-

1059 1787 1131 1819 dite
1149 1791 1206 1818 alii
1226 1792 1384 1824 absorpta
1401 1797 1499 1818 unaa
1518 1790 1623 1827 litera,
1648 1794 1681 1818 ut
1702 1788 1751 1827 10,
1777 1789 1855 1819 251.

1059 1851 1103 1855 -
1130 1832 1200 1864 tela
1230 1833 1422 1864 etscandite
1445 1836 1516 1872 alii,
1559 1839 1590 1863 ut
1622 1836 1732 1871 subc,
1770 1837 1855 1870 quod

1058 1885 1109 1910 est
1132 1878 1314 1909 escemlite.
1365 1880 1412 1909 Cf.
1437 1881 1458 1916 S
1486 1878 1516 1909 8.

1102 1925 1156 1954 38.
1185 1923 1276 1955 Heia
1302 1930 1352 1954 est
1377 1926 1582 1955 exhortantis
1607 1930 1636 1954 et
1659 1925 1857 1961 excitantis;

1058 1972 1107 2000 sic
1142 1978 1215 1999 cum
1244 1972 1439 2006 imperativo
1466 1971 1610 2006 iungitur
1635 1970 1672 2008 4,
1710 1970 1788 2000 569.
1813 1986 1857 1990 —-

1059 2019 1107 2045 De
1132 2018 1278 2045 clamore
1302 2016 1342 2045 cf.
1373 2016 1432 2052 ll,
1464 2016 1542 2045 622.

1103 2062 1158 2090 39.
1184 2060 1337 2090 condunt
1360 2070 1414 2091 se.-
1443 2062 1616 2098 Recipiunt
1629 2062 1713 2091 intra
1734 2068 1857 2098 muros,

1061 2108 1114 2142 qui
1139 2111 1236 2136 extra
1259 2107 1398 2136 fuerant.

1103 2151 1157 2181 40.
1183 2160 1354 2192 namque.-
1391 2152 1595 2189 „excusatio
1629 2151 1857 2185 Troianorum,

1059 2206 1099 2226 ne
1138 2203 1251 2232 portas
1291 2199 1461 2227 clausisse
1497 2198 1611 2226 timore
1648 2195 1857 2226 viderentur“

1060 2246 1092 2271 S.
1129 2243 1170 2271 cf.
1202 2242 1256 2271 44.
1306 2246 1387 2272 Sunt
1419 2244 1513 2272 modo
1543 2243 1735 2272 obedientes
1763 2241 1858 2271 dictis

1058 2289 1277 2323 imperatori&
1300 2303 1342 2308 —
1368 2287 1520 2328 optt'mus
1548 2286 1676 2317 armis.-
1707 2287 1859 2325 „Peritus

1061 2341 1242 2370 armorum,
1284 2335 1351 2362 dux
1384 2334 1556 2370 egregiuS,
1593 2334 1648 2368 qui
1689 2338 1721 2361 et
1752 2332 1859 2361 futura

1061 2378 1244 2414 providet.“
1269 2382 1302 2407 S.
1329 2395 1366 2399 —
1396 2377 1514 2408 Bonus
1539 2386 1613 2407 cum
1631 2378 1777 2407 ablativo
1803 2377 1860 2415 rei,

1062 2431 1126 2458 qua
1152 2425 1226 2458 quis
1255 2425 1362 2453 bonus
1388 2429 1437 2453 est
1466 2429 1497 2453 et
1522 2425 1675 2462 excellit,
1706 2423 1859 2459 iungitur.

1060 2470 1114 2497 Sic
1131 2467 1240 2498 bonus
1258 2467 1375 2498 iaculo
1389 2470 1466 2498 572.
1508 2467 1617 2499 bonus
1630 2467 1760 2499 militia
1781 2471 1860 2498 Tac.

1063 2516 1122 2543 An.
1154 2514 1181 2551 1,
1208 2513 1238 2543 3.
1287 2512 1316 2543 b.
1339 2513 1483 2544 consilio
1503 2516 1583 2544 Sall.
1606 2517 1675 2549 lug.
1700 2515 1730 2543 7.
1755 2517 1797 2543 al.
1817 2528 1859 2534 —-

1061 2557 1184 2588 melior
1207 2557 1324 2589 iaculo
1347 2560 1385 2597 5,
1411 2560 1455 2589 68
1478 2558 1627 2601 pedibus
1646 2559 1685 2595 9,
1709 2558 1776 2588 556
1800 2566 1860 2587 ar-

1061 2602 1126 2633 mis
1155 2604 1212 2641 10,
1254 2605 1320 2634 735
1351 2603 1480 2646 lingua
1515 2605 1574 2643 ll,
1613 2603 1690 2634 338.
1736 2600 1860 2633 melior

1061 2646 1151 2678 bello
1177 2651 1258 2678 Sall.
1287 2652 1355 2685 lug.
1387 2649 1436 2679 13.
1462 2648 1517 2679 49.
1566 2650 1637 2679 Liv.
1662 2649 1699 2686 7,
1723 2648 1755 2677 9.
1802 2647 1858 2686 25,

1063 2693 1114 2723 18.
1161 2703 1290 2735 pugna
1311 2692 1433 2725 melior
1456 2697 1534 2724 Hor.
1562 2697 1621 2730 Ep.
1648 2693 1684 2731 1,
1719 2691 1777 2729 10,
1803 2691 1857 2722 34.

1059 2746 1103 2767 m.
1132 2738 1277 2780 sagittis
1299 2741 1333 2770 C.
1355 2739 1387 2778 3,
1412 2740 1444 2778 6,
1471 2740 1522 2769 16.
1537 2755 1582 2760 —
1598 2736 1750 2778 optimus
1770 2735 1859 2768 bello

1060 2785 1132 2812 Liv.
1157 2784 1220 2823 38,
1250 2784 1302 2814 15.
1351 2783 1503 2826 optimus
1525 2781 1630 2814 hasta
1653 2784 1724 2813 val.
1751 2785 1800 2812 Π.
1828 2783 1857 2821 l,

1105 2873 1159 2902 41.
1190 2871 1347 2904 Fortuna
1364 2872 1517 2913 suisset:
1543 2875 1623 2902 Sunt
1648 2871 1702 2907 qui
1726 2872 1858 2907 praese-

1058 2924 1130 2948 rant
1147 2917 1295 2957 tulisset,
1312 2926 1366 2949 aut
1383 2920 1544 2949 navasset
1560 2915 1656 2953 (ΡΙ.)
1672 2917 1713 2946 cf.
1730 2917 1762 2955 5,
1779 2916 1858 2948 604.
