<?xml version="1.0" encoding="UTF-8"?>
<!DOCTYPE html PUBLIC "-//W3C//DTD XHTML 1.0 Transitional//EN"
    "http://www.w3.org/TR/xhtml1/DTD/xhtml1-transitional.dtd">
<html xmlns="http://www.w3.org/1999/xhtml" xml:lang="en" lang="en">
 <head>
  <title>
</title>
<meta http-equiv="Content-Type" content="text/html;charset=utf-8" />
  <meta name='ocr-system' content='tesseract 3.04.00' />
  <meta name='ocr-capabilities' content='ocr_page ocr_carea ocr_par ocr_line ocrx_word'/>
</head>
<body>
  <div class='ocr_page' id='page_1' title='image "aeneisvi00virguoft_0540.png"; bbox 0 0 2023 3350; ppageno 0'>
   <div class='ocr_carea' id='block_1_1' title="bbox 307 117 387 156">
    <p class='ocr_par' dir='ltr' id='par_1_1' title="bbox 307 117 387 156">
     <span class='ocr_line' id='line_1_1' title="bbox 307 117 387 156; baseline -0.013 0"><span class='ocrx_word' id='word_1_1' title='bbox 307 117 387 156; x_wconf 81' lang='lat'>514</span> 
     </span>
    </p>
   </div>
   <div class='ocr_carea' id='block_1_2' title="bbox 863 115 1368 149">
    <p class='ocr_par' dir='ltr' id='par_1_2' title="bbox 863 115 1368 149">
     <span class='ocr_line' id='line_1_2' title="bbox 863 115 1368 149; baseline 0.006 -3"><span class='ocrx_word' id='word_1_2' title='bbox 863 117 899 146; x_wconf 85' lang='lat' dir='ltr'>P.</span> <span class='ocrx_word' id='word_1_3' title='bbox 929 116 1122 148; x_wconf 77' lang='lat' dir='ltr'>vtRGlth</span> <span class='ocrx_word' id='word_1_4' title='bbox 1152 115 1368 149; x_wconf 75' lang='lat' dir='ltr'>MARONIS</span> 
     </span>
    </p>
   </div>
   <div class='ocr_carea' id='block_1_3' title="bbox 305 227 1430 280">
    <p class='ocr_par' dir='ltr' id='par_1_3' title="bbox 305 227 1430 280">
     <span class='ocr_line' id='line_1_3' title="bbox 305 227 1430 280; baseline 0.002 -11"><span class='ocrx_word' id='word_1_5' title='bbox 305 227 560 271; x_wconf 78' lang='lat' dir='ltr'>Dardanius,</span> <span class='ocrx_word' id='word_1_6' title='bbox 595 227 802 267; x_wconf 78' lang='lat' dir='ltr'>torrentis</span> <span class='ocrx_word' id='word_1_7' title='bbox 839 240 978 280; x_wconf 84' lang='lat' dir='ltr'>aquae</span> <span class='ocrx_word' id='word_1_8' title='bbox 1016 228 1081 268; x_wconf 86' lang='lat' dir='ltr'>vel</span> <span class='ocrx_word' id='word_1_9' title='bbox 1116 229 1302 271; x_wconf 77' lang='lat' dir='ltr'><strong>turbinis</strong></span> <span class='ocrx_word' id='word_1_10' title='bbox 1345 230 1430 270; x_wconf 77' lang='lat' dir='ltr'>atri</span> 
     </span>
    </p>
   </div>
   <div class='ocr_carea' id='block_1_4' title="bbox 305 284 613 326">
    <p class='ocr_par' dir='ltr' id='par_1_4' title="bbox 305 284 613 326">
     <span class='ocr_line' id='line_1_4' title="bbox 305 284 613 326; baseline -0.006 0"><span class='ocrx_word' id='word_1_11' title='bbox 305 285 423 326; x_wconf 83' lang='lat' dir='ltr'>More</span> <span class='ocrx_word' id='word_1_12' title='bbox 459 284 613 324; x_wconf 84' lang='lat' dir='ltr'>furens.</span> 
     </span>
    </p>
   </div>
   <div class='ocr_carea' id='block_1_5' title="bbox 305 284 1692 395">
    <p class='ocr_par' dir='ltr' id='par_1_5' title="bbox 305 284 1692 395">
     <span class='ocr_line' id='line_1_5' title="bbox 672 284 1692 340; baseline 0.005 -17"><span class='ocrx_word' id='word_1_13' title='bbox 672 284 858 324; x_wconf 72' lang='lat' dir='ltr'>&#39;l&#39;andeni</span> <span class='ocrx_word' id='word_1_14' title='bbox 897 289 1140 338; x_wconf 74' lang='lat' dir='ltr'>erumpunt,</span> <span class='ocrx_word' id='word_1_15' title='bbox 1180 291 1223 327; x_wconf 77' lang='lat' dir='ltr'>et</span> <span class='ocrx_word' id='word_1_16' title='bbox 1264 291 1408 328; x_wconf 78' lang='lat' dir='ltr'>castra</span> <span class='ocrx_word' id='word_1_17' title='bbox 1445 286 1692 340; x_wconf 77' lang='lat' dir='ltr'>relinquunt</span> 
     </span>
     <span class='ocr_line' id='line_1_6' title="bbox 305 341 1522 395; baseline 0.001 -12"><span class='ocrx_word' id='word_1_18' title='bbox 305 341 509 383; x_wconf 82' lang='lat' dir='ltr'>Ascanius</span> <span class='ocrx_word' id='word_1_19' title='bbox 549 354 655 393; x_wconf 87' lang='lat' dir='ltr'>puer</span> <span class='ocrx_word' id='word_1_20' title='bbox 690 345 732 382; x_wconf 74' lang='lat' dir='ltr'>et,</span> <span class='ocrx_word' id='word_1_21' title='bbox 772 342 1064 395; x_wconf 77' lang='lat' dir='ltr'>nequidquam</span> <span class='ocrx_word' id='word_1_22' title='bbox 1098 343 1273 385; x_wconf 86' lang='lat' dir='ltr'>obsessa</span> <span class='ocrx_word' id='word_1_23' title='bbox 1311 345 1522 386; x_wconf 79' lang='lat' dir='ltr'>iuventus.</span> 
     </span>
    </p>
   </div>
   <div class='ocr_carea' id='block_1_6' title="bbox 1857 347 1939 386">
    <p class='ocr_par' dir='ltr' id='par_1_6' title="bbox 1857 347 1939 386">
     <span class='ocr_line' id='line_1_7' title="bbox 1857 347 1939 386; baseline 0 0"><span class='ocrx_word' id='word_1_24' title='bbox 1857 347 1939 386; x_wconf 84' lang='grc'>605</span> 
     </span>
    </p>
   </div>
   <div class='ocr_carea' id='block_1_7' title="bbox 305 398 1594 625">
    <p class='ocr_par' dir='ltr' id='par_1_7' title="bbox 305 398 1594 625">
     <span class='ocr_line' id='line_1_8' title="bbox 416 398 1493 455; baseline 0.004 -16"><span class='ocrx_word' id='word_1_25' title='bbox 416 398 619 439; x_wconf 88' lang='lat' dir='ltr'>Iunonem</span> <span class='ocrx_word' id='word_1_26' title='bbox 656 398 822 440; x_wconf 77' lang='lat' dir='ltr'>interea</span> <span class='ocrx_word' id='word_1_27' title='bbox 859 400 1089 453; x_wconf 77' lang='lat' dir='ltr'>compellat</span> <span class='ocrx_word' id='word_1_28' title='bbox 1125 401 1319 455; x_wconf 79' lang='lat' dir='ltr'>Iuppiter</span> <span class='ocrx_word' id='word_1_29' title='bbox 1352 403 1493 443; x_wconf 77' lang='lat' dir='ltr'>ultro:</span> 
     </span>
     <span class='ocr_line' id='line_1_9' title="bbox 307 456 1594 510; baseline 0.003 -14"><span class='ocrx_word' id='word_1_30' title='bbox 307 456 340 496; x_wconf 90' lang='lat' dir='ltr'>O</span> <span class='ocrx_word' id='word_1_31' title='bbox 374 468 575 508; x_wconf 83' lang='lat' dir='ltr'>germana</span> <span class='ocrx_word' id='word_1_32' title='bbox 610 456 714 496; x_wconf 90' lang='lat' dir='ltr'>mihi</span> <span class='ocrx_word' id='word_1_33' title='bbox 749 460 881 509; x_wconf 79' lang='lat' dir='ltr'>atque</span> <span class='ocrx_word' id='word_1_34' title='bbox 920 457 1069 498; x_wconf 88' lang='lat' dir='ltr'>eadem</span> <span class='ocrx_word' id='word_1_35' title='bbox 1108 459 1354 510; x_wconf 80' lang='lat' dir='ltr'>gratissima</span> <span class='ocrx_word' id='word_1_36' title='bbox 1390 460 1594 506; x_wconf 76' lang='lat' dir='ltr'>coniunx,</span> 
     </span>
     <span class='ocr_line' id='line_1_10' title="bbox 307 512 1520 563; baseline 0.005 -11"><span class='ocrx_word' id='word_1_37' title='bbox 307 512 364 553; x_wconf 78' lang='lat' dir='ltr'>Ut</span> <span class='ocrx_word' id='word_1_38' title='bbox 400 513 573 563; x_wconf 90' lang='lat' dir='ltr'>rebare,</span> <span class='ocrx_word' id='word_1_39' title='bbox 608 513 750 555; x_wconf 71' lang='lat' dir='ltr'>Venus</span> <span class='ocrx_word' id='word_1_40' title='bbox 779 528 936 555; x_wconf 85' lang='lat' dir='ltr'>—nee</span> <span class='ocrx_word' id='word_1_41' title='bbox 976 518 1019 556; x_wconf 79' lang='lat' dir='ltr'>te</span> <span class='ocrx_word' id='word_1_42' title='bbox 1059 517 1274 557; x_wconf 76' lang='lat' dir='ltr'>sententia</span> <span class='ocrx_word' id='word_1_43' title='bbox 1316 516 1432 558; x_wconf 79' lang='lat' dir='ltr'>fallit</span> <span class='ocrx_word' id='word_1_44' title='bbox 1466 543 1520 547; x_wconf 97' lang='lat'>—</span> 
     </span>
     <span class='ocr_line' id='line_1_11' title="bbox 305 570 1375 625; baseline 0.004 -15"><span class='ocrx_word' id='word_1_45' title='bbox 305 570 514 611; x_wconf 87' lang='lat' dir='ltr'>Troianas</span> <span class='ocrx_word' id='word_1_46' title='bbox 553 575 766 612; x_wconf 80' lang='lat' dir='ltr'>sustentat</span> <span class='ocrx_word' id='word_1_47' title='bbox 798 585 921 625; x_wconf 80' lang='lat' dir='ltr'>opes3</span> <span class='ocrx_word' id='word_1_48' title='bbox 962 586 1047 613; x_wconf 91' lang='lat' dir='ltr'>non</span> <span class='ocrx_word' id='word_1_49' title='bbox 1087 573 1229 614; x_wconf 82' lang='lat' dir='ltr'>vivida</span> <span class='ocrx_word' id='word_1_50' title='bbox 1264 573 1375 614; x_wconf 93' lang='lat' dir='ltr'>bello</span> 
     </span>
    </p>
   </div>
   <div class='ocr_carea' id='block_1_8' title="bbox 307 627 1549 684">
    <p class='ocr_par' dir='ltr' id='par_1_8' title="bbox 307 627 1549 684">
     <span class='ocr_line' id='line_1_12' title="bbox 307 627 1549 684; baseline 0.004 -17"><span class='ocrx_word' id='word_1_51' title='bbox 307 627 471 668; x_wconf 79' lang='lat' dir='ltr'>Dextra</span> <span class='ocrx_word' id='word_1_52' title='bbox 510 627 610 669; x_wconf 82' lang='lat' dir='ltr'>viris</span> <span class='ocrx_word' id='word_1_53' title='bbox 649 629 903 682; x_wconf 83' lang='lat' dir='ltr'>animusque</span> <span class='ocrx_word' id='word_1_54' title='bbox 939 629 1061 671; x_wconf 82' lang='lat' dir='ltr'>ferox</span> <span class='ocrx_word' id='word_1_55' title='bbox 1100 630 1351 684; x_wconf 83' lang='lat' dir='ltr'>patiensque</span> <span class='ocrx_word' id='word_1_56' title='bbox 1386 631 1549 684; x_wconf 83' lang='lat' dir='ltr'>pericli.</span> 
     </span>
    </p>
   </div>
   <div class='ocr_carea' id='block_1_9' title="bbox 1861 632 1944 671">
    <p class='ocr_par' dir='ltr' id='par_1_9' title="bbox 1861 632 1944 671">
     <span class='ocr_line' id='line_1_13' title="bbox 1861 632 1944 671; baseline 0.012 -1"><span class='ocrx_word' id='word_1_57' title='bbox 1861 632 1944 671; x_wconf 87' lang='grc'>610</span> 
     </span>
    </p>
   </div>
   <div class='ocr_carea' id='block_1_10' title="bbox 308 684 1590 796">
    <p class='ocr_par' dir='ltr' id='par_1_10' title="bbox 308 684 1590 796">
     <span class='ocr_line' id='line_1_14' title="bbox 309 684 1590 741; baseline 0.003 -16"><span class='ocrx_word' id='word_1_58' title='bbox 309 684 386 726; x_wconf 89' lang='lat' dir='ltr'>Cui</span> <span class='ocrx_word' id='word_1_59' title='bbox 425 685 529 725; x_wconf 90' lang='lat' dir='ltr'>Iuno</span> <span class='ocrx_word' id='word_1_60' title='bbox 567 685 794 728; x_wconf 87' lang='lat' dir='ltr'>submissa:</span> <span class='ocrx_word' id='word_1_61' title='bbox 833 686 962 738; x_wconf 81' lang='lat' dir='ltr'>Quid,</span> <span class='ocrx_word' id='word_1_62' title='bbox 1000 701 1023 728; x_wconf 94' lang='lat' dir='ltr'>o</span> <span class='ocrx_word' id='word_1_63' title='bbox 1061 688 1348 741; x_wconf 76' lang='lat' dir='ltr'>pulcherrime</span> <span class='ocrx_word' id='word_1_64' title='bbox 1387 689 1590 736; x_wconf 82' lang='lat' dir='ltr'>coniunx,</span> 
     </span>
     <span class='ocr_line' id='line_1_15' title="bbox 308 742 1539 796; baseline 0.003 -14"><span class='ocrx_word' id='word_1_65' title='bbox 308 742 525 784; x_wconf 80' lang='lat' dir='ltr'>Sollicitas</span> <span class='ocrx_word' id='word_1_66' title='bbox 562 756 735 796; x_wconf 82' lang='lat' dir='ltr'>aegram</span> <span class='ocrx_word' id='word_1_67' title='bbox 773 748 815 785; x_wconf 79' lang='lat' dir='ltr'>et</span> <span class='ocrx_word' id='word_1_68' title='bbox 850 748 926 786; x_wconf 75' lang='lat' dir='ltr'>tua</span> <span class='ocrx_word' id='word_1_69' title='bbox 959 745 1103 786; x_wconf 79' lang='lat' dir='ltr'>tristia</span> <span class='ocrx_word' id='word_1_70' title='bbox 1139 746 1256 786; x_wconf 79' lang='lat' dir='ltr'>dicta</span> <span class='ocrx_word' id='word_1_71' title='bbox 1289 746 1539 787; x_wconf 70' lang='lat' dir='ltr'>timentem?</span> 
     </span>
    </p>
   </div>
   <div class='ocr_carea' id='block_1_11' title="bbox 308 799 1130 855">
    <p class='ocr_par' dir='ltr' id='par_1_11' title="bbox 308 799 1130 855">
     <span class='ocr_line' id='line_1_16' title="bbox 308 799 1130 855; baseline 0.005 -15"><span class='ocrx_word' id='word_1_72' title='bbox 308 799 352 841; x_wconf 84' lang='lat' dir='ltr'>Si</span> <span class='ocrx_word' id='word_1_73' title='bbox 394 800 513 848; x_wconf 88' lang='lat' dir='ltr'>mihi,</span> <span class='ocrx_word' id='word_1_74' title='bbox 558 814 668 853; x_wconf 88' lang='lat' dir='ltr'>quae</span> <span class='ocrx_word' id='word_1_75' title='bbox 706 802 924 855; x_wconf 87' lang='lat' dir='ltr'>quondum</span> <span class='ocrx_word' id='word_1_76' title='bbox 964 802 1130 853; x_wconf 76' lang='lat' dir='ltr'>fuerat,</span> 
     </span>
    </p>
   </div>
   <div class='ocr_carea' id='block_1_12' title="bbox 1173 802 1746 857">
    <p class='ocr_par' dir='ltr' id='par_1_12' title="bbox 1173 802 1746 857">
     <span class='ocr_line' id='line_1_17' title="bbox 1173 802 1746 857; baseline -0.002 -13"><span class='ocrx_word' id='word_1_77' title='bbox 1173 817 1387 857; x_wconf 84' lang='lat' dir='ltr'>quamque</span> <span class='ocrx_word' id='word_1_78' title='bbox 1419 817 1510 845; x_wconf 88' lang='lat' dir='ltr'>esse</span> <span class='ocrx_word' id='word_1_79' title='bbox 1549 802 1746 851; x_wconf 75' lang='lat' dir='ltr'>decebat,</span> 
     </span>
    </p>
   </div>
   <div class='ocr_carea' id='block_1_13' title="bbox 308 857 1637 914">
    <p class='ocr_par' dir='ltr' id='par_1_13' title="bbox 308 857 1637 914">
     <span class='ocr_line' id='line_1_18' title="bbox 308 857 1637 914; baseline 0.003 -17"><span class='ocrx_word' id='word_1_80' title='bbox 308 857 381 897; x_wconf 78' lang='lat' dir='ltr'>Vis</span> <span class='ocrx_word' id='word_1_81' title='bbox 415 858 459 898; x_wconf 88' lang='lat' dir='ltr'>in</span> <span class='ocrx_word' id='word_1_82' title='bbox 498 872 645 899; x_wconf 84' lang='lat' dir='ltr'>amore</span> <span class='ocrx_word' id='word_1_83' title='bbox 680 858 814 909; x_wconf 78' lang='lat' dir='ltr'>foret,</span> <span class='ocrx_word' id='word_1_84' title='bbox 845 873 931 900; x_wconf 87' lang='lat' dir='ltr'>non</span> <span class='ocrx_word' id='word_1_85' title='bbox 965 860 1046 901; x_wconf 85' lang='lat' dir='ltr'>hoc</span> <span class='ocrx_word' id='word_1_86' title='bbox 1085 861 1189 902; x_wconf 86' lang='lat' dir='ltr'>mihi</span> <span class='ocrx_word' id='word_1_87' title='bbox 1232 875 1416 914; x_wconf 85' lang='lat' dir='ltr'>namque</span> <span class='ocrx_word' id='word_1_88' title='bbox 1446 873 1637 914; x_wconf 80' lang='lat' dir='ltr'>negares,</span> 
     </span>
    </p>
   </div>
   <div class='ocr_carea' id='block_1_14' title="bbox 308 914 1521 971">
    <p class='ocr_par' dir='ltr' id='par_1_14' title="bbox 308 914 1521 971">
     <span class='ocr_line' id='line_1_19' title="bbox 308 914 1521 971; baseline 0.004 -16"><span class='ocrx_word' id='word_1_89' title='bbox 308 914 604 969; x_wconf 79' lang='lat' dir='ltr'>Omnipotens,</span> <span class='ocrx_word' id='word_1_90' title='bbox 639 917 743 969; x_wconf 89' lang='lat' dir='ltr'>quin</span> <span class='ocrx_word' id='word_1_91' title='bbox 782 920 824 958; x_wconf 75' lang='lat' dir='ltr'>et</span> <span class='ocrx_word' id='word_1_92' title='bbox 860 932 1029 971; x_wconf 79' lang='lat' dir='ltr'>pugnae</span> <span class='ocrx_word' id='word_1_93' title='bbox 1065 918 1302 960; x_wconf 82' lang='lat' dir='ltr'>subducere</span> <span class='ocrx_word' id='word_1_94' title='bbox 1334 919 1521 959; x_wconf 85' lang='lat' dir='ltr'>Turnum</span> 
     </span>
    </p>
   </div>
   <div class='ocr_carea' id='block_1_15' title="bbox 306 972 1596 1202">
    <p class='ocr_par' dir='ltr' id='par_1_15' title="bbox 306 972 1596 1202">
     <span class='ocr_line' id='line_1_20' title="bbox 306 972 1470 1029; baseline 0.004 -17"><span class='ocrx_word' id='word_1_95' title='bbox 306 972 362 1013; x_wconf 78' lang='lat' dir='ltr'>Et</span> <span class='ocrx_word' id='word_1_96' title='bbox 394 972 545 1014; x_wconf 88' lang='lat' dir='ltr'>Dauno</span> <span class='ocrx_word' id='word_1_97' title='bbox 583 987 753 1027; x_wconf 89' lang='lat' dir='ltr'>possem</span> <span class='ocrx_word' id='word_1_98' title='bbox 794 975 1052 1017; x_wconf 86' lang='lat' dir='ltr'>ineolumem</span> <span class='ocrx_word' id='word_1_99' title='bbox 1091 990 1260 1018; x_wconf 86' lang='lat' dir='ltr'>servare</span> <span class='ocrx_word' id='word_1_100' title='bbox 1289 976 1470 1029; x_wconf 79' lang='lat' dir='ltr'>parenti.</span> 
     </span>
     <span class='ocr_line' id='line_1_21' title="bbox 307 1029 1596 1087; baseline 0.002 -17"><span class='ocrx_word' id='word_1_101' title='bbox 307 1029 428 1071; x_wconf 85' lang='lat' dir='ltr'>Nune</span> <span class='ocrx_word' id='word_1_102' title='bbox 468 1035 636 1083; x_wconf 80' lang='lat' dir='ltr'>pereat,</span> <span class='ocrx_word' id='word_1_103' title='bbox 671 1032 926 1086; x_wconf 80' lang='lat' dir='ltr'>Teucrisque</span> <span class='ocrx_word' id='word_1_104' title='bbox 961 1034 1032 1087; x_wconf 89' lang='lat' dir='ltr'>pio</span> <span class='ocrx_word' id='word_1_105' title='bbox 1069 1033 1141 1075; x_wconf 81' lang='lat' dir='ltr'>det:</span> <span class='ocrx_word' id='word_1_106' title='bbox 1183 1035 1386 1087; x_wconf 75' lang='lat' dir='ltr'>sanguine</span> <span class='ocrx_word' id='word_1_107' title='bbox 1423 1047 1596 1087; x_wconf 88' lang='lat' dir='ltr'>poenas.</span> 
     </span>
     <span class='ocr_line' id='line_1_22' title="bbox 308 1087 1384 1145; baseline 0.004 -17"><span class='ocrx_word' id='word_1_108' title='bbox 308 1087 385 1128; x_wconf 91' lang='lat' dir='ltr'>Ille</span> <span class='ocrx_word' id='word_1_109' title='bbox 425 1092 568 1129; x_wconf 85' lang='lat' dir='ltr'>tamen</span> <span class='ocrx_word' id='word_1_110' title='bbox 605 1094 757 1130; x_wconf 82' lang='lat' dir='ltr'>nostra</span> <span class='ocrx_word' id='word_1_111' title='bbox 792 1090 965 1132; x_wconf 76' lang='lat' dir='ltr'>deducit</span> <span class='ocrx_word' id='word_1_112' title='bbox 1003 1092 1167 1145; x_wconf 81' lang='lat' dir='ltr'>origine</span> <span class='ocrx_word' id='word_1_113' title='bbox 1210 1106 1384 1143; x_wconf 88' lang='lat' dir='ltr'>nomen,</span> 
     </span>
     <span class='ocr_line' id='line_1_23' title="bbox 311 1145 1456 1202; baseline 0.003 -17"><span class='ocrx_word' id='word_1_114' title='bbox 311 1145 613 1201; x_wconf 81' lang='lat' dir='ltr'>Pilumnusque</span> <span class='ocrx_word' id='word_1_115' title='bbox 649 1147 712 1188; x_wconf 89' lang='lat' dir='ltr'>illi</span> <span class='ocrx_word' id='word_1_116' title='bbox 744 1152 923 1201; x_wconf 79' lang='lat' dir='ltr'>quartus</span> <span class='ocrx_word' id='word_1_117' title='bbox 955 1153 1100 1202; x_wconf 61' lang='lat' dir='ltr'>pater,</span> <span class='ocrx_word' id='word_1_118' title='bbox 1139 1154 1181 1191; x_wconf 81' lang='lat' dir='ltr'>et</span> <span class='ocrx_word' id='word_1_119' title='bbox 1222 1155 1299 1191; x_wconf 81' lang='lat' dir='ltr'>tua</span> <span class='ocrx_word' id='word_1_120' title='bbox 1334 1150 1456 1201; x_wconf 74' lang='lat' dir='ltr'>larga</span> 
     </span>
    </p>
   </div>
   <div class='ocr_carea' id='block_1_16' title="bbox 311 1204 1453 1259">
    <p class='ocr_par' dir='ltr' id='par_1_16' title="bbox 311 1204 1453 1259">
     <span class='ocr_line' id='line_1_24' title="bbox 311 1204 1453 1259; baseline 0.004 -17"><span class='ocrx_word' id='word_1_121' title='bbox 311 1204 445 1256; x_wconf 79' lang='lat' dir='ltr'>Saepe</span> <span class='ocrx_word' id='word_1_122' title='bbox 479 1217 609 1244; x_wconf 88' lang='lat' dir='ltr'>manu</span> <span class='ocrx_word' id='word_1_123' title='bbox 642 1204 873 1259; x_wconf 76' lang='lat' dir='ltr'>multisque</span> <span class='ocrx_word' id='word_1_124' title='bbox 911 1208 1105 1248; x_wconf 73' lang='lat' dir='ltr'>oneravit</span> <span class='ocrx_word' id='word_1_125' title='bbox 1135 1208 1285 1249; x_wconf 88' lang='lat' dir='ltr'>limina</span> <span class='ocrx_word' id='word_1_126' title='bbox 1321 1207 1453 1247; x_wconf 88' lang='lat' dir='ltr'>donis.</span> 
     </span>
    </p>
   </div>
   <div class='ocr_carea' id='block_1_17' title="bbox 1862 1203 1946 1242">
    <p class='ocr_par' dir='ltr' id='par_1_17' title="bbox 1862 1203 1946 1242">
     <span class='ocr_line' id='line_1_25' title="bbox 1862 1203 1946 1242; baseline 0 0"><span class='ocrx_word' id='word_1_127' title='bbox 1862 1203 1946 1242; x_wconf 82' lang='lat'>620</span> 
     </span>
    </p>
   </div>
   <div class='ocr_carea' id='block_1_18' title="bbox 311 1260 1424 1320">
    <p class='ocr_par' dir='ltr' id='par_1_18' title="bbox 311 1260 1424 1320">
     <span class='ocr_line' id='line_1_26' title="bbox 311 1260 1424 1320; baseline 0.004 -20"><span class='ocrx_word' id='word_1_128' title='bbox 311 1260 385 1301; x_wconf 76' lang='lat' dir='ltr'>Cui</span> <span class='ocrx_word' id='word_1_129' title='bbox 425 1275 498 1301; x_wconf 81' lang='lat' dir='ltr'>rex</span> <span class='ocrx_word' id='word_1_130' title='bbox 531 1262 712 1304; x_wconf 81' lang='lat' dir='ltr'>aetherii</span> <span class='ocrx_word' id='word_1_131' title='bbox 752 1263 940 1305; x_wconf 76' lang='lat' dir='ltr'>breviter</span> <span class='ocrx_word' id='word_1_132' title='bbox 982 1265 1042 1305; x_wconf 88' lang='lat' dir='ltr'>sic</span> <span class='ocrx_word' id='word_1_133' title='bbox 1079 1265 1194 1307; x_wconf 79' lang='lat' dir='ltr'>fatus</span> <span class='ocrx_word' id='word_1_134' title='bbox 1234 1265 1424 1320; x_wconf 82' lang='lat' dir='ltr'>Olympi:</span> 
     </span>
    </p>
   </div>
   <div class='ocr_carea' id='block_1_19' title="bbox 308 1434 1106 1928">
    <p class='ocr_par' dir='ltr' id='par_1_19' title="bbox 308 1434 1106 1928">
     <span class='ocr_line' id='line_1_27' title="bbox 355 1434 1102 1471; baseline 0.007 -8"><span class='ocrx_word' id='word_1_135' title='bbox 355 1434 431 1465; x_wconf 85' lang='lat'>603.</span> <span class='ocrx_word' id='word_1_136' title='bbox 458 1437 527 1466; x_wconf 81' lang='lat' dir='ltr'>Hac</span> <span class='ocrx_word' id='word_1_137' title='bbox 574 1437 694 1471; x_wconf 68' lang='lat' dir='ltr'>insigni</span> <span class='ocrx_word' id='word_1_138' title='bbox 737 1438 870 1467; x_wconf 80' lang='lat' dir='ltr'>Aeneae</span> <span class='ocrx_word' id='word_1_139' title='bbox 918 1439 1102 1468; x_wconf 85' lang='lat' dir='ltr'>fortitudine</span> 
     </span>
     <span class='ocr_line' id='line_1_28' title="bbox 309 1482 1105 1516; baseline 0.005 -6"><span class='ocrx_word' id='word_1_140' title='bbox 309 1482 461 1516; x_wconf 83' lang='lat' dir='ltr'>efficitur,</span> <span class='ocrx_word' id='word_1_141' title='bbox 493 1487 527 1511; x_wconf 89' lang='lat' dir='ltr'>ut</span> <span class='ocrx_word' id='word_1_142' title='bbox 545 1483 677 1511; x_wconf 87' lang='lat' dir='ltr'>Troiani</span> <span class='ocrx_word' id='word_1_143' title='bbox 697 1492 714 1512; x_wconf 91' lang='lat' dir='ltr'>e</span> <span class='ocrx_word' id='word_1_144' title='bbox 737 1485 856 1512; x_wconf 79' lang='lat' dir='ltr'>castris</span> <span class='ocrx_word' id='word_1_145' title='bbox 880 1486 976 1514; x_wconf 81' lang='lat' dir='ltr'>etiam</span> <span class='ocrx_word' id='word_1_146' title='bbox 998 1494 1105 1514; x_wconf 82' lang='lat' dir='ltr'>eruni-</span> 
     </span>
     <span class='ocr_line' id='line_1_29' title="bbox 310 1529 1104 1565; baseline 0.005 -9"><span class='ocrx_word' id='word_1_147' title='bbox 310 1536 383 1562; x_wconf 79' lang='lat' dir='ltr'>pere</span> <span class='ocrx_word' id='word_1_148' title='bbox 397 1529 545 1557; x_wconf 85' lang='lat' dir='ltr'>audeant.</span> <span class='ocrx_word' id='word_1_149' title='bbox 596 1530 676 1557; x_wconf 76' lang='lat' dir='ltr'>Nam</span> <span class='ocrx_word' id='word_1_150' title='bbox 695 1537 791 1564; x_wconf 87' lang='lat' dir='ltr'>quum</span> <span class='ocrx_word' id='word_1_151' title='bbox 812 1531 946 1559; x_wconf 83' lang='lat' dir='ltr'>Aeneas</span> <span class='ocrx_word' id='word_1_152' title='bbox 964 1536 1104 1565; x_wconf 82' lang='lat' dir='ltr'>proster-</span> 
     </span>
     <span class='ocr_line' id='line_1_30' title="bbox 308 1572 1104 1611; baseline 0.006 -10"><span class='ocrx_word' id='word_1_153' title='bbox 308 1577 396 1602; x_wconf 90' lang='lat' dir='ltr'>neret</span> <span class='ocrx_word' id='word_1_154' title='bbox 444 1576 625 1611; x_wconf 72' lang='lat' dir='ltr'>obstantes,</span> <span class='ocrx_word' id='word_1_155' title='bbox 670 1576 799 1604; x_wconf 83' lang='lat' dir='ltr'>Turnus</span> <span class='ocrx_word' id='word_1_156' title='bbox 838 1572 947 1611; x_wconf 80' lang='lat' dir='ltr'>plures</span> <span class='ocrx_word' id='word_1_157' title='bbox 991 1584 1011 1605; x_wconf 82' lang='lat' dir='ltr'>a</span> <span class='ocrx_word' id='word_1_158' title='bbox 1050 1585 1104 1605; x_wconf 83' lang='lat' dir='ltr'>ca-</span> 
     </span>
     <span class='ocr_line' id='line_1_31' title="bbox 309 1619 1103 1658; baseline 0.006 -11"><span class='ocrx_word' id='word_1_159' title='bbox 309 1620 386 1648; x_wconf 89' lang='lat' dir='ltr'>stris</span> <span class='ocrx_word' id='word_1_160' title='bbox 423 1619 456 1647; x_wconf 90' lang='lat' dir='ltr'>in</span> <span class='ocrx_word' id='word_1_161' title='bbox 492 1620 595 1649; x_wconf 85' lang='lat' dir='ltr'>aciem</span> <span class='ocrx_word' id='word_1_162' title='bbox 628 1625 738 1649; x_wconf 83' lang='lat' dir='ltr'>contra</span> <span class='ocrx_word' id='word_1_163' title='bbox 770 1622 916 1651; x_wconf 79' lang='lat' dir='ltr'>Aeneam</span> <span class='ocrx_word' id='word_1_164' title='bbox 950 1624 1103 1658; x_wconf 79' lang='lat' dir='ltr'>abduxit;</span> 
     </span>
     <span class='ocr_line' id='line_1_32' title="bbox 309 1665 1104 1705; baseline 0.005 -12"><span class='ocrx_word' id='word_1_165' title='bbox 309 1665 354 1694; x_wconf 85' lang='lat' dir='ltr'>ita</span> <span class='ocrx_word' id='word_1_166' title='bbox 376 1666 504 1694; x_wconf 87' lang='lat' dir='ltr'>tandem</span> <span class='ocrx_word' id='word_1_167' title='bbox 526 1666 673 1702; x_wconf 86' lang='lat' dir='ltr'>Troiani,</span> <span class='ocrx_word' id='word_1_168' title='bbox 706 1667 761 1702; x_wconf 87' lang='lat' dir='ltr'>qui</span> <span class='ocrx_word' id='word_1_169' title='bbox 787 1673 877 1696; x_wconf 82' lang='lat' dir='ltr'>erant</span> <span class='ocrx_word' id='word_1_170' title='bbox 912 1669 944 1696; x_wconf 92' lang='lat' dir='ltr'>in</span> <span class='ocrx_word' id='word_1_171' title='bbox 975 1670 1104 1705; x_wconf 87' lang='lat' dir='ltr'>castris,</span> 
     </span>
     <span class='ocr_line' id='line_1_33' title="bbox 308 1712 1105 1749; baseline 0.005 -10"><span class='ocrx_word' id='word_1_172' title='bbox 308 1719 381 1747; x_wconf 89' lang='lat' dir='ltr'>eos,</span> <span class='ocrx_word' id='word_1_173' title='bbox 407 1712 462 1746; x_wconf 89' lang='lat' dir='ltr'>qui</span> <span class='ocrx_word' id='word_1_174' title='bbox 485 1712 689 1749; x_wconf 85' lang='lat' dir='ltr'>obsidebant,</span> <span class='ocrx_word' id='word_1_175' title='bbox 715 1713 862 1741; x_wconf 87' lang='lat' dir='ltr'>vicerunt</span> <span class='ocrx_word' id='word_1_176' title='bbox 887 1718 916 1742; x_wconf 90' lang='lat' dir='ltr'>et</span> <span class='ocrx_word' id='word_1_177' title='bbox 939 1722 1011 1743; x_wconf 83' lang='lat' dir='ltr'>cuni</span> <span class='ocrx_word' id='word_1_178' title='bbox 1037 1715 1105 1742; x_wconf 84' lang='lat' dir='ltr'>Ae—</span> 
     </span>
     <span class='ocr_line' id='line_1_34' title="bbox 310 1758 1105 1795; baseline 0.005 -11"><span class='ocrx_word' id='word_1_179' title='bbox 310 1764 370 1785; x_wconf 85' lang='lat' dir='ltr'>nea</span> <span class='ocrx_word' id='word_1_180' title='bbox 409 1764 445 1785; x_wconf 86' lang='lat' dir='ltr'>se</span> <span class='ocrx_word' id='word_1_181' title='bbox 478 1758 621 1793; x_wconf 84' lang='lat' dir='ltr'>iungunt.</span> <span class='ocrx_word' id='word_1_182' title='bbox 685 1759 829 1787; x_wconf 76' lang='lat' dir='ltr'>Nondum</span> <span class='ocrx_word' id='word_1_183' title='bbox 861 1760 995 1788; x_wconf 81' lang='lat' dir='ltr'>Aeneas</span> <span class='ocrx_word' id='word_1_184' title='bbox 1035 1761 1105 1795; x_wconf 81' lang='lat' dir='ltr'>ipse</span> 
     </span>
     <span class='ocr_line' id='line_1_35' title="bbox 309 1803 1106 1839; baseline 0.004 -9"><span class='ocrx_word' id='word_1_185' title='bbox 309 1804 348 1830; x_wconf 82' lang='lat' dir='ltr'>ad</span> <span class='ocrx_word' id='word_1_186' title='bbox 389 1807 499 1831; x_wconf 84' lang='lat' dir='ltr'>castra</span> <span class='ocrx_word' id='word_1_187' title='bbox 537 1803 700 1839; x_wconf 78' lang='lat' dir='ltr'>pervenit,</span> <span class='ocrx_word' id='word_1_188' title='bbox 750 1808 783 1832; x_wconf 90' lang='lat' dir='ltr'>ut</span> <span class='ocrx_word' id='word_1_189' title='bbox 819 1812 896 1833; x_wconf 87' lang='lat' dir='ltr'>suos</span> <span class='ocrx_word' id='word_1_190' title='bbox 939 1806 1106 1834; x_wconf 84' lang='lat' dir='ltr'>obsidione</span> 
     </span>
     <span class='ocr_line' id='line_1_36' title="bbox 308 1849 1106 1883; baseline 0.006 -8"><span class='ocrx_word' id='word_1_191' title='bbox 308 1849 478 1881; x_wconf 76' lang='lat' dir='ltr'>liberaret:</span> <span class='ocrx_word' id='word_1_192' title='bbox 528 1856 652 1883; x_wconf 84' lang='lat' dir='ltr'>semper</span> <span class='ocrx_word' id='word_1_193' title='bbox 693 1849 779 1878; x_wconf 89' lang='lat' dir='ltr'>enim</span> <span class='ocrx_word' id='word_1_194' title='bbox 814 1851 892 1879; x_wconf 89' lang='lat' dir='ltr'>novi</span> <span class='ocrx_word' id='word_1_195' title='bbox 933 1854 1042 1880; x_wconf 86' lang='lat' dir='ltr'>hostes</span> <span class='ocrx_word' id='word_1_196' title='bbox 1077 1852 1106 1880; x_wconf 89' lang='lat' dir='ltr'>ei</span> 
     </span>
     <span class='ocr_line' id='line_1_37' title="bbox 311 1894 560 1928; baseline 0.004 -7"><span class='ocrx_word' id='word_1_197' title='bbox 311 1894 450 1928; x_wconf 78' lang='lat' dir='ltr'>oppositi</span> <span class='ocrx_word' id='word_1_198' title='bbox 475 1899 560 1922; x_wconf 90' lang='lat' dir='ltr'>sunt.</span> 
     </span>
    </p>
   </div>
   <div class='ocr_carea' id='block_1_20' title="bbox 310 1981 1107 2082">
    <p class='ocr_par' dir='ltr' id='par_1_20' title="bbox 310 1981 1107 2082">
     <span class='ocr_line' id='line_1_38' title="bbox 310 1981 1107 2026; baseline 0.003 -12"><span class='ocrx_word' id='word_1_199' title='bbox 310 1981 500 2014; x_wconf 81' lang='lat'>606—632.</span> <span class='ocrx_word' id='word_1_200' title='bbox 525 1982 682 2024; x_wconf 82' lang='lat' dir='ltr'>Iuppiter</span> <span class='ocrx_word' id='word_1_201' title='bbox 707 1983 833 2015; x_wconf 89' lang='lat' dir='ltr'>Iunoni</span> <span class='ocrx_word' id='word_1_202' title='bbox 858 1984 1041 2026; x_wconf 86' lang='lat' dir='ltr'>permittit,</span> <span class='ocrx_word' id='word_1_203' title='bbox 1068 1988 1107 2016; x_wconf 88' lang='lat' dir='ltr'>ut</span> 
     </span>
     <span class='ocr_line' id='line_1_39' title="bbox 489 2038 934 2082; baseline 0.004 -12"><span class='ocrx_word' id='word_1_204' title='bbox 489 2038 647 2071; x_wconf 86' lang='lat' dir='ltr'>Turnum</span> <span class='ocrx_word' id='word_1_205' title='bbox 673 2040 774 2071; x_wconf 87' lang='lat' dir='ltr'>morti</span> <span class='ocrx_word' id='word_1_206' title='bbox 801 2040 934 2082; x_wconf 81' lang='lat' dir='ltr'>eripiat.</span> 
     </span>
    </p>
   </div>
   <div class='ocr_carea' id='block_1_21' title="bbox 309 2095 1107 2686">
    <p class='ocr_par' dir='ltr' id='par_1_21' title="bbox 309 2095 1107 2686">
     <span class='ocr_line' id='line_1_40' title="bbox 356 2095 1107 2136; baseline 0.008 -12"><span class='ocrx_word' id='word_1_207' title='bbox 356 2095 432 2126; x_wconf 82' lang='lat'>606.</span> <span class='ocrx_word' id='word_1_208' title='bbox 460 2098 602 2132; x_wconf 78' lang='lat' dir='ltr'>Iuppiter</span> <span class='ocrx_word' id='word_1_209' title='bbox 614 2100 779 2135; x_wconf 77' lang='lat' dir='ltr'>Iunonem,</span> <span class='ocrx_word' id='word_1_210' title='bbox 795 2107 879 2135; x_wconf 81' lang='lat' dir='ltr'>quae</span> <span class='ocrx_word' id='word_1_211' title='bbox 892 2102 1050 2136; x_wconf 84' lang='lat' dir='ltr'>proelium</span> <span class='ocrx_word' id='word_1_212' title='bbox 1073 2102 1107 2130; x_wconf 92' lang='lat' dir='ltr'>in</span> 
     </span>
     <span class='ocr_line' id='line_1_41' title="bbox 309 2143 1105 2183; baseline 0.005 -12"><span class='ocrx_word' id='word_1_213' title='bbox 309 2150 371 2177; x_wconf 81' lang='lat' dir='ltr'>quo</span> <span class='ocrx_word' id='word_1_214' title='bbox 396 2143 506 2172; x_wconf 85' lang='lat' dir='ltr'>Latini</span> <span class='ocrx_word' id='word_1_215' title='bbox 541 2144 724 2182; x_wconf 84' lang='lat' dir='ltr'>vincuntur,</span> <span class='ocrx_word' id='word_1_216' title='bbox 762 2146 865 2174; x_wconf 88' lang='lat' dir='ltr'>tristis</span> <span class='ocrx_word' id='word_1_217' title='bbox 913 2151 1105 2183; x_wconf 83' lang='lat' dir='ltr'>prospectat,</span> 
     </span>
     <span class='ocr_line' id='line_1_42' title="bbox 311 2189 1105 2227; baseline 0.006 -10"><span class='ocrx_word' id='word_1_218' title='bbox 311 2189 423 2217; x_wconf 86' lang='lat' dir='ltr'>verbis</span> <span class='ocrx_word' id='word_1_219' title='bbox 447 2191 608 2219; x_wconf 86' lang='lat' dir='ltr'>lacessere</span> <span class='ocrx_word' id='word_1_220' title='bbox 628 2192 750 2227; x_wconf 82' lang='lat' dir='ltr'>studet,</span> <span class='ocrx_word' id='word_1_221' title='bbox 785 2192 879 2226; x_wconf 82' lang='lat' dir='ltr'>quasi</span> <span class='ocrx_word' id='word_1_222' title='bbox 919 2194 1025 2222; x_wconf 91' lang='lat' dir='ltr'>omnis</span> <span class='ocrx_word' id='word_1_223' title='bbox 1065 2201 1105 2222; x_wconf 83' lang='lat' dir='ltr'>ea</span> 
     </span>
     <span class='ocr_line' id='line_1_43' title="bbox 311 2235 1104 2274; baseline 0.009 -13"><span class='ocrx_word' id='word_1_224' title='bbox 311 2235 503 2264; x_wconf 83' lang='lat' dir='ltr'>Teucrorum</span> <span class='ocrx_word' id='word_1_225' title='bbox 519 2236 656 2265; x_wconf 85' lang='lat' dir='ltr'>victoria</span> <span class='ocrx_word' id='word_1_226' title='bbox 669 2237 807 2266; x_wconf 89' lang='lat' dir='ltr'>Veneris</span> <span class='ocrx_word' id='word_1_227' title='bbox 824 2238 866 2266; x_wconf 84' lang='lat' dir='ltr'>sit</span> <span class='ocrx_word' id='word_1_228' title='bbox 891 2246 981 2274; x_wconf 71' lang='lat' dir='ltr'>opus.</span> <span class='ocrx_word' id='word_1_229' title='bbox 1006 2247 1104 2274; x_wconf 87' lang='lat' dir='ltr'>quum</span> 
     </span>
     <span class='ocr_line' id='line_1_44' title="bbox 311 2280 1104 2315; baseline 0.008 -7"><span class='ocrx_word' id='word_1_230' title='bbox 311 2280 384 2315; x_wconf 82' lang='lat' dir='ltr'>ipsa</span> <span class='ocrx_word' id='word_1_231' title='bbox 416 2282 495 2310; x_wconf 88' lang='lat' dir='ltr'>Iuno</span> <span class='ocrx_word' id='word_1_232' title='bbox 520 2282 655 2310; x_wconf 87' lang='lat' dir='ltr'>Aeneae</span> <span class='ocrx_word' id='word_1_233' title='bbox 677 2283 796 2311; x_wconf 87' lang='lat' dir='ltr'>virtute</span> <span class='ocrx_word' id='word_1_234' title='bbox 827 2291 866 2312; x_wconf 86' lang='lat' dir='ltr'>ea</span> <span class='ocrx_word' id='word_1_235' title='bbox 896 2285 1005 2314; x_wconf 84' lang='lat' dir='ltr'>effecta</span> <span class='ocrx_word' id='word_1_236' title='bbox 1031 2293 1104 2314; x_wconf 86' lang='lat' dir='ltr'>esse</span> 
     </span>
     <span class='ocr_line' id='line_1_45' title="bbox 310 2327 1104 2369; baseline 0.008 -15"><span class='ocrx_word' id='word_1_237' title='bbox 310 2334 372 2354; x_wconf 88' lang='lat' dir='ltr'>non</span> <span class='ocrx_word' id='word_1_238' title='bbox 408 2327 480 2356; x_wconf 81' lang='lat' dir='ltr'>sine</span> <span class='ocrx_word' id='word_1_239' title='bbox 514 2328 621 2356; x_wconf 88' lang='lat' dir='ltr'>dolore</span> <span class='ocrx_word' id='word_1_240' title='bbox 656 2328 829 2365; x_wconf 86' lang='lat' dir='ltr'>intelligat.</span> <span class='ocrx_word' id='word_1_241' title='bbox 876 2331 954 2359; x_wconf 89' lang='lat' dir='ltr'>Iuno</span> <span class='ocrx_word' id='word_1_242' title='bbox 987 2334 1104 2369; x_wconf 83' lang='lat' dir='ltr'>autem,</span> 
     </span>
     <span class='ocr_line' id='line_1_46' title="bbox 310 2372 1104 2415; baseline 0.008 -15"><span class='ocrx_word' id='word_1_243' title='bbox 310 2372 464 2401; x_wconf 82' lang='lat' dir='ltr'>maiorem</span> <span class='ocrx_word' id='word_1_244' title='bbox 499 2373 562 2402; x_wconf 89' lang='lat' dir='ltr'>sibi</span> <span class='ocrx_word' id='word_1_245' title='bbox 595 2376 710 2403; x_wconf 84' lang='lat' dir='ltr'>obesse</span> <span class='ocrx_word' id='word_1_246' title='bbox 740 2376 914 2409; x_wconf 78' lang='lat' dir='ltr'>potentiam</span> <span class='ocrx_word' id='word_1_247' title='bbox 951 2377 1104 2415; x_wconf 86' lang='lat' dir='ltr'>sentiens,</span> 
     </span>
     <span class='ocr_line' id='line_1_47' title="bbox 310 2419 1104 2457; baseline 0.009 -12"><span class='ocrx_word' id='word_1_248' title='bbox 310 2425 372 2446; x_wconf 90' lang='lat' dir='ltr'>non</span> <span class='ocrx_word' id='word_1_249' title='bbox 396 2419 491 2447; x_wconf 83' lang='lat' dir='ltr'>audet</span> <span class='ocrx_word' id='word_1_250' title='bbox 515 2419 596 2448; x_wconf 83' lang='lat' dir='ltr'>iram</span> <span class='ocrx_word' id='word_1_251' title='bbox 628 2427 722 2449; x_wconf 84' lang='lat' dir='ltr'>suam</span> <span class='ocrx_word' id='word_1_252' title='bbox 748 2423 894 2455; x_wconf 76' lang='lat' dir='ltr'>prodere,</span> <span class='ocrx_word' id='word_1_253' title='bbox 932 2424 987 2451; x_wconf 91' lang='lat' dir='ltr'>sed</span> <span class='ocrx_word' id='word_1_254' title='bbox 1025 2430 1104 2457; x_wconf 75' lang='lat' dir='ltr'>sup-</span> 
     </span>
     <span class='ocr_line' id='line_1_48' title="bbox 314 2463 1104 2503; baseline 0.006 -11"><span class='ocrx_word' id='word_1_255' title='bbox 314 2463 392 2498; x_wconf 83' lang='lat' dir='ltr'>plici</span> <span class='ocrx_word' id='word_1_256' title='bbox 416 2471 496 2493; x_wconf 83' lang='lat' dir='ltr'>voce</span> <span class='ocrx_word' id='word_1_257' title='bbox 521 2470 550 2493; x_wconf 89' lang='lat' dir='ltr'>et</span> <span class='ocrx_word' id='word_1_258' title='bbox 577 2466 806 2495; x_wconf 82' lang='lat' dir='ltr'>blandimentis</span> <span class='ocrx_word' id='word_1_259' title='bbox 834 2468 986 2497; x_wconf 82' lang='lat' dir='ltr'>maritum</span> <span class='ocrx_word' id='word_1_260' title='bbox 1013 2473 1104 2503; x_wconf 82' lang='lat' dir='ltr'>putat</span> 
     </span>
     <span class='ocr_line' id='line_1_49' title="bbox 312 2508 1104 2545; baseline 0.008 -8"><span class='ocrx_word' id='word_1_261' title='bbox 312 2517 407 2543; x_wconf 81' lang='lat' dir='ltr'>posse</span> <span class='ocrx_word' id='word_1_262' title='bbox 420 2511 554 2539; x_wconf 88' lang='lat' dir='ltr'>moveri.</span> <span class='ocrx_word' id='word_1_263' title='bbox 583 2508 633 2539; x_wconf 88' lang='lat' dir='ltr'>Pl.</span> <span class='ocrx_word' id='word_1_264' title='bbox 643 2511 696 2545; x_wconf 81' lang='lat' dir='ltr'>qui</span> <span class='ocrx_word' id='word_1_265' title='bbox 709 2513 792 2540; x_wconf 83' lang='lat' dir='ltr'>hanc</span> <span class='ocrx_word' id='word_1_266' title='bbox 806 2513 944 2542; x_wconf 85' lang='lat' dir='ltr'>ironiam</span> <span class='ocrx_word' id='word_1_267' title='bbox 956 2522 1018 2543; x_wconf 90' lang='lat' dir='ltr'>non</span> <span class='ocrx_word' id='word_1_268' title='bbox 1029 2522 1104 2543; x_wconf 91' lang='lat' dir='ltr'>sen-</span> 
     </span>
     <span class='ocr_line' id='line_1_50' title="bbox 310 2552 1106 2595; baseline 0.009 -13"><span class='ocrx_word' id='word_1_269' title='bbox 310 2555 358 2591; x_wconf 82' lang='lat' dir='ltr'>tit,</span> <span class='ocrx_word' id='word_1_270' title='bbox 382 2556 510 2584; x_wconf 81' lang='lat' dir='ltr'>scribit:</span> <span class='ocrx_word' id='word_1_271' title='bbox 540 2552 617 2585; x_wconf 80' lang='lat' dir='ltr'>Non</span> <span class='ocrx_word' id='word_1_272' title='bbox 646 2559 683 2585; x_wconf 81' lang='lat' dir='ltr'>nt</span> <span class='ocrx_word' id='word_1_273' title='bbox 709 2565 793 2592; x_wconf 89' lang='lat' dir='ltr'>rere,</span> <span class='ocrx_word' id='word_1_274' title='bbox 825 2556 939 2587; x_wconf 70' lang='lat' dir='ltr'>Venus</span> <span class='ocrx_word' id='word_1_275' title='bbox 959 2560 1042 2595; x_wconf 81' lang='lat' dir='ltr'>(tua</span> <span class='ocrx_word' id='word_1_276' title='bbox 1073 2562 1106 2589; x_wconf 77' lang='lat' dir='ltr'>te</span> 
     </span>
     <span class='ocr_line' id='line_1_51' title="bbox 311 2598 1105 2643; baseline 0.008 -14"><span class='ocrx_word' id='word_1_277' title='bbox 311 2607 336 2629; x_wconf 71' lang='grc' dir='ltr'>ι.</span> <span class='ocrx_word' id='word_1_278' title='bbox 355 2598 408 2638; x_wconf 83' lang='lat' dir='ltr'>f.)</span> <span class='ocrx_word' id='word_1_279' title='bbox 432 2598 468 2630; x_wconf 81' lang='lat' dir='ltr'>T.</span> <span class='ocrx_word' id='word_1_280' title='bbox 498 2609 524 2629; x_wconf 84' lang='lat' dir='ltr'>s.</span> <span class='ocrx_word' id='word_1_281' title='bbox 551 2609 601 2630; x_wconf 79' lang='grc' dir='ltr'><strong>ο..·</strong></span> <span class='ocrx_word' id='word_1_282' title='bbox 626 2600 686 2631; x_wconf 68' lang='lat' dir='ltr'>sed</span> <span class='ocrx_word' id='word_1_283' title='bbox 711 2611 741 2631; x_wconf 86' lang='lat' dir='ltr'>v.</span> <span class='ocrx_word' id='word_1_284' title='bbox 768 2600 796 2631; x_wconf 80' lang='lat' dir='ltr'>b.</span> <span class='ocrx_word' id='word_1_285' title='bbox 827 2600 880 2633; x_wconf 85' lang='lat' dir='ltr'>Gt.</span> <span class='ocrx_word' id='word_1_286' title='bbox 906 2606 988 2634; x_wconf 88' lang='lat' dir='ltr'>coni.</span> <span class='ocrx_word' id='word_1_287' title='bbox 1019 2603 1105 2643; x_wconf 78' lang='lat' dir='ltr'>Non,</span> 
     </span>
     <span class='ocr_line' id='line_1_52' title="bbox 310 2644 852 2686; baseline 0.007 -13"><span class='ocrx_word' id='word_1_288' title='bbox 310 2653 484 2686; x_wconf 82' lang='lat' dir='ltr'>germana</span> <span class='ocrx_word' id='word_1_289' title='bbox 499 2668 507 2675; x_wconf 98' lang='lat'>.</span> <span class='ocrx_word' id='word_1_290' title='bbox 522 2669 529 2675; x_wconf 95' lang='lat'>.</span> <span class='ocrx_word' id='word_1_291' title='bbox 543 2669 550 2676; x_wconf 97' lang='lat'>.</span> <span class='ocrx_word' id='word_1_292' title='bbox 569 2644 674 2684; x_wconf 76' lang='lat' dir='ltr'>(haec</span> <span class='ocrx_word' id='word_1_293' title='bbox 699 2650 732 2677; x_wconf 78' lang='lat' dir='ltr'>te</span> <span class='ocrx_word' id='word_1_294' title='bbox 755 2658 779 2677; x_wconf 66' lang='lat' dir='ltr'>s.</span> <span class='ocrx_word' id='word_1_295' title='bbox 802 2647 852 2686; x_wconf 79' lang='lat' dir='ltr'>f.)</span> 
     </span>
    </p>
   </div>
   <div class='ocr_carea' id='block_1_22' title="bbox 355 2699 940 2848">
    <p class='ocr_par' dir='ltr' id='par_1_22' title="bbox 355 2699 940 2848">
     <span class='ocr_line' id='line_1_53' title="bbox 355 2699 802 2736; baseline 0.009 -7"><span class='ocrx_word' id='word_1_296' title='bbox 355 2699 431 2731; x_wconf 80' lang='lat'>609.</span> <span class='ocrx_word' id='word_1_297' title='bbox 462 2700 584 2732; x_wconf 81' lang='lat' dir='ltr'>vivida</span> <span class='ocrx_word' id='word_1_298' title='bbox 609 2709 641 2733; x_wconf 91' lang='lat' dir='ltr'>ut</span> <span class='ocrx_word' id='word_1_299' title='bbox 664 2704 695 2736; x_wconf 85' lang='grc'>5,</span> <span class='ocrx_word' id='word_1_300' title='bbox 720 2702 802 2733; x_wconf 81' lang='grc'><strong>754.</strong></span> 
     </span>
     <span class='ocr_line' id='line_1_54' title="bbox 355 2756 940 2800; baseline 0.007 -13"><span class='ocrx_word' id='word_1_301' title='bbox 355 2756 429 2789; x_wconf 83' lang='grc'><strong>610.</strong></span> <span class='ocrx_word' id='word_1_302' title='bbox 459 2768 524 2800; x_wconf 82' lang='lat' dir='ltr'>que</span> <span class='ocrx_word' id='word_1_303' title='bbox 548 2769 604 2795; x_wconf 81' lang='lat' dir='ltr'>pro</span> <span class='ocrx_word' id='word_1_304' title='bbox 630 2769 691 2790; x_wconf 84' lang='lat' dir='ltr'>nec</span> <span class='ocrx_word' id='word_1_305' title='bbox 715 2762 754 2791; x_wconf 85' lang='lat' dir='ltr'>cf.</span> <span class='ocrx_word' id='word_1_306' title='bbox 786 2759 837 2800; x_wconf 75' lang='lat'>12,</span> <span class='ocrx_word' id='word_1_307' title='bbox 863 2760 940 2791; x_wconf 86' lang='grc'><strong>801.</strong></span> 
     </span>
     <span class='ocr_line' id='line_1_55' title="bbox 357 2812 895 2848; baseline 0.009 -5"><span class='ocrx_word' id='word_1_308' title='bbox 357 2813 433 2845; x_wconf 87' lang='grc'><strong>611.</strong></span> <span class='ocrx_word' id='word_1_309' title='bbox 463 2812 701 2847; x_wconf 74' lang='lat' dir='ltr'>pulcherrime</span> <span class='ocrx_word' id='word_1_310' title='bbox 723 2819 895 2848; x_wconf 83' lang='lat' dir='ltr'>blanditur.</span> 
     </span>
    </p>
   </div>
   <div class='ocr_carea' id='block_1_23' title="bbox 309 2869 1105 2998">
    <p class='ocr_par' dir='ltr' id='par_1_23' title="bbox 309 2869 1105 2998">
     <span class='ocr_line' id='line_1_56' title="bbox 355 2869 1105 2916; baseline 0.009 -17"><span class='ocrx_word' id='word_1_311' title='bbox 355 2869 432 2900; x_wconf 78' lang='lat'>612.</span> <span class='ocrx_word' id='word_1_312' title='bbox 457 2870 577 2902; x_wconf 76' lang='lat' dir='ltr'>tristia</span> <span class='ocrx_word' id='word_1_313' title='bbox 609 2871 704 2904; x_wconf 83' lang='lat' dir='ltr'>dicta</span> <span class='ocrx_word' id='word_1_314' title='bbox 731 2872 906 2905; x_wconf 81' lang='lat' dir='ltr'>timentem</span> <span class='ocrx_word' id='word_1_315' title='bbox 929 2877 1046 2916; x_wconf 75' lang='lat' dir='ltr'>PRybc</span> <span class='ocrx_word' id='word_1_316' title='bbox 1071 2882 1105 2906; x_wconf 87' lang='lat' dir='ltr'>ut</span> 
     </span>
     <span class='ocr_line' id='line_1_57' title="bbox 310 2915 1103 2958; baseline 0.01 -14"><span class='ocrx_word' id='word_1_317' title='bbox 310 2915 374 2944; x_wconf 75' lang='lat'>104</span> <span class='ocrx_word' id='word_1_318' title='bbox 406 2917 603 2953; x_wconf 71' lang='lat' dir='ltr'>pertinetque</span> <span class='ocrx_word' id='word_1_319' title='bbox 627 2922 819 2949; x_wconf 85' lang='lat' dir='ltr'>vocabulum</span> <span class='ocrx_word' id='word_1_320' title='bbox 850 2923 891 2950; x_wconf 84' lang='lat' dir='ltr'>ad</span> <span class='ocrx_word' id='word_1_321' title='bbox 923 2930 981 2958; x_wconf 82' lang='lat' dir='ltr'>ea,</span> <span class='ocrx_word' id='word_1_322' title='bbox 1020 2931 1103 2957; x_wconf 84' lang='lat' dir='ltr'>quae</span> 
     </span>
     <span class='ocr_line' id='line_1_58' title="bbox 309 2963 1103 2998; baseline 0.01 -9"><span class='ocrx_word' id='word_1_323' title='bbox 309 2963 399 2990; x_wconf 87' lang='lat' dir='ltr'>modo</span> <span class='ocrx_word' id='word_1_324' title='bbox 438 2964 521 2992; x_wconf 83' lang='lat' dir='ltr'>dicta</span> <span class='ocrx_word' id='word_1_325' title='bbox 562 2970 635 2993; x_wconf 81' lang='lat' dir='ltr'>sunt</span> <span class='ocrx_word' id='word_1_326' title='bbox 678 2974 695 2995; x_wconf 80' lang='lat' dir='ltr'>a</span> <span class='ocrx_word' id='word_1_327' title='bbox 739 2968 826 2995; x_wconf 86' lang='lat' dir='ltr'>Iove.</span> <span class='ocrx_word' id='word_1_328' title='bbox 890 2969 936 2995; x_wconf 79' lang='lat' dir='ltr'>Ne</span> <span class='ocrx_word' id='word_1_329' title='bbox 977 2968 1103 2998; x_wconf 84' lang='lat' dir='ltr'>hiscere</span> 
     </span>
    </p>
   </div>
   <div class='ocr_carea' id='block_1_24' title="bbox 1152 1432 1946 1515">
    <p class='ocr_par' dir='ltr' id='par_1_24' title="bbox 1152 1432 1946 1515">
     <span class='ocr_line' id='line_1_59' title="bbox 1152 1432 1946 1478; baseline -0.009 -7"><span class='ocrx_word' id='word_1_330' title='bbox 1152 1439 1270 1471; x_wconf 74' lang='lat' dir='ltr'>tristia</span> <span class='ocrx_word' id='word_1_331' title='bbox 1296 1439 1392 1470; x_wconf 66' lang='lat' dir='ltr'>iussa</span> <span class='ocrx_word' id='word_1_332' title='bbox 1418 1442 1461 1469; x_wconf 84' lang='grc' dir='ltr'>Μ.</span> <span class='ocrx_word' id='word_1_333' title='bbox 1491 1444 1525 1469; x_wconf 87' lang='lat' dir='ltr'>ut</span> <span class='ocrx_word' id='word_1_334' title='bbox 1549 1437 1579 1476; x_wconf 81' lang='lat'>9,</span> <span class='ocrx_word' id='word_1_335' title='bbox 1605 1437 1671 1468; x_wconf 76' lang='lat'>804</span> <span class='ocrx_word' id='word_1_336' title='bbox 1689 1446 1752 1467; x_wconf 86' lang='lat' dir='ltr'>rec.</span> <span class='ocrx_word' id='word_1_337' title='bbox 1772 1434 1856 1478; x_wconf 84' lang='lat' dir='ltr'>Wg.</span> <span class='ocrx_word' id='word_1_338' title='bbox 1884 1432 1946 1465; x_wconf 81' lang='lat' dir='ltr'>Ld.</span> 
     </span>
     <span class='ocr_line' id='line_1_60' title="bbox 1157 1485 1219 1515; baseline 0 0"><span class='ocrx_word' id='word_1_339' title='bbox 1157 1485 1219 1515; x_wconf 78' lang='lat' dir='ltr'>Rb.</span> 
     </span>
    </p>
   </div>
   <div class='ocr_carea' id='block_1_25' title="bbox 1148 1540 1950 2314">
    <p class='ocr_par' dir='ltr' id='par_1_25' title="bbox 1149 1540 1950 1937">
     <span class='ocr_line' id='line_1_61' title="bbox 1198 1540 1947 1578; baseline -0.004 -8"><span class='ocrx_word' id='word_1_340' title='bbox 1198 1543 1273 1571; x_wconf 79' lang='lat'>613.</span> <span class='ocrx_word' id='word_1_341' title='bbox 1302 1545 1388 1578; x_wconf 83' lang='lat' dir='ltr'>Quod</span> <span class='ocrx_word' id='word_1_342' title='bbox 1411 1543 1547 1572; x_wconf 85' lang='lat' dir='ltr'>maritus</span> <span class='ocrx_word' id='word_1_343' title='bbox 1573 1551 1636 1570; x_wconf 87' lang='lat' dir='ltr'>non</span> <span class='ocrx_word' id='word_1_344' title='bbox 1660 1541 1748 1577; x_wconf 83' lang='lat' dir='ltr'>facit,</span> <span class='ocrx_word' id='word_1_345' title='bbox 1773 1548 1856 1575; x_wconf 81' lang='lat' dir='ltr'>quae</span> <span class='ocrx_word' id='word_1_346' title='bbox 1872 1540 1947 1575; x_wconf 81' lang='lat' dir='ltr'>ipsa</span> 
     </span>
     <span class='ocr_line' id='line_1_62' title="bbox 1151 1587 1946 1625; baseline -0.005 -7"><span class='ocrx_word' id='word_1_347' title='bbox 1151 1591 1231 1625; x_wconf 80' lang='lat' dir='ltr'>vult,</span> <span class='ocrx_word' id='word_1_348' title='bbox 1268 1596 1422 1618; x_wconf 79' lang='lat' dir='ltr'>caussam</span> <span class='ocrx_word' id='word_1_349' title='bbox 1447 1589 1539 1624; x_wconf 83' lang='lat' dir='ltr'>ponit</span> <span class='ocrx_word' id='word_1_350' title='bbox 1561 1589 1595 1616; x_wconf 89' lang='lat' dir='ltr'>in</span> <span class='ocrx_word' id='word_1_351' title='bbox 1615 1595 1725 1617; x_wconf 84' lang='lat' dir='ltr'>amore</span> <span class='ocrx_word' id='word_1_352' title='bbox 1748 1587 1857 1616; x_wconf 87' lang='lat' dir='ltr'>minus</span> <span class='ocrx_word' id='word_1_353' title='bbox 1884 1592 1946 1614; x_wconf 86' lang='lat' dir='ltr'>va—</span> 
     </span>
     <span class='ocr_line' id='line_1_63' title="bbox 1150 1633 1947 1668; baseline -0.005 -5"><span class='ocrx_word' id='word_1_354' title='bbox 1150 1636 1230 1668; x_wconf 86' lang='lat' dir='ltr'>lido,</span> <span class='ocrx_word' id='word_1_355' title='bbox 1262 1643 1348 1663; x_wconf 91' lang='lat' dir='ltr'>more</span> <span class='ocrx_word' id='word_1_356' title='bbox 1375 1635 1577 1663; x_wconf 83' lang='lat' dir='ltr'>feminarum.</span> <span class='ocrx_word' id='word_1_357' title='bbox 1606 1649 1643 1653; x_wconf 91' lang='lat'>—</span> <span class='ocrx_word' id='word_1_358' title='bbox 1671 1633 1802 1668; x_wconf 77' lang='lat' dir='ltr'>fuerat.</span> <span class='ocrx_word' id='word_1_359' title='bbox 1850 1633 1947 1660; x_wconf 91' lang='lat' dir='ltr'>Plus-</span> 
     </span>
     <span class='ocr_line' id='line_1_64' title="bbox 1149 1675 1947 1716; baseline -0.005 -7"><span class='ocrx_word' id='word_1_360' title='bbox 1149 1681 1420 1715; x_wconf 78' lang='lat' dir='ltr'>quamperfectum</span> <span class='ocrx_word' id='word_1_361' title='bbox 1453 1685 1486 1709; x_wconf 87' lang='lat' dir='ltr'>ut</span> <span class='ocrx_word' id='word_1_362' title='bbox 1511 1680 1578 1709; x_wconf 88' lang='lat' dir='ltr'>Cic.</span> <span class='ocrx_word' id='word_1_363' title='bbox 1603 1680 1691 1708; x_wconf 82' lang='lat' dir='ltr'>Brut.</span> <span class='ocrx_word' id='word_1_364' title='bbox 1717 1675 1736 1705; x_wconf 79' lang='lat'><strong><em>2</em></strong></span> <span class='ocrx_word' id='word_1_365' title='bbox 1775 1675 1947 1716; x_wconf 80' lang='lat' dir='ltr'>Equidem</span> 
     </span>
     <span class='ocr_line' id='line_1_65' title="bbox 1149 1721 1950 1766; baseline -0.006 -11"><span class='ocrx_word' id='word_1_366' title='bbox 1149 1734 1266 1766; x_wconf 73' lang='lat' dir='ltr'>angor</span> <span class='ocrx_word' id='word_1_367' title='bbox 1288 1724 1423 1763; x_wconf 83' lang='lat' dir='ltr'>animo,</span> <span class='ocrx_word' id='word_1_368' title='bbox 1456 1735 1524 1754; x_wconf 80' lang='grc' dir='ltr'>ποη</span> <span class='ocrx_word' id='word_1_369' title='bbox 1550 1722 1689 1765; x_wconf 78' lang='lat' dir='ltr'>ingenii</span> <span class='ocrx_word' id='word_1_370' title='bbox 1711 1721 1820 1752; x_wconf 76' lang='lat' dir='ltr'>armis</span> <span class='ocrx_word' id='word_1_371' title='bbox 1846 1730 1950 1763; x_wconf 82' lang='lat' dir='ltr'>egere</span> 
     </span>
     <span class='ocr_line' id='line_1_66' title="bbox 1149 1768 1948 1811; baseline -0.005 -11"><span class='ocrx_word' id='word_1_372' title='bbox 1149 1769 1413 1810; x_wconf 79' lang='lat' dir='ltr'>rempublicam,</span> <span class='ocrx_word' id='word_1_373' title='bbox 1446 1779 1536 1811; x_wconf 80' lang='lat' dir='ltr'>quae</span> <span class='ocrx_word' id='word_1_374' title='bbox 1563 1768 1756 1799; x_wconf 79' lang='lat' dir='ltr'>didiceram</span> <span class='ocrx_word' id='word_1_375' title='bbox 1781 1771 1948 1802; x_wconf 80' lang='lat' dir='ltr'>tractare,</span> 
     </span>
     <span class='ocr_line' id='line_1_67' title="bbox 1151 1815 1949 1857; baseline -0.005 -11"><span class='ocrx_word' id='word_1_376' title='bbox 1151 1815 1342 1857; x_wconf 80' lang='lat' dir='ltr'>quibusque</span> <span class='ocrx_word' id='word_1_377' title='bbox 1379 1824 1431 1845; x_wconf 84' lang='lat' dir='ltr'>me</span> <span class='ocrx_word' id='word_1_378' title='bbox 1475 1815 1748 1854; x_wconf 78' lang='lat' dir='ltr'>assuefeceram,</span> <span class='ocrx_word' id='word_1_379' title='bbox 1790 1821 1949 1855; x_wconf 83' lang='lat' dir='ltr'>quaeque</span> 
     </span>
     <span class='ocr_line' id='line_1_68' title="bbox 1150 1857 1949 1902; baseline -0.004 -11"><span class='ocrx_word' id='word_1_380' title='bbox 1150 1865 1250 1891; x_wconf 80' lang='lat' dir='ltr'>erant</span> <span class='ocrx_word' id='word_1_381' title='bbox 1279 1859 1425 1902; x_wconf 79' lang='lat' dir='ltr'>propria</span> <span class='ocrx_word' id='word_1_382' title='bbox 1453 1859 1672 1901; x_wconf 81' lang='lat' dir='ltr'>praestantis</span> <span class='ocrx_word' id='word_1_383' title='bbox 1703 1858 1738 1889; x_wconf 83' lang='lat' dir='ltr'>in</span> <span class='ocrx_word' id='word_1_384' title='bbox 1769 1857 1949 1900; x_wconf 83' lang='lat' dir='ltr'>republica</span> 
     </span>
     <span class='ocr_line' id='line_1_69' title="bbox 1151 1906 1230 1937; baseline -0.013 0"><span class='ocrx_word' id='word_1_385' title='bbox 1151 1906 1230 1937; x_wconf 83' lang='lat' dir='ltr'>viri.</span> 
     </span>
    </p>

    <p class='ocr_par' dir='ltr' id='par_1_26' title="bbox 1148 1962 1950 2314">
     <span class='ocr_line' id='line_1_70' title="bbox 1199 1962 1949 2001; baseline -0.005 -8"><span class='ocrx_word' id='word_1_386' title='bbox 1199 1962 1274 1993; x_wconf 80' lang='lat'>614.</span> <span class='ocrx_word' id='word_1_387' title='bbox 1301 1964 1459 2000; x_wconf 81' lang='lat' dir='ltr'>Vulgaris</span> <span class='ocrx_word' id='word_1_388' title='bbox 1494 1963 1647 2000; x_wconf 80' lang='lat' dir='ltr'>iungendi</span> <span class='ocrx_word' id='word_1_389' title='bbox 1683 1963 1764 1992; x_wconf 87' lang='lat' dir='ltr'>ratio</span> <span class='ocrx_word' id='word_1_390' title='bbox 1797 1968 1949 2001; x_wconf 82' lang='lat' dir='ltr'>namque</span> 
     </span>
     <span class='ocr_line' id='line_1_71' title="bbox 1152 2008 1946 2046; baseline -0.004 -8"><span class='ocrx_word' id='word_1_391' title='bbox 1152 2032 1159 2038; x_wconf 91' lang='lat'>.</span> <span class='ocrx_word' id='word_1_392' title='bbox 1180 2032 1186 2038; x_wconf 94' lang='lat'>.</span> <span class='ocrx_word' id='word_1_393' title='bbox 1206 2032 1213 2038; x_wconf 88' lang='lat'>.</span> <span class='ocrx_word' id='word_1_394' title='bbox 1229 2008 1258 2039; x_wconf 77' lang='lat' dir='ltr'>si</span> <span class='ocrx_word' id='word_1_395' title='bbox 1276 2033 1282 2038; x_wconf 95' lang='lat'>.</span> <span class='ocrx_word' id='word_1_396' title='bbox 1305 2033 1311 2039; x_wconf 94' lang='lat'>.</span> <span class='ocrx_word' id='word_1_397' title='bbox 1330 2033 1337 2039; x_wconf 83' lang='lat'>.</span> <span class='ocrx_word' id='word_1_398' title='bbox 1386 2011 1474 2044; x_wconf 86' lang='lat' dir='ltr'>Quod</span> <span class='ocrx_word' id='word_1_399' title='bbox 1498 2013 1611 2044; x_wconf 82' lang='lat' dir='ltr'>quarto</span> <span class='ocrx_word' id='word_1_400' title='bbox 1630 2011 1700 2039; x_wconf 89' lang='lat' dir='ltr'>loco</span> <span class='ocrx_word' id='word_1_401' title='bbox 1725 2012 1775 2038; x_wconf 88' lang='lat' dir='ltr'>est</span> <span class='ocrx_word' id='word_1_402' title='bbox 1795 2015 1946 2046; x_wconf 83' lang='lat' dir='ltr'>namque</span> 
     </span>
     <span class='ocr_line' id='line_1_72' title="bbox 1150 2050 1950 2091; baseline -0.005 -6"><span class='ocrx_word' id='word_1_403' title='bbox 1150 2056 1225 2085; x_wconf 83' lang='lat' dir='ltr'>vide</span> <span class='ocrx_word' id='word_1_404' title='bbox 1271 2056 1308 2086; x_wconf 83' lang='lat'>5.</span> <span class='ocrx_word' id='word_1_405' title='bbox 1349 2054 1425 2084; x_wconf 82' lang='lat'>733.</span> <span class='ocrx_word' id='word_1_406' title='bbox 1482 2058 1532 2084; x_wconf 80' lang='lat' dir='ltr'>Ita</span> <span class='ocrx_word' id='word_1_407' title='bbox 1577 2059 1686 2084; x_wconf 80' lang='lat' dir='ltr'>autem</span> <span class='ocrx_word' id='word_1_408' title='bbox 1731 2055 1866 2091; x_wconf 85' lang='lat' dir='ltr'>iungas:</span> <span class='ocrx_word' id='word_1_409' title='bbox 1918 2050 1950 2082; x_wconf 80' lang='lat' dir='ltr'>si</span> 
     </span>
     <span class='ocr_line' id='line_1_73' title="bbox 1150 2098 1947 2137; baseline -0.005 -7"><span class='ocrx_word' id='word_1_410' title='bbox 1150 2103 1291 2137; x_wconf 80' lang='lat' dir='ltr'>optantis</span> <span class='ocrx_word' id='word_1_411' title='bbox 1319 2106 1367 2131; x_wconf 82' lang='lat' dir='ltr'>est</span> <span class='ocrx_word' id='word_1_412' title='bbox 1408 2110 1463 2136; x_wconf 79' lang='lat' dir='ltr'>pro</span> <span class='ocrx_word' id='word_1_413' title='bbox 1497 2098 1650 2136; x_wconf 75' lang='lat' dir='ltr'>utinam3</span> <span class='ocrx_word' id='word_1_414' title='bbox 1675 2101 1790 2129; x_wconf 83' lang='lat' dir='ltr'>deinde</span> <span class='ocrx_word' id='word_1_415' title='bbox 1823 2099 1947 2136; x_wconf 83' lang='lat' dir='ltr'>pergit:</span> 
     </span>
     <span class='ocr_line' id='line_1_74' title="bbox 1149 2146 1947 2184; baseline -0.004 -8"><span class='ocrx_word' id='word_1_416' title='bbox 1149 2155 1225 2176; x_wconf 84' lang='lat' dir='ltr'>nam</span> <span class='ocrx_word' id='word_1_417' title='bbox 1247 2157 1311 2177; x_wconf 88' lang='lat' dir='ltr'>non</span> <span class='ocrx_word' id='word_1_418' title='bbox 1335 2148 1415 2176; x_wconf 85' lang='lat' dir='ltr'>mihi</span> <span class='ocrx_word' id='word_1_419' title='bbox 1448 2155 1600 2184; x_wconf 84' lang='lat' dir='ltr'>negares,</span> <span class='ocrx_word' id='word_1_420' title='bbox 1641 2155 1687 2176; x_wconf 89' lang='lat' dir='ltr'>sc.</span> <span class='ocrx_word' id='word_1_421' title='bbox 1713 2146 1873 2181; x_wconf 82' lang='lat' dir='ltr'>siquidem</span> <span class='ocrx_word' id='word_1_422' title='bbox 1895 2152 1947 2173; x_wconf 91' lang='lat' dir='ltr'>me</span> 
     </span>
     <span class='ocr_line' id='line_1_75' title="bbox 1148 2190 1948 2231; baseline -0.005 -8"><span class='ocrx_word' id='word_1_423' title='bbox 1148 2201 1287 2223; x_wconf 84' lang='lat' dir='ltr'>amares.</span> <span class='ocrx_word' id='word_1_424' title='bbox 1337 2196 1445 2228; x_wconf 81' lang='lat' dir='ltr'>Neque</span> <span class='ocrx_word' id='word_1_425' title='bbox 1471 2201 1552 2228; x_wconf 78' lang='lat' dir='ltr'>opus</span> <span class='ocrx_word' id='word_1_426' title='bbox 1584 2197 1633 2222; x_wconf 87' lang='lat' dir='ltr'>est</span> <span class='ocrx_word' id='word_1_427' title='bbox 1663 2200 1815 2231; x_wconf 79' lang='lat' dir='ltr'>namque</span> <span class='ocrx_word' id='word_1_428' title='bbox 1840 2190 1948 2226; x_wconf 77' lang='lat' dir='ltr'>expli-</span> 
     </span>
     <span class='ocr_line' id='line_1_76' title="bbox 1149 2237 1949 2279; baseline -0.005 -10"><span class='ocrx_word' id='word_1_429' title='bbox 1149 2247 1223 2269; x_wconf 87' lang='lat' dir='ltr'>care</span> <span class='ocrx_word' id='word_1_430' title='bbox 1249 2248 1303 2275; x_wconf 80' lang='lat' dir='ltr'>per</span> <span class='ocrx_word' id='word_1_431' title='bbox 1321 2238 1490 2279; x_wconf 82' lang='lat' dir='ltr'>profecto,</span> <span class='ocrx_word' id='word_1_432' title='bbox 1538 2247 1641 2274; x_wconf 83' lang='lat' dir='ltr'>neque</span> <span class='ocrx_word' id='word_1_433' title='bbox 1663 2238 1810 2273; x_wconf 84' lang='lat' dir='ltr'>accipere</span> <span class='ocrx_word' id='word_1_434' title='bbox 1829 2237 1949 2273; x_wconf 75' lang='lat' dir='ltr'>apode-</span> 
     </span>
     <span class='ocr_line' id='line_1_77' title="bbox 1157 2285 1496 2314; baseline -0.003 -1"><span class='ocrx_word' id='word_1_435' title='bbox 1157 2286 1209 2314; x_wconf 91' lang='lat' dir='ltr'>sin</span> <span class='ocrx_word' id='word_1_436' title='bbox 1235 2294 1308 2314; x_wconf 81' lang='lat' dir='ltr'>esse</span> <span class='ocrx_word' id='word_1_437' title='bbox 1332 2285 1496 2314; x_wconf 82' lang='lat' dir='ltr'>omissam.</span> 
     </span>
    </p>
   </div>
   <div class='ocr_carea' id='block_1_26' title="bbox 1150 2348 1948 2435">
    <p class='ocr_par' dir='ltr' id='par_1_27' title="bbox 1150 2348 1948 2435">
     <span class='ocr_line' id='line_1_78' title="bbox 1195 2348 1945 2393; baseline -0.005 -10"><span class='ocrx_word' id='word_1_438' title='bbox 1195 2352 1271 2383; x_wconf 82' lang='grc'><strong>617.</strong></span> <span class='ocrx_word' id='word_1_439' title='bbox 1300 2352 1528 2393; x_wconf 54' lang='grc' dir='ltr'>ρίο’,,Αεηεεῑθ</span> <span class='ocrx_word' id='word_1_440' title='bbox 1545 2354 1681 2381; x_wconf 83' lang='lat' dir='ltr'>latenter</span> <span class='ocrx_word' id='word_1_441' title='bbox 1694 2348 1889 2386; x_wconf 76' lang='lat' dir='ltr'>exaequat.“</span> <span class='ocrx_word' id='word_1_442' title='bbox 1913 2352 1945 2379; x_wconf 91' lang='lat' dir='ltr'>S.</span> 
     </span>
     <span class='ocr_line' id='line_1_79' title="bbox 1150 2397 1948 2435; baseline -0.005 -6"><span class='ocrx_word' id='word_1_443' title='bbox 1150 2401 1244 2428; x_wconf 88' lang='lat' dir='ltr'>Pium</span> <span class='ocrx_word' id='word_1_444' title='bbox 1275 2405 1383 2429; x_wconf 86' lang='lat' dir='ltr'>autem</span> <span class='ocrx_word' id='word_1_445' title='bbox 1419 2401 1515 2428; x_wconf 83' lang='lat' dir='ltr'>habet</span> <span class='ocrx_word' id='word_1_446' title='bbox 1548 2399 1692 2427; x_wconf 89' lang='lat' dir='ltr'>Turnum</span> <span class='ocrx_word' id='word_1_447' title='bbox 1731 2399 1826 2435; x_wconf 84' lang='lat' dir='ltr'>Iuno,</span> <span class='ocrx_word' id='word_1_448' title='bbox 1864 2397 1948 2432; x_wconf 86' lang='lat' dir='ltr'>quod</span> 
     </span>
    </p>
   </div>
   <div class='ocr_carea' id='block_1_27' title="bbox 1149 2444 1949 2529">
    <p class='ocr_par' dir='ltr' id='par_1_28' title="bbox 1149 2444 1949 2529">
     <span class='ocr_line' id='line_1_80' title="bbox 1149 2444 1949 2484; baseline -0.005 -9"><span class='ocrx_word' id='word_1_449' title='bbox 1149 2447 1298 2482; x_wconf 80' lang='lat' dir='ltr'>patriam,</span> <span class='ocrx_word' id='word_1_450' title='bbox 1322 2448 1403 2481; x_wconf 85' lang='lat' dir='ltr'>quod</span> <span class='ocrx_word' id='word_1_451' title='bbox 1417 2450 1568 2481; x_wconf 83' lang='lat' dir='ltr'>cognatos</span> <span class='ocrx_word' id='word_1_452' title='bbox 1585 2444 1733 2473; x_wconf 85' lang='lat' dir='ltr'>defendit.</span> <span class='ocrx_word' id='word_1_453' title='bbox 1759 2459 1795 2463; x_wconf 89' lang='lat'>—</span> <span class='ocrx_word' id='word_1_454' title='bbox 1814 2451 1949 2484; x_wconf 81' lang='lat' dir='ltr'>poenas</span> 
     </span>
     <span class='ocr_line' id='line_1_81' title="bbox 1151 2490 1352 2529; baseline -0.01 -8"><span class='ocrx_word' id='word_1_455' title='bbox 1151 2492 1191 2521; x_wconf 86' lang='lat' dir='ltr'>cf.</span> <span class='ocrx_word' id='word_1_456' title='bbox 1218 2490 1248 2529; x_wconf 82' lang='lat'>9,</span> <span class='ocrx_word' id='word_1_457' title='bbox 1276 2490 1352 2520; x_wconf 80' lang='lat'>356.</span> 
     </span>
    </p>
   </div>
   <div class='ocr_carea' id='block_1_28' title="bbox 1150 2557 1949 2817">
    <p class='ocr_par' dir='ltr' id='par_1_29' title="bbox 1150 2557 1949 2817">
     <span class='ocr_line' id='line_1_82' title="bbox 1197 2557 1949 2595; baseline -0.003 -8"><span class='ocrx_word' id='word_1_458' title='bbox 1197 2557 1273 2587; x_wconf 80' lang='lat'>618.</span> <span class='ocrx_word' id='word_1_459' title='bbox 1300 2561 1361 2588; x_wconf 93' lang='lat' dir='ltr'>Ille</span> <span class='ocrx_word' id='word_1_460' title='bbox 1393 2562 1430 2589; x_wconf 85' lang='lat' dir='ltr'>de</span> <span class='ocrx_word' id='word_1_461' title='bbox 1456 2564 1569 2588; x_wconf 86' lang='lat' dir='ltr'>nostra</span> <span class='ocrx_word' id='word_1_462' title='bbox 1592 2563 1643 2588; x_wconf 85' lang='lat' dir='ltr'>est</span> <span class='ocrx_word' id='word_1_463' title='bbox 1663 2558 1787 2595; x_wconf 85' lang='lat' dir='ltr'>origine</span> <span class='ocrx_word' id='word_1_464' title='bbox 1812 2557 1833 2586; x_wconf 89' lang='lat' dir='ltr'>i.</span> <span class='ocrx_word' id='word_1_465' title='bbox 1859 2565 1886 2586; x_wconf 88' lang='lat' dir='ltr'>e.</span> <span class='ocrx_word' id='word_1_466' title='bbox 1910 2557 1949 2585; x_wconf 84' lang='lat' dir='ltr'>de</span> 
     </span>
     <span class='ocr_line' id='line_1_83' title="bbox 1151 2605 1946 2640; baseline -0.003 -7"><span class='ocrx_word' id='word_1_467' title='bbox 1151 2606 1298 2640; x_wconf 80' lang='lat' dir='ltr'>Saturni;</span> <span class='ocrx_word' id='word_1_468' title='bbox 1338 2613 1414 2635; x_wconf 84' lang='lat' dir='ltr'>nam</span> <span class='ocrx_word' id='word_1_469' title='bbox 1438 2607 1610 2634; x_wconf 88' lang='lat' dir='ltr'>Pilumnus</span> <span class='ocrx_word' id='word_1_470' title='bbox 1637 2605 1737 2634; x_wconf 83' lang='lat' dir='ltr'>etiam</span> <span class='ocrx_word' id='word_1_471' title='bbox 1761 2610 1783 2633; x_wconf 83' lang='lat' dir='ltr'>a</span> <span class='ocrx_word' id='word_1_472' title='bbox 1804 2605 1946 2632; x_wconf 81' lang='lat' dir='ltr'>saturno</span> 
     </span>
     <span class='ocr_line' id='line_1_84' title="bbox 1150 2649 1946 2687; baseline -0.004 -8"><span class='ocrx_word' id='word_1_473' title='bbox 1150 2652 1306 2687; x_wconf 83' lang='lat' dir='ltr'>originem</span> <span class='ocrx_word' id='word_1_474' title='bbox 1328 2653 1429 2681; x_wconf 83' lang='lat' dir='ltr'>duxit.</span> <span class='ocrx_word' id='word_1_475' title='bbox 1478 2653 1514 2680; x_wconf 87' lang='lat' dir='ltr'>Id</span> <span class='ocrx_word' id='word_1_476' title='bbox 1540 2655 1625 2681; x_wconf 85' lang='lat' dir='ltr'>certe</span> <span class='ocrx_word' id='word_1_477' title='bbox 1648 2649 1812 2679; x_wconf 86' lang='lat' dir='ltr'>intellexit</span> <span class='ocrx_word' id='word_1_478' title='bbox 1835 2652 1946 2684; x_wconf 83' lang='lat' dir='ltr'>poeta:</span> 
     </span>
     <span class='ocr_line' id='line_1_85' title="bbox 1156 2694 1947 2734; baseline 0 -9"><span class='ocrx_word' id='word_1_479' title='bbox 1156 2694 1228 2734; x_wconf 78' lang='lat' dir='ltr'>Que</span> <span class='ocrx_word' id='word_1_480' title='bbox 1260 2698 1494 2732; x_wconf 84' lang='lat' dir='ltr'>explicativum</span> <span class='ocrx_word' id='word_1_481' title='bbox 1526 2698 1566 2727; x_wconf 86' lang='lat' dir='ltr'>cf.</span> <span class='ocrx_word' id='word_1_482' title='bbox 1606 2695 1641 2732; x_wconf 87' lang='lat'>1,</span> <span class='ocrx_word' id='word_1_483' title='bbox 1676 2694 1706 2724; x_wconf 82' lang='lat'>2.</span> <span class='ocrx_word' id='word_1_484' title='bbox 1754 2710 1799 2715; x_wconf 92' lang='grc'>--</span> <span class='ocrx_word' id='word_1_485' title='bbox 1847 2694 1947 2723; x_wconf 78' lang='lat' dir='ltr'>Nobis</span> 
     </span>
     <span class='ocr_line' id='line_1_86' title="bbox 1151 2741 1948 2781; baseline -0.006 -9"><span class='ocrx_word' id='word_1_486' title='bbox 1151 2743 1312 2772; x_wconf 84' lang='lat' dir='ltr'>sacrificia</span> <span class='ocrx_word' id='word_1_487' title='bbox 1335 2744 1437 2781; x_wconf 80' lang='lat' dir='ltr'>dedit,</span> <span class='ocrx_word' id='word_1_488' title='bbox 1486 2743 1604 2779; x_wconf 83' lang='lat' dir='ltr'>quihus</span> <span class='ocrx_word' id='word_1_489' title='bbox 1635 2741 1772 2778; x_wconf 81' lang='lat' dir='ltr'>gratiam</span> <span class='ocrx_word' id='word_1_490' title='bbox 1797 2741 1948 2769; x_wconf 73' lang='lat' dir='ltr'>debemus</span> 
     </span>
     <span class='ocr_line' id='line_1_87' title="bbox 1153 2788 1281 2817; baseline 0.008 -1"><span class='ocrx_word' id='word_1_491' title='bbox 1153 2788 1281 2817; x_wconf 87' lang='lat' dir='ltr'>referre.</span> 
     </span>
    </p>
   </div>
   <div class='ocr_carea' id='block_1_29' title="bbox 1150 2854 1946 2939">
    <p class='ocr_par' dir='ltr' id='par_1_30' title="bbox 1150 2854 1946 2939">
     <span class='ocr_line' id='line_1_88' title="bbox 1195 2854 1946 2891; baseline -0.001 -8"><span class='ocrx_word' id='word_1_492' title='bbox 1195 2854 1271 2884; x_wconf 76' lang='lat'>620.</span> <span class='ocrx_word' id='word_1_493' title='bbox 1301 2854 1427 2885; x_wconf 82' lang='lat' dir='ltr'>limina</span> <span class='ocrx_word' id='word_1_494' title='bbox 1457 2865 1502 2885; x_wconf 89' lang='lat' dir='ltr'>sc.</span> <span class='ocrx_word' id='word_1_495' title='bbox 1530 2857 1729 2891; x_wconf 83' lang='lat' dir='ltr'>templorum.</span> <span class='ocrx_word' id='word_1_496' title='bbox 1758 2868 1795 2872; x_wconf 92' lang='lat'>—</span> <span class='ocrx_word' id='word_1_497' title='bbox 1821 2859 1946 2882; x_wconf 85' lang='lat' dir='ltr'>onera-</span> 
     </span>
     <span class='ocr_line' id='line_1_89' title="bbox 1150 2899 1426 2939; baseline -0.004 -8"><span class='ocrx_word' id='word_1_498' title='bbox 1150 2899 1201 2931; x_wconf 79' lang='lat' dir='ltr'>vit</span> <span class='ocrx_word' id='word_1_499' title='bbox 1228 2902 1267 2931; x_wconf 87' lang='lat' dir='ltr'>cf.</span> <span class='ocrx_word' id='word_1_500' title='bbox 1292 2900 1323 2939; x_wconf 90' lang='lat'>3,</span> <span class='ocrx_word' id='word_1_501' title='bbox 1350 2900 1426 2931; x_wconf 71' lang='lat'>485.</span> 
     </span>
    </p>
   </div>
   <div class='ocr_carea' id='block_1_30' title="bbox 1194 2961 1943 3008">
    <p class='ocr_par' dir='ltr' id='par_1_31' title="bbox 1194 2961 1943 3008">
     <span class='ocr_line' id='line_1_90' title="bbox 1194 2961 1943 3008; baseline -0.005 -11"><span class='ocrx_word' id='word_1_502' title='bbox 1194 2966 1270 2998; x_wconf 79' lang='lat'>621.</span> <span class='ocrx_word' id='word_1_503' title='bbox 1291 2969 1396 3006; x_wconf 82' lang='lat' dir='ltr'>fatus</span> <span class='ocrx_word' id='word_1_504' title='bbox 1428 2966 1598 3008; x_wconf 69' lang='lat' dir='ltr'>Mznyebc</span> <span class='ocrx_word' id='word_1_505' title='bbox 1651 2975 1712 2996; x_wconf 83' lang='lat' dir='ltr'>rec.</span> <span class='ocrx_word' id='word_1_506' title='bbox 1756 2962 1804 2993; x_wconf 69' lang='grc' dir='ltr'><em>Ψ</em></span> <span class='ocrx_word' id='word_1_507' title='bbox 1833 2987 1840 2993; x_wconf 92' lang='grc'><strong>.</strong></span> <span class='ocrx_word' id='word_1_508' title='bbox 1880 2961 1943 2994; x_wconf 76' lang='lat' dir='ltr'>Ld.</span> 
     </span>
    </p>
   </div>
   <div class='ocr_carea' id='block_1_31' title="bbox 309 3008 1579 3053">
    <p class='ocr_par' dir='ltr' id='par_1_32' title="bbox 309 3008 1579 3053">
     <span class='ocr_line' id='line_1_91' title="bbox 309 3008 1579 3053; baseline 0.006 -19"><span class='ocrx_word' id='word_1_509' title='bbox 309 3008 433 3040; x_wconf 77' lang='lat' dir='ltr'>quidem</span> <span class='ocrx_word' id='word_1_510' title='bbox 458 3011 551 3038; x_wconf 84' lang='lat' dir='ltr'>audet</span> <span class='ocrx_word' id='word_1_511' title='bbox 575 3015 685 3040; x_wconf 83' lang='lat' dir='ltr'>contra</span> <span class='ocrx_word' id='word_1_512' title='bbox 709 3013 816 3041; x_wconf 82' lang='lat' dir='ltr'>mariti</span> <span class='ocrx_word' id='word_1_513' title='bbox 832 3014 1042 3043; x_wconf 82' lang='lat' dir='ltr'>voluntatem.</span> <span class='ocrx_word' id='word_1_514' title='bbox 1059 3030 1101 3034; x_wconf 91' lang='lat'>—-</span> <span class='ocrx_word' id='word_1_515' title='bbox 1143 3013 1248 3053; x_wconf 75' lang='lat' dir='ltr'>fatur</span> <span class='ocrx_word' id='word_1_516' title='bbox 1271 3013 1396 3053; x_wconf 72' lang='lat' dir='ltr'>thyt</span> <span class='ocrx_word' id='word_1_517' title='bbox 1424 3023 1486 3043; x_wconf 81' lang='lat' dir='ltr'>rec.</span> <span class='ocrx_word' id='word_1_518' title='bbox 1517 3011 1579 3042; x_wconf 77' lang='lat' dir='ltr'>Rb.</span> 
     </span>
    </p>
   </div>
   <div class='ocr_carea' id='block_1_32' title="bbox 1999 1774 2023 3350">
    <p class='ocr_par' dir='ltr' id='par_1_33' title="bbox 1999 1774 2023 3350">
     <span class='ocr_line' id='line_1_92' title="bbox 1999 1774 2023 3350; baseline 0 0"><span class='ocrx_word' id='word_1_519' title='bbox 1999 1774 2023 3350; x_wconf 95' lang='lat' dir='ltr'> </span> 
     </span>
    </p>
   </div>
  </div>
 </body>
</html>
