2023 3350
238 120 320 160 350

236 230 427 273 Profuit?

235 287 382 330 Scenii
420 286 562 340 pelagi
599 289 729 339 atque
759 285 855 326 mei.

235 347 468 387 11111111110111
506 342 739 396 Lapithum
776 341 933 394 valuit,

804 116 840 147 Ρ.
867 115 1068 148 VIRGILII
1094 116 1303 150 MARONIS

488 229 648 282 Optato
689 227 935 269 conduntui
973 227 1202 282 Thyiuidis
1244 229 1378 283 alveo,

914 284 1033 326 Mars
1066 286 1246 352 per-deie
1285 291 1455 342 gentem

975 344 1189 385 concessit
1223 346 1268 386 in
1304 346 1394 388 iras

1800 346 1882 386 305

234 404 331 456 Ipse
370 401 497 442 deum
530 401 757 453 antiquam
794 399 963 453 genitor
1002 399 1222 455 Calydona
1250 402 1439 454 Dianae,

235 418 358 510 (laod
401 458 539 499 scelus
577 462 654 499 aut
690 457 903 512 Lapithas
944 460 1133 509 tantum,
1171 462 1248 500 aut
1285 460 1504 515 Calydona
1537 458 1799 502 metentem?

233 520 312 558 Ast
343 530 441 569 ego,
480 530 638 570 magna
671 516 783 557 10115
820 515 1027 567 001111111Χ,
1064 516 1125 556 nil
1156 515 1350 581 linquere
1389 519 1588 559 inausum

233 578 352 624 1,),1110
369 549 514 627 ζ,1101111
548 573 719 625 infelix,
756 586 866 627 quae
900 577 1057 614 memet
1093 573 1139 614 111
1176 574 1321 616 omnia
1355 575 1478 626 verti,

234 632 392 673 Yincor
425 630 479 672 ab
505 631 670 673 Aenea!

732 630 853 682 Quod
884 630 920 672 51
960 644 1056 672 mea
1090 632 1266 673 numina
1300 645 1385 674 non
1418 634 1518 674 sunt

1800 632 1883 672 310

233 690 391 742 Magna
420 689 543 740 satis,
571 689 766 731 dubitem
796 688 912 730 haud
945 688 1144 742 equidem
1173 689 1409 743 implorare
1438 688 1554 743 quod
1584 701 1769 742 usquam
1798 691 1883 739 est3

232 747 425 789 l-'lectere
460 747 495 788 si
525 760 691 800 nequeo
729 746 939 801 Superos,
982 746 1232 789 Acheronta
1262 747 1453 789 movebo.

277 876 355 906 303.
381 874 602 911 emulantur,
641 876 750 905 sitzen
781 879 925 906 schauer
968 877 1031 905 untl

232 925 356 959 schlin,
388 930 407 952 a
434 923 533 951 maris
566 922 694 951 insidiis
719 927 820 951 tutum
848 922 1031 957 perfugium

232 969 319 997 nacti
357 973 442 997 sunt.
516 969 620 997 Aliter
655 971 704 996 S.:
745 969 872 1005 „Condi
901 969 1032 1004 proprie

232 1016 393 1044 «licuntur.
421 1014 474 1048 qui
499 1014 559 1043 sibi
586 1018 732 1042 statuunt
760 1013 962 1043 civitaten1.“

277 1059 354 1089 304.
383 1057 494 1089 securi
519 1068 547 1088 c.
577 1060 720 1093 genitivo
748 1060 790 1088 cf.
824 1059 850 1097 l,
878 1059 956 1089 350.
987 1076 1032 1079 —

233 1108 327 1135 Hanc
363 1106 496 1134 lunonis
528 1106 708 1133 orationem
743 1106 856 1135 confer
890 1113 964 1135 cum
992 1114 1031 1134 ea

233 1159 331 1186 quam
355 1154 451 1180 habet
482 1151 507 1188 l,
531 1149 572 1178 37
599 1159 648 1185 sq.
681 1166 724 1169 —
770 1149 866 1180 Mars
886 1149 1033 1191 perdere

232 1200 373 1238 gentem
400 1199 482 1225 elo:
522 1197 635 1229 ..Bene
668 1197 747 1224 belli
771 1201 800 1224 et
831 1197 1030 1225 vastationis

233 1243 360 1278 quaerit
385 1243 540 1277 exempla
565 1242 597 1270 in
621 1243 720 1271 rebus
746 1242 948 1279 huiusmodi,
985 1243 1032 1271 si-

232 1294 285 1318 cut
310 1289 342 1317 in
368 1289 470 1323 primo
497 1287 671 1322 naufragii.
726 1288 902 1324 Pirithous,
932 1288 1032 1323 Lapi-

233 1337 361 1363 tharum
377 1342 447 1369 rex,
468 1341 565 1367 quum
583 1341 718 1361 uxorem
736 1335 880 1367 (luceret,
901 1334 1031 1362 vicinos

233 1382 376 1416 populos
404 1381 606 1415 Centauros,
641 1379 737 1407 etiam
769 1380 832 1408 sibi
858 1385 1030 1417 cognatos,

233 1431 264 1454 et
288 1428 369 1454 deos
398 1433 513 1453 omnes
545 1430 685 1460 excepto
718 1427 820 1453 Marte
847 1427 887 1454 ad
914 1426 1032 1453 convi-

234 1473 323 1500 vium
357 1471 567 1499 convocavit.
630 1471 721 1499 Unde
762 1471 878 1499 iratum
911 1479 1031 1499 numen

232 1517 364 1546 immisit
379 1517 535 1553 furorem,
561 1523 623 1550 quo
642 1517 798 1545 Centauri
821 1522 850 1544 et
872 1517 1033 1552 Lapithae

233 1564 265 1592 in
291 1565 377 1591 bella
401 1561 596 1590 venerunt.‘·
627 1564 659 1590 S.
696 1564 777 1590 Eam
802 1570 944 1597 pugnam
975 1564 1033 1590 tle-

233 1609 367 1644 scripsit
393 1609 451 1636 Ov.
478 1610 518 1636 M.
551 1606 598 1644 12,
623 1605 691 1635 210
715 1616 764 1642 sq.
830 1610 1034 1643 Multumque

235 1660 265 1683 et
291 1655 383 1683 varie
403 1661 443 1682 ea
468 1662 522 1681 res
553 1657 713 1681 narratur.

279 1699 355 1728 305.
388 1696 564 1728 concessit
590 1696 625 1727 in
653 1696 746 1735 iras,
786 1698 1035 1733 0011111511Ιο1)-

234 1747 317 1781 piter
345 1746 377 1773 in
405 1752 469 1780 qua
493 1745 578 1772 iram
604 1748 788 1772 exerceret.
848 1745 902 1772 Sic
936 1744 963 1781 l,
989 1743 1034 1771 42

233 1792 380 1826 luppiter
417 1790 552 1819 fulmina
592 1790 742 1818 concedit
782 1789 963 1818 illinervae.
990 1805 1035 1810 —

231 1839 390 1874 ,.0eneus
408 1835 591 1870 Calydonis
616 1843 676 1863 rex
698 1836 737 1864 de
756 1836 903 1870 primitiis
931 1835 1036 1864 omni-

233 1885 295 1911 bus
316 1882 502 1911 numinibus
518 1881 729 1910 sacrificavit.
751 1887 895 1916 excepta
916 1881 1033 1918 Diana,

233 1936 317 1964 quae
353 1929 437 1956 irata
472 1935 587 1962 aprum
630 1927 781 1964 immisit,
823 1927 877 1961 qui
914 1932 1033 1955 cuncta

233 1976 399 2011 vastabat,
427 1974 531 2001 donec
554 1980 572 2001 a
596 1974 765 2007 Meleagro
795 1973 1033 2001 occideretur.·'

233 2023 266 2048 S.
302 2022 338 2048 Et
368 2020 443 2047 inde
473 2019 569 2046 etiam
608 2020 776 2052 Meleagro
809 2022 839 2046 et
871 2018 1033 2052 Calydoni

232 2072 341 2094 novae
366 2065 573 2093 calamitates
600 2069 691 2092 ortae
714 2068 800 2092 sunt.
826 2063 867 2092 cf.
885 2065 978 2092 Hom.
994 2066 1032 2092 Il.

232 2111 263 2148 9,
289 2110 365 2139 529.
415 2111 476 2138 Ov.
499 2112 540 2138 Μ.
568 2109 599 2145 S,
625 2109 701 2138 260.

277 2156 355 2184 306.
384 2153 573 2194 Antiquam
606 2156 645 2183 att
672 2156 804 2183 laudem
830 2155 970 2190 pertinet
991 2155 1033 2183 cf.

235 2201 264 2240 1,
279 2201 356 2231 531.
376 2206 406 2229 et
424 2203 472 2230 Pl.
494 2203 552 2236 Ep.
572 2200 606 2237 8,
626 2199 670 2228 24
687 2202 856 2229 laudatum
874 2208 892 2229 a
910 2202 1032 2236 wgro:

232 2250 423 2286 „Reverere
440 2247 577 2282 gloriam
602 2250 749 2275 veterent
768 2251 797 2275 et
819 2249 903 2275 hanc
926 2247 1032 2282 ipsam

233 2298 457 2330 senectutem,
495 2300 580 2327 quae
605 2292 638 2320 in
662 2293 792 2321 homine
819 2293 1031 2329 venerabilis,

231 2341 263 2369 in
303 2340 435 2368 urbibus
481 2346 579 2367 saera
616 2336 700 2366 05ι.“
749 2340 830 2366 Tam
867 2339 1032 2373 antiquam

231 2388 343 2415 urbem
379 2386 419 2413 ob
450 2384 546 2412 unius
573 2388 746 2418 peecatum
771 2392 837 2412 non
863 2389 952 2419 putat
977 2385 1034 2411 de-

230 2432 345 2460 buisse
372 2430 484 2458 deleri.
533 2430 681 2458 Imitatus
720 2433 772 2458 est
802 2431 889 2458 hunc
924 2431 1033 2458 locum

232 2482 311 2506 stat.
341 2478 441 2505 Theb.
466 2475 504 2512 7,
530 2475 608 2503 203.

275 2521 353 2551 affl.
381 2518 546 2559 Lapithis
561 2519 691 2558 'lllFRy
706 2516 877 2558 Lapithas
886 2518 942 2547 Μ2
962 2517 1031 2548 Ca—

231 2566 358 2608 lydone
390 2566 494 2595 Mille
525 2563 709 2605 Calydona
733 2564 857 2603 M2Fyb
884 2567 1034 2593 merente

231 2613 302 2652 1172
335 2615 518 2642 merentem
546 2609 734 2650 312Fythcl
770 2612 940 2639 merentes
979 2609 1029 2638 Ml

232 2660 371 2688 Servius
396 2659 429 2687 in
453 2657 637 2692 exemplari
662 2664 723 2686 suo
751 2656 879 2690 legisse
902 2657 1034 2684 videtur

235 2702 419 2743 Calydona
449 2706 617 2739 merente,
643 2703 798 2736 iubetque
828 2702 894 2736 legi
924 2698 1032 2740 Caly-

234 2747 323 2778 done
350 2750 454 2784 (quoti
479 2749 555 2777 fecit
588 2746 670 2783 Hb.)
697 2752 752 2785 „ut
777 2751 913 2782 uterque
940 2749 1032 2776 abla-

230 2796 318 2823 tivus
346 2796 402 2829 sit,
428 2802 502 2823 natu
529 2795 558 2823 si
588 2791 771 2833 Calydona
791 2794 887 2827 leges
920 2793 1032 2821 vitium

231 2841 291 2868 erit
308 2848 369 2869 nec
389 2848 511 2869 sensus
534 2838 722 2875 p1·ocetlet.‘'·
759 2840 878 2874 Recte3
900 2840 960 2867 setl
981 2839 1030 2866 vi-

231 2886 306 2914 tium
323 2886 543 2914 removebitur
561 2891 591 2914 et
607 2893 731 2914 sensus
752 2885 906 2920 procedet
924 2884 1031 2921 etiam,

231 2931 259 2959 si
294 2933 384 2965 leges
423 2929 607 2970 Calydona
641 2933 847 2965 merentem‚·
893 2934 920 2957 et
956 2934 1032 2958 sunt

232 2977 316 3004 tluae
342 2978 524 3013 scripturae
548 2976 734 3006 accusativi
756 2979 786 3004 et
805 2975 951 3012 ablativi,
974 2983 1031 3011 per

233 3029 269 3048 se
296 3024 399 3050 bonae
434 3027 463 3051 et
500 3028 627 3061 rectae,
665 3026 762 3058 atque
795 3029 838 3050 ex
868 3023 1028 3059 merente,

1080 885 1110 906 m
1138 878 1245 906 littera
1268 878 1395 907 omissa
1421 878 1476 905 vel
1501 875 1609 904 addita
1631 876 1704 906 sine
1729 876 1884 913 consilio,

1080 928 1179 952 natae
1232 928 1307 953 sunt
1361 922 1557 951 mutationes
1616 928 1759 951 ceterae.
1818 919 1881 951 ΒΖ).

1082 970 1211 1006 „Credo
1239 970 1348 1005 ipsum
1376 974 1506 1004 poetam
1529 964 1593 996 has
1624 969 1708 997 tluas
1741 967 1884 1002 scriptu-

1079 1022 1136 1044 ras
1161 1016 1192 1043 in
1220 1017 1365 1044 schedas
1392 1010 1615 1043 coniecisse.“
1663 1014 1777 1047 ltaque
1808 1015 1880 1048 Vgl.

1079 1069 1227 1089 errorum
1263 1062 1336 1096 ipse
1374 1059 1431 1089 fun
1464 1058 1593 1088 auctor!

1080 1104 1207 1136 scelere
1226 1109 1288 1136 aut
1308 1102 1483 1146 Lapithas
1502 1124 1510 1133 .
1529 1125 1536 1132 .
1556 1108 1610 1133 aut
1630 1101 1682 1143 (I)
1701 1101 1883 1143 911011500-

1079 1150 1134 1181 lus
1270 1151 1434 1181 luentem.
1472 1165 1516 1171 —
1556 1153 1669 1184 Neque
1711 1150 1882 1187 Lapithae,

1078 1206 1186 1233 neque
1211 1198 1386 1232 calydonii
1409 1201 1534 1226 tantum
1560 1197 1676 1225 scelus
1705 1196 1885 1225 commise-

1078 1249 1167 1280 runt,
1206 1248 1236 1272 ut
1271 1244 1317 1272 ita
1351 1243 1549 1278 punirentur.
1598 1242 1723 1270 Facilis
1754 1242 1883 1276 quidem

1079 1289 1276 1325 explicatio,
1320 1294 1351 1317 ut
1389 1285 1499 1316 scetus
1541 1287 1582 1315 sit
1619 1295 1676 1322 pro
1716 1295 1754 1315 eo
1796 1288 1882 1322 quod

1079 1335 1152 1363 inde
1179 1339 1421 1369 consequatur,
1462 1342 1517 1368 pro
1549 1340 1672 1369 poena,
1708 1334 1768 1362 sed
1794 1333 1882 1362 salsa

1079 1385 1148 1415 0511
1184 1388 1290 1414 neque
1317 1379 1355 1417 2,
1382 1378 1448 1407 229
1473 1376 1584 1407 scelus
1609 1386 1629 1406 a
1654 1376 1796 1415 mereri,
1824 1380 1884 1408 sed

1079 1429 1119 1454 ab
1146 1423 1340 1465 erpentlere
1365 1426 1495 1460 pendet.
1545 1424 1580 1452 Si
1604 1432 1684 1452 vero
1711 1425 1776 1453 loci
1803 1425 1884 1453 affe-

1080 1477 1209 1507 runtur,
1251 1471 1359 1506 qualis
1393 1475 1444 1499 est
1476 1471 1513 1506 2,
1551 1468 1637 1506 529,
1677 1470 1732 1498 uhi
1763 1472 1884 1499 vulnus

1079 1525 1136 1553 pro
1157 1519 1234 1554 telo,
1261 1519 1336 1545 laus
1356 1517 1481 1545 dicatur
1501 1523 1558 1551 pro
1579 1515 1709 1553 virtute,
1729 1516 1881 1545 effectum

1082 1567 1134 1592 est
1161 1571 1217 1598 pro
1243 1563 1419 1597 efficiente3
1456 1570 1564 1596 neque
1597 1561 1672 1589 inde
1705 1562 1885 1597 consequi-

1083 1613 1134 1637 tur
1159 1608 1305 1637 efficiens
1334 1616 1438 1643 posse
1466 1616 1522 1642 pro
1554 1607 1670 1635 effecto
1697 1608 1771 1644 dici,
1804 1615 1882 1637 nam

1083 1662 1190 1690 poena
1215 1654 1288 1683 sine
1315 1656 1444 1682 scelere
1467 1653 1605 1689 cogitari
1622 1653 1745 1690 nequit,
1771 1655 1884 1683 scelus

1082 1704 1191 1735 potest
1224 1707 1338 1728 carere
1372 1706 1489 1735 poena.
1544 1695 1674 1727 Mereri
1705 1703 1813 1728 autem
1832 1704 1882 1729 est

1083 1745 1296 1783 committere,
1323 1746 1502 1774 admittere.
1551 1746 1626 1773 Ter.
1646 1745 1777 1773 phorm.
1803 1745 1835 1782 5,
1852 1745 1883 1781 9,

1081 1790 1134 1819 25.
1202 1788 1286 1831 Ego
1315 1798 1388 1819 esse
1417 1788 1453 1818 in.
1486 1787 1551 1819 hac
1578 1797 1616 1818 re
1642 1787 1782 1830 culpam
1813 1798 1885 1820 me-

1080 1834 1187 1866 ritam
1214 1845 1283 1865 non
1328 1843 1432 1876 nego.
1491 1838 1600 1870 Saepe
1633 1836 1720 1864 alibi.
1777 1837 1884 1865 Plaut.

1080 1879 1159 1912 Aul.
1181 1880 1216 1919 4,
1253 1881 1310 1919 10,
1337 1882 1358 1910 8
1387 1878 1513 1910 Fateor
1542 1878 1743 1921 peccavisse
1772 1885 1803 1911 el
1831 1890 1886 1911 me

1081 1925 1220 1967 culpam
1256 1925 1490 1957 commeritum
1511 1924 1593 1956 scio.
1643 1927 1730 1956 'l'n'n.
1756 1926 1785 1966 l,
1816 1926 1845 1964 l,
1868 1927 1903 1956 1-

1085 1970 1160 2003 Nae
1182 1970 1332 2002 amicum
1359 1970 1540 2013 castigare
1565 1971 1604 2002 ob
1626 1971 1787 2002 meritam
1822 1981 1886 2002 πο-

1081 2017 1176 2048 xiam
1213 2016 1363 2047 immune
1404 2020 1453 2048 est
1477 2015 1635 2056 facinus.
1687 2020 1746 2047 Ov.
1784 2021 1826 2048 M.
1853 2018 1884 2056 2,

1081 2064 1146 2093 291
1185 2062 1286 2102 Quod
1303 2066 1433 2093 mereat
1447 2060 1590 2101 frater?
1635 2063 1686 2101 15,
1706 2063 1770 2093 116
1791 2061 1885 2103 Quid

1079 2106 1283 2140 meruistis?
1325 2109 1390 2138 120
1420 2106 1513 2147 Quid
1527 2106 1708 2139 mernere?
1755 2111 1796 2139 Ut
1820 2118 1883 2139 nos

1082 2157 1260 2185 vertlienen
1285 2163 1342 2190 pro
1366 2156 1596 2184 verschulden.
1644 2157 1760 2191 Itaque
1785 2156 1883 2185 etiam

1080 2199 1190 2231 scelus
1214 2198 1339 2231 mereri
1363 2201 1426 2229 dici
1447 2201 1548 2229 licuit.

1125 2247 1202 2276 308.
1229 2249 1285 2276 ast
1309 2254 1375 2286 ego
1402 2251 1462 2275 etc.
1491 2246 1530 2274 cf.
1561 2246 1588 2283 l,
1612 2244 1667 2275 46.

1644 1055 1699 1087 Pl.
1732 1060 1785 1088 dat
1816 1067 1884 1098 quo

1126 2292 1204 2321 309.
1229 2290 1374 2330 infelix,
1409 2293 1495 2326 quod
1538 2293 1679 2321 consilia
1716 2299 1778 2322 sua
1817 2301 1884 2322 non

1081 2343 1190 2374 potest
1206 2338 1357 2372 exsequi.
1384 2353 1429 2357 —-
1453 2345 1544 2377 quae
1556 2335 1658 2378 potui
1675 2346 1714 2367 eo
1738 2339 1883 2377 perduci,

1083 2389 1113 2413 ut
1134 2384 1243 2413 omnia
1262 2385 1433 2417 auderem3
1461 2387 1492 2411 et
1516 2380 1553 2412 in
1575 2381 1694 2413 omnia
1709 2392 1763 2413 me
1781 2382 1884 2423 verti,

1082 2430 1191 2459 omnia
1223 2429 1355 2458 tentavi.
1406 2429 1459 2458 Sic
1500 2428 1556 2466 12,
1603 2429 1674 2459 177.
1723 2430 1773 2459 Cf.
1806 2432 1882 2459 Sen.

1080 2476 1164 2504 Med.
1197 2474 1257 2503 123
1282 2477 1393 2504 mente
1424 2482 1555 2504 vesana
1575 2473 1675 2514 feror
1696 2477 1817 2516 parles
1847 2473 1882 2505 in

1081 2528 1208 2550 omnes.

1127 2565 1205 2594 310.
1230 2563 1349 2595 vincor
1371 2563 1414 2594 ab
1431 2564 1571 2595 Aenea:
1595 2568 1658 2595 dea
1673 2569 1713 2595 ab
1735 2566 1881 2603 homine3

1080 2612 1109 2640 is
1129 2613 1212 2640 enim
1232 2612 1446 2647 consequitur
1461 2611 1566 2649 finem,
1592 2620 1612 2641 a
1631 2620 1694 2647 quo
1713 2613 1880 2647 depellere

1081 2658 1168 2693 cupit
1201 2660 1294 2686 Iuno.
1326 2674 1370 2676 —
1406 2655 1457 2686 Pl.
1497 2658 1582 2686 coni.
1615 2656 1680 2687 Ast
1715 2665 1750 2695 e,
1781 2664 1825 2685 m.
1856 2654 1879 2685 1.

1081 2702 1251 2741 coniunr,
1283 2700 1376 2741 Quid
1401 2698 1529 2743 potui?
1566 2700 1697 2742 Infelix
1723 2709 1813 2742 quae
1837 2709 1880 2731 m.

1080 2746 1102 2778 i.
1131 2758 1160 2779 o.
1191 2757 1237 2786 v.,
1269 2747 1306 2777 V.
1332 2757 1366 2778 a.
1395 2746 1437 2778 A.

1125 2793 1203 2823 312.
1233 2791 1398 2824 Flectere.
1474 2797 1577 2823 Notus

1081 2840 1303 2876 probissimus
1337 2840 1435 2868 totius
1466 2839 1650 2874 Aeneidos;

1081 2886 1148 2915 620
1187 2888 1325 2914 habetur
1372 2885 1592 2920 probissimus
1642 2885 1790 2918 prolatus
1838 2887 1878 2913 ab

1079 2932 1211 2960 homine
1238 2931 1496 2966 improbissimo,
1522 2929 1574 2957 hic
1599 2936 1619 2958 a
1644 2929 1716 2957 dea.
1733 2944 1776 2948 —
1799 2925 1879 2959 Mo-

1078 2985 1176 3013 vere,
1208 2977 1354 3005 excitare
1379 2976 1519 3010 saepius
1543 2977 1575 3003 ut
1597 2976 1668 3003 val.
1690 2976 1737 3003 Fl.
1763 2972 1800 3011 4,
1838 2973 1878 3004 13

1082 3020 1209 3051 Furias
1239 3020 1471 3059 Veneremque
1497 3026 1604 3049 move.
1655 3020 1696 3049 cf.
1719 3018 1751 3058 4,
1777 3018 1854 3050 490.

1611 2800 1732 2822 versus
1761 2796 1794 2821 ut
1819 2793 1880 2821 im-

1693 2842 1808 2866 000110
1846 2838 1876 2876 6,
