2023 3350
679 94 916 128 AENEIDOS
941 98 1026 129 LIB.
1054 97 1098 129 X.

68 211 197 254 Haud
236 212 390 265 ignara
429 208 565 261 modi,
597 209 791 262 puppim.
849 209 979 263 Fugit
1014 209 1090 252 illa
1128 223 1206 264 per
1241 209 1380 252 undas

68 271 198 312 Ocior
235 273 278 311 et
312 268 452 310 iaculo
495 270 538 308 et
576 271 726 308 ventos
761 271 977 320 aequante
1013 268 1186 321 sagitta.

66 327 172 370 Inde
209 328 320 369 aliae
357 326 547 367 celerant
583 339 746 367 cursus.

809 325 964 380 Stupet
1000 326 1160 367 inscius
1200 326 1293 379 ipse

67 387 174 428 Tros
203 382 494 433 Anchisiades,
538 383 706 424 animos
743 387 888 425 tamen
932 384 1072 425 omine
1107 383 1233 425 tollit.

1627 388 1708 428 250

67 444 174 485 Tum
210 441 394 483 breviter
433 454 589 494 supera
627 440 884 494 adspectans
917 455 1108 483 convexa
1147 445 1376 495 precatur:

66 502 192 543 Alma
232 512 386 554 parens
429 498 562 540 Idaea
600 499 745 550 deum,
787 500 855 540 cui
888 498 1105 553 Dindyma
1145 500 1282 551 cordi,

67 558 406 611 Turrigeraeque
440 556 586 608 urbes,
618 557 838 610 biiugique
873 557 929 598 ad
958 557 1082 599 frena
1113 557 1278 609 leones,

67 617 128 658 Tu
163 614 266 656 mihi
301 628 412 655 nunc
444 628 614 668 pugnae
652 616 874 668 princeps,

65 672 323 726 Augurium,
354 672 684 727 Phrygibusque
722 673 839 714 adsis
874 673 1002 726 pede,
1042 673 1161 725 diva,
1201 673 1401 716 secundo.
1625 676 1662 714 2:

509 731 566 772 Et
600 731 766 772 interea
803 731 999 772 revoluta
1038 731 1194 773 ruebat

63 731 245 773 Tantum
283 728 448 771 effatus.

919 618 967 656 tu
1003 615 1087 657 rite
1116 616 1378 670 propinques

1658 676 1676 714 gat

1684 676 1706 714 01

62 788 236 830 Matura
267 787 354 829 iam
393 788 487 829 luce
528 788 635 840 dies,
675 793 932 842 noctemque
970 788 1158 842 fugarat.

61 845 278 900 Principio
318 846 447 887 sociis
481 846 628 899 edicit,
669 847 793 900 signa
825 850 1085 900 sequantur,

61 904 202 958 Atque
237 903 403 945 animos
440 908 592 958 aptent
629 905 783 956 armis,
821 918 1081 958 pugnaeque
1112 906 1269 958 parent
1294 917 1352 944 se.

59 963 238 1016 Iamque
274 961 319 1003 in
360 966 594 1015 conspectu
632 963 818 1004 Teucros
859 962 991 1003 habet
1026 966 1068 1004 et
1105 977 1183 1003 sua
1223 965 1391 1013 castra,

1624 964 1707 1003 260

62 1019 191 1061 Stans
226 1019 342 1061 celsa
377 1020 421 1061 in
457 1021 613 1074 puppi:
655 1021 839 1074 clipeum
879 1034 1010 1073 quum
1054 1020 1206 1061 deinde
1240 1019 1416 1061 sinistra

60 1078 228 1119 Extulit
265 1077 499 1119 ardentem.

561 1078 805 1120 Clamorem
846 1078 902 1118 ad
943 1078 1089 1119 sidera
1114 1078 1276 1119 tollunt

58 1135 337 1178 Dardanidae
373 1149 394 1177 e
429 1136 582 1189 muris,
628 1150 727 1190 spes
766 1135 921 1177 addita
961 1136 1142 1178 suscitat
1178 1136 1284 1188 iras3

103 1310 180 1340 247.
209 1308 305 1340 haud
331 1309 464 1352 ignara
494 1309 607 1348 modi,
633 1317 665 1341 ut
690 1320 773 1346 quae
800 1319 862 1340 113·

59 1358 110 1387 vis
137 1357 260 1395 fuerat,
296 1359 423 1387 sciebat
454 1359 617 1393 quomodo
653 1359 776 1393 impelli
801 1359 858 1386 de-

61 1406 150 1433 beret
173 1405 281 1433 navis.

104 1460 181 1489 249.
210 1458 314 1490 Aliae
338 1461 485 1496 intelligo
511 1467 630 1496 naves,
656 1468 741 1495 quae
762 1469 859 1496 prae-

58 1508 175 1536 toriam
202 1514 320 1536 navem
345 1515 486 1542 aequare
522 1508 744 1543 contendunt,
792 1515 858 1535 11011

57 1550 244 1593 nymphas,
287 1561 371 1588 quae
403 1554 488 1581 alias
515 1560 622 1582 naves
657 1554 857 1591 propellant,

58 1599 145 1628 sicut.
171 1601 360 1634 Cymodoce
384 1601 486 1628 Idam.

103 1655 181 1685 250.
207 1658 324 1695 stupet
349 1653 481 1684 ins-cius
504 1655 860 1692 ,,101·0111(]035311(110-

59 1700 141 1730 rat.“
185 1705 218 1731 S.
257 1717 302 1721 —-
334 1700 469 1730 animos
498 1699 590 1730 tollit
616 1701 657 1729 ef.
683 1700 734 1737 12,
761 1700 792 1729 4.
815 1716 859 1719 —

58 1745 191 1776 omine:
232 1750 300 1777 Non
332 1749 416 1782 quod
443 1748 582 1777 victoria
606 1747 773 1781 promissa
798 1752 860 1783 est,

59 1795 119 1822 sed
146 1795 233 1828 quod
256 1798 320 1822 13111
343 1794 494 1822 celeriter
510 1794 606 1821 navis
622 1792 734 1830 fertur,
761 1793 859 1821 sentit

59 1839 203 1867 numinis
233 1839 403 1867 auxilium.

103 1894 182 1924 251.
206 1903 332 1935 supera
346 1892 558 1933 adspectans
575 1890 708 1922 MRMJC.
735 1910 777 1913 —
803 1902 860 1923 su-

57 1947 120 1980 per
144 1943 331 1980 aspectans
355 1941 414 1969 RV
440 1948 503 1968 rec.
525 1937 589 1968 Rb.
608 1940 650 1968 cf.
676 1938 794 1978 2,755.
817 1955 861 1960 —

60 1994 189 2026 supera
215 1986 255 2015 cf.
282 1987 313 2024 7,
339 1985 417 2015 502.

105 2040 180 2071 252.
210 2041 306 2071 alma
326 2051 478 2082 parens:
505 2045 625 2080 „Alma
647 2045 777 2078 proprie
805 2047 859 2072 est.

57 2090 167 2117 tellus.
185 2111 192 2117 .
210 2111 217 2117 .
245 2091 380 2117 Terram
397 2094 506 2117 autem
535 2094 665 2118 constat
692 2097 771 2118 esse
789 2097 859 2118 ma—

58 2139 139 2162 trem
165 2135 294 2163 deum.“
321 2138 354 2163 S.
381 2135 420 2164 cf.
450 2136 485 2173 7,
512 2135 586 2163 136.
629 2151 674 2155 -
720 2132 860 2174 Dindy-

57 2188 115 2209 ma
141 2180 182 2209 cf.
208 2180 239 2215 9,
267 2180 345 2210 618.

103 2236 181 2266 253.
209 2235 412 2279 turrigerae
442 2235 566 2267 urbes.-
602 2240 728 2273 Cybele
760 2240 858 2267 urbes

56 2282 173 2311 dicitur
197 2284 300 2318 prima
325 2284 529 2322 condidisse,
560 2285 635 2313 inde
651 2285 727 2320 ipsa
745 2285 860 2313 turrita

56 2333 119 2358 est.
168 2329 210 2358 cf.
235 2329 266 2367 6,
294 2330 370 2359 786.

101 2383 179 2414 254.
203 2383 270 2415 rite
295 2388 333 2415 de
363 2388 427 2416 diis
450 2388 565 2417 dicitur
591 2389 633 2418 cf.
662 2387 692 2426 3,
718 2388 772 2417 36.

101 2453 179 2484 255.
205 2453 418 2496 propinques
463 2455 676 2496 augurium,
723 2458 858 2493 propius

58 2499 237 2530 admoveas
268 2502 289 2530 i.
314 2510 344 2530 e.
379 2504 555 2531 secundes.
615 2501 860 2544 Propinquare

56 2545 200 2575 activum
237 2552 288 2576 est
321 2548 380 2576 Sil.
416 2547 455 2586 2,
494 2548 557 2576 281
598 2554 742 2579 mortem
779 2548 859 2580 licet

57 2598 158 2620 arma
183 2591 444 2633 propinquent;
473 2598 502 2622 el
526 2601 576 2629 ap.
604 2598 684 2624 Sall.
716 2596 798 2625 Hist.
824 2594 856 2625 4.

57 2638 135 2666 Tac.
162 2638 201 2666 Α.
233 2635 282 2672 12,
304 2638 356 2668 13.
406 2640 548 2669 Adiuvat
577 2642 672 2678 deus,
701 2642 731 2670 si
759 2650 857 2676 prae-

57 2691 137 2712 sens
162 2688 224 2719 est,
252 2684 292 2712 cf.
310 2684 337 2722 1,
357 2684 433 2714 734.
453 2686 528 2714 hinc
554 2689 639 2716 tales
667 2696 796 2722 preces.
814 2704 859 2708 —

57 2725 154 2758 adsis
176 2726 265 2769 pede
290 2728 441 2760 secundo
463 2731 508 2761 ita
533 2731 566 2770 8,
589 2731 668 2771 302.

56 2793 261 2828 256-275.
323 2795 461 2830 Aeneas
508 2797 545 2830 in
591 2807 736 2832 suorum
772 2810 854 2834 0011-

277 2859 438 2896 spectum
464 2856 633 2897 pervenit.

102 2909 178 2940 256.
204 2910 333 2951 effatus
359 2922 407 2943 50.
433 2920 494 2944 est.
536 2916 577 2945 cf.
603 2916 635 2954 5,
666 2915 743 2947 362.
776 2926 856 2948 rue-

57 2952 117 2986 bat
151 2957 371 2995 „oriebatur“.
400 2963 432 2989 S.
469 2962 510 2991 cf.
536 2961 574 3001 6,
603 2962 681 2991 539.
724 2979 761 2984 -—
800 2972 856 2994 re-

57 2998 196 3033 voluta:
225 3005 378 3036 Volvitur
407 3007 494 3037 enim
526 3008 596 3038 dies
632 3017 693 3045 per
719 3013 856 3047 terram;

908 1316 1007 1346 atque
1036 1319 1135 1346 quum
1160 1311 1193 1339 in
1218 1312 1358 1339 eundem
1389 1312 1499 1339 locum
1533 1312 1618 1339 unde
1650 1313 1707 1340 de-

906 1358 1010 1386 cessit
1037 1357 1197 1394 pervenit,
1227 1356 1419 1385 revolvitur.
1469 1371 1506 1375 —
1546 1355 1707 1387 revoluta

907 1401 1044 1439 ruebat,
1072 1412 1127 1438 pro
1149 1403 1334 1432 revolvitur
1357 1402 1398 1431 cf.
1423 1401 1455 1440 2,
1483 1402 1557 1431 169.
1584 1401 1707 1432 ruebat

906 1449 1060 1478 MPlec
1095 1465 1133 1469 —
1168 1447 1326 1478 ru-ebat
1355 1457 1375 1488 γ
1401 1463 1445 1467 ——
1476 1446 1623 1478 rubebat
1651 1447 1705 1478 1³2

906 1503 972 1524 rec.
1004 1493 1066 1524 Hb.

950 1540 1028 1570 258.
1056 1539 1164 1581 signa
1207 1542 1419 1579 sequantur,
1464 1547 1547 1574 quae
1589 1540 1708 1569 suerint

905 1588 990 1616 (1313..
1040 1590 1111 1616 Non
1133 1591 1207 1616 sunt
1234 1588 1386 1615 hocloco
1403 1586 1538 1615 vexilla.
1564 1586 1612 1616 Cf.
1626 1587 1706 1615 265.

951 1632 1029 1662 263.
1061 1631 1232 1673 spes-iras
1250 1634 1312 1661 del.
1329 1630 1487 1669 Gr:„das
1504 1633 1708 1662 2011501100-

905 1678 1078 1714 geworfne
1101 1677 1216 1708 stort“.
1267 1679 1484 1714 Vgl.schrieb
1514 1680 1563 1708 bis
1588 1687 1605 1708 e
1630 1688 1707 1708 mu-

906 1723 966 1753 ris.
1017 1726 1075 1753 Ein
1109 1726 1259 1754 Anderer
1291 1729 1451 1759 erganzte
1486 1723 1707 1764 spes-iras;

904 1773 980 1799 kam
1008 1771 1060 1799 ein
1089 1771 1209 1799 Dritter
1235 1771 1297 1799 und
1313 1772 1471 1805 erganzte
1496 1778 1562 1799 von
1589 1779 1605 1800 0
1630 1779 1708 1800 mu-

906 1813 955 1845 ris
992 1823 1032 1845 30
1064 1816 1119 1844 mit
1161 1814 1502 1855 quales-secundo,-
1542 1819 1618 1845 kam
1653 1817 1707 1845 ein

906 1862 1032 1891 Vierter
1054 1864 1119 1890 und
1144 1863 1292 1890 verband
1312 1863 1434 1890 Beides
1460 1862 1516 1890 mit
1529 1863 1706 1891 Einschie-

906 1910 994 1942 hung
1016 1916 1083 1936 von
1108 1905 1178 1936 [ela
1205 1916 1312 1936 manu
1338 1905 1508 1936 iaciuntst‘
1554 1910 1626 1937 Hoc
1654 1913 1706 1938 est

905 1961 1055 1982 acumen.
1107 1951 1159 1982 ΡΙ.
1194 1955 1256 1982 del.
1283 1962 1392 1992 spes·
1412 1951 1559 1983 iaciunt.
1617 1957 1705 1983 Male

904 2001 1015 2028 loe-ata
1040 2008 1117 2028 esse
1142 2004 1173 2027 et
1204 2002 1335 2028 turbare
1361 2000 1435 2028 visa
1468 2001 1548 2029 sunt
1570 2008 1707 2036 compa-

906 2046 1074 2074 rationem.
1122 2047 1229 2082 Magis
1255 2047 1353 2074 etiam
1387 2047 1600 2075 turbaverunt
1620 2050 1705 2076 11300

904 2094 1024 2129 verba,
1053 2093 1138 2125 quod
1170 2092 1272 2127 primo
1306 2099 1402 2120 mane
1429 2094 1571 2121 nondum
1592 2094 1707 2122 Rutuli

904 2142 1017 2166 castra
1049 2145 1241 2172 oppugnare
1266 2138 1476 2175 viderentur,
1509 2141 1556 2168 ita
1587 2144 1620 2168 ut
1644 2148 1705 2169 nec

903 2183 972 2211 irae
999 2185 1093 2212 locus
1120 2188 1210 2212 esset
1229 2184 1393 2221 Troianis,
1416 2186 1606 2214 0001105105
1628 2185 1704 2223 iam,

903 2229 936 2258 in
968 2237 1050 2264 quos
1079 2231 1146 2258 tela
1181 2230 1366 2265 dirigerent.
1425 2231 1461 2258 Id
1490 2230 1705 2260 verissimum

904 2279 973 2310 051;
999 2284 1108 2310 neque
1132 2278 1215 2304 haec
1242 2278 1345 2304 verba
1386 2275 1523 2304 ferenda
1551 2281 1643 2314 sunt,
1673 2277 1704 2306 si

903 2329 921 2349 a
948 2329 980 2349 v.
1005 2321 1170 2350 25611011
1196 2322 1259 2350 diei
1283 2330 1339 2350 res
1371 2322 1611 2351 describuntur.
1658 2323 1705 2351 At

902 2372 1077 2401 antequam
1125 2368 1317 2404 0110130105,
1369 2368 1704 2403 circumspiciendum

904 2418 972 2450 est,
1005 2421 1081 2441 num
1106 2420 1145 2442 ea
1171 2415 1253 2443 ratio
1278 2419 1369 2442 recta
1401 2414 1451 2442 sit.
1501 2416 1593 2443 Haec
1619 2414 1705 2443 enim

904 2462 1007 2487 verba
1033 2459 1061 2488 si
1087 2462 1221 2489 aberant
1249 2461 1438 2497 aliquando,
1464 2461 1537 2494 quis
1561 2464 1623 2496 est,
1650 2461 1704 2495 qui

903 2506 1011 2533 credat
1047 2505 1147 2534 alium
1185 2507 1346 2535 hominem
1390 2508 1464 2534 loco
1503 2511 1533 2534 ut
1574 2507 1706 2535 videtur

903 2552 1047 2579 maxime
1072 2552 1180 2580 alieno
1203 2553 1370 2588 intulisse,
1396 2559 1494 2586 quum
1509 2553 1588 2581 nillil
1604 2554 1705 2582 ades-

904 2602 966 2634 sel,
993 2599 1136 2632 quodad
1163 2599 1703 2633 03110000030010131311111100102

904 2645 1026 2672 01111105
1052 2644 1168 2672 deinde
1197 2645 1270 2672 libri
1296 2651 1432 2672 versum
1465 2645 1585 2672 habent
1637 2645 1701 2674 Sed

902 2693 1000 2724 poeta
1025 2689 1090 2717 iam
1113 2697 1261 2724 pugnare
1294 2697 1368 2718 cum
1394 2690 1522 2719 Rutulis
1540 2690 1703 2720 Troianos

902 2735 1019 2772 sumit,
1052 2735 1163 2769 itaque
1184 2740 1364 2770 conspecto
1384 2736 1501 2764 Aenea
1518 2743 1703 2774 magnaque

901 2781 974 2810 eius
999 2783 1110 2810 classe
1135 2782 1304 2818 auxiliari,
1330 2784 1454 2810 laetum
1479 2784 1595 2810 tollunt
1633 2784 1705 2812 cla-

902 2834 1048 2862 morem3
1077 2827 1174 2856 simul
1190 2828 1391 2865 irascuntur,
1413 2829 1497 2862 quod
1517 2836 1555 2856 se
1565 2830 1704 2857 clausos

903 2873 1170 2910 videatAeneas,
1196 2881 1297 2908 quare
1324 2875 1411 2902 omni
1435 2873 1468 2902 vi
1494 2876 1559 2902 tela
1585 2875 1618 2902 in
1641 2876 1703 2903 ho-

903 2923 974 2948 stes
1001 2919 1188 2955 coniiciunt,
1222 2925 1255 2948 ut
1287 2922 1484 2955 propellant.
1533 2920 1648 2949 Incidit
1674 2920 1704 2949 ei

902 2965 936 2994 in
969 2969 1111 2994 mentem
1147 2967 1270 2995 addere
1303 2966 1393 2995 illam
1422 2967 1702 3002 comparationem

904 3019 1031 3048 gruum.
