2023 3350
809 123 846 154 P.
875 122 1068 155 vfflGan
1104 122 1314 156 MAROMS

251 129 331 167 332

251 238 462 279 Eductam
497 234 678 287 Egeriae
713 234 838 285 lucis,
881 233 1104 276 humentia
1138 235 1296 276 circum

252 296 417 343 Litora,
461 291 630 344 pinguis
666 291 739 332 ubi
781 295 823 332 et
857 291 1082 344 placabilis
1119 305 1197 333 ara
1233 293 1409 333 Dianae.

251 354 441 402 Namque
478 348 619 389 ferunt
652 348 768 389 sama
798 348 1098 402 Hippolytum,
1138 353 1366 403 postquam
1404 351 1498 389 arte
1535 359 1742 388 novercae

249 406 485 456 Occiderit,
528 406 779 459 patriasque
817 406 1003 460 explerit
1039 406 1246 458 sanguine
1281 418 1443 460 poenas

248 464 450 506 'sut-batis
490 462 724 504 distractus
760 464 899 516 equis,
942 463 997 504 ad
1033 462 1177 504 sidera
1212 477 1361 504 rursus

251 521 453 562 Aetheria
494 524 536 561 et
572 534 751 574 superas
789 521 896 561 caeli
931 521 1096 561 venisse
1131 520 1209 561 sub
1250 534 1390 569 auras,

247 578 442 620 Paeoniis
478 581 725 618 revocatum
760 577 906 619 herbis
941 581 984 618 et
1019 591 1165 618 amore
1203 577 1379 618 Dianae.

247 637 354 677 Tum
388 639 515 688 pater
550 635 839 688 omnipotens,
884 635 1069 688 aliquem
1106 634 1354 687 indignatus
1392 634 1447 675 ab
1484 633 1647 676 umbris

249 693 475 734 Mortalem
510 691 687 733 infernis
723 692 779 733 ad
813 692 974 733 lumina
1010 705 1185 745 surgere
1223 691 1347 743 vitae,

248 752 345 804 Ipse
382 753 646 803 repertorem
681 749 921 791 medicinae
956 749 1056 790 talis
1093 752 1137 790 et
1171 748 1278 790 artis

248 808 443 850 Fulmine
483 807 798 860 Phoebigenam
829 807 1000 861 Stygias
1033 806 1219 848 detrusit
1257 805 1314 847 ad
1345 804 1494 847 undas.

247 867 304 906 At
337 865 478 905 Trivia
514 864 795 919 Hippolytum
835 864 1008 906 secretis
1047 864 1162 905 alma
1201 862 1396 904 recondit

248 922 450 973 Sedibus,
490 926 531 963 et
572 922 786 976 nymphae
824 922 1006 975 Egeriae
1044 920 1294 974 nemorique
1334 920 1509 975 relegat,

249 980 374 1022 Solus
410 979 484 1020 ubi
518 980 562 1021 in
600 980 717 1021 silvis
753 979 877 1020 Italis
913 977 1112 1032 ignobilis
1151 992 1302 1020 aevum

248 1038 471 1090 Exigeret,
513 1050 723 1090 versoque
756 1036 830 1078 ubi
861 1037 1033 1078 nomine
1066 1035 1241 1077 Virbius
1283 1038 1404 1077 esset.

250 1095 371 1137 Unde
411 1095 541 1135 etiam
571 1095 730 1147 templo
766 1094 932 1136 Triviae
967 1094 1160 1147 lucisque
1201 1093 1381 1135 sacratis

250 1151 510 1204 Cornipedes
546 1156 747 1192 arcentur
783 1151 901 1204 equi,
943 1151 1059 1204 quod
1097 1151 1222 1192 litore
1262 1164 1434 1191 currum

249 1209 306 1250 Et
337 1209 531 1250 iuvenem
565 1209 768 1249 monstris
801 1208 945 1262 pavidi
984 1208 1169 1249 effudere
1203 1207 1391 1248 marinis.

249 1266 381 1307 Filius
419 1266 618 1307 ardentes
657 1264 774 1307 haud
814 1266 946 1307 setius
986 1278 1172 1318 aequore
1207 1264 1347 1318 campi

1803 349 1883 388 765

1804 635 1886 673 770

1805 925 1885 963 775

1808 1208 1890 1248 780

250 1323 491 1365 Exercebat
527 1337 658 1377 equos
670 1357 679 1374 ,

721 1336 936 1376 curruque
971 1322 1015 1363 in
1056 1322 1170 1363 bella
1207 1321 1373 1363 ruebat.

366 1381 463 1434 lpse
498 1381 610 1422 inter
650 1380 813 1434 primos
848 1380 1088 1434 praestanti
1128 1393 1308 1433 corpore
1342 1378 1509 1419 Turnus

250 1439 445 1480 Vertitur
478 1452 598 1479 arma
638 1442 807 1489 tenens,

294 1544 370 1574 763.
402 1542 516 1574 Lucus
538 1542 694 1585 Egeriae
720 1552 816 1579 prope
832 1545 989 1581 Ariciam,
1015 1544 1047 1572 in

249 1600 310 1626 quo
351 1592 547 1626 Hippolytus
586 1592 731 1625 sepultus
769 1595 817 1618 est
849 1592 907 1618 Ov.
942 1591 975 1618 F.
1017 1588 1047 1626 3,

249 1636 313 1664 263
339 1645 387 1671 sq.
416 1652 453 1656 —
479 1634 660 1666 humentia
682 1636 779 1664 litora
800 1637 893 1664 lacus
918 1635 1048 1664 Aricini

248 1683 286 1711 cf.
313 1679 389 1709 516.

295 1726 370 1755 761.
397 1724 557 1767 pingui&
584 1726 742 1760 frequenti
766 1725 924 1754 sacrificio
951 1725 990 1754 cf.
1018 1723 1047 1761 4,

250 1771 303 1800 62.
339 1788 375 1792 —
416 1769 608 1800 placabitis
645 1779 711 1799 ara
745 1775 792 1799 est
825 1777 902 1807 ara,
944 1771 974 1799 si
1003 1771 1048 1798 dii

250 1821 420 1853 placantur
445 1818 550 1846 sacris
584 1817 615 1845 in
641 1824 700 1845 ara
732 1816 826 1846 facus
853 1816 891 1844 cf.
918 1818 977 1844 Ov.
1003 1819 1045 1844 M.

252 1863 311 1899 15,
338 1861 403 1891 574
434 1861 557 1902 placat
583 1859 744 1891 adoratis
764 1859 928 1890 herbosas
954 1860 1050 1901 igni-

248 1908 310 1938 bus
335 1917 428 1937 aras.
463 1923 500 1927 —
536 1910 615 1936 Sunt
641 1908 695 1943 qui
720 1909 750 1936 et
776 1909 890 1936 tollunt
913 1911 943 1935 et
970 1909 1002 1935 h.
1024 1909 1045 1935 1.

247 1959 277 1983 et
299 1955 381 1983 libro
404 1952 434 1990 9,
461 1951 537 1989 58⁵,
565 1954 768 1988 referuntque
793 1949 981 1991 placabilis
1006 1954 1047 1980 ad

250 2001 399 2029 Dianam.
448 2000 500 2027 Ad
517 2000 710 2027 sententiam
728 2001 808 2027 haec
827 2000 907 2026 bene
932 2006 966 2026 se
988 2000 1047 2026 ha-

249 2048 341 2079 bent,
375 2046 431 2073 sed
464 2045 497 2072 in
527 2042 584 2073 ubi
607 2053 670 2072 non
695 2045 778 2072 solet
800 2044 874 2079 Vgl.
898 2044 1046 2072 ultimam

249 2093 432 2126 producere.
483 2092 591 2124 Neque
613 2091 695 2124 quod
712 2090 789 2118 libri
810 2090 896 2125 dant,
925 2091 1047 2118 malum

249 2141 313 2170 est,
340 2144 415 2165 nam
437 2136 554 2170 opponi
579 2136 705 2164 videtur
724 2138 804 2164 haec
819 2142 878 2163 ara
895 2135 1047 2164 illiTau-

251 2182 353 2218 ricae,
387 2182 419 2210 in
449 2188 512 2215 qua
541 2182 687 2210 homines
717 2183 866 2210 advenae
896 2181 1046 2209 immola-

248 2230 381 2263 bantur;
415 2234 514 2262 quare
544 2227 664 2256 factum
696 2231 762 2263 est,
798 2234 896 2261 quum
927 2231 1046 2255 terram

249 2280 321 2302 eam
340 2281 451 2301 omnes
470 2273 620 2310 vitarent,
647 2277 681 2301 ut
701 2280 774 2301 raro
794 2279 924 2301 sacrum
943 2272 1044 2308 fieret;

249 2322 307 2347 hoc
322 2323 429 2347 autem
445 2320 513 2347 loco
531 2319 735 2353 saepissime.
771 2320 810 2346 Et
823 2323 929 2346 tamen
947 2318 1045 2347 etiam

250 2367 308 2393 noc
338 2365 372 2392 in
403 2366 474 2393 loco
500 2365 646 2393 homines
676 2364 863 2400 peregrinos
886 2367 1044 2392 mactatos

247 2418 321 2439 esse
347 2411 476 2438 docetur
502 2418 606 2446 more,
630 2417 691 2444 quo
715 2410 808 2438 illius
833 2416 911 2438 arae
935 2416 1043 2438 sacer-

248 2457 304 2483 dos
343 2456 598 2484 constituebatur
641 2455 680 2483 cf
719 2457 778 2483 Ov.
815 2456 848 2483 F.
888 2452 923 2491 3,
966 2452 1044 2484 271.

249 2504 352 2529 Strab.
380 2501 411 2538 5,
439 2499 470 2535 3,
500 2499 537 2528 12
566 2509 595 2535 p.
623 2498 688 2528 237
720 2504 848 2528 narrat:
890 2494 1045 2548 Λέγουσι

249 2539 278 2574 ὸ’
313 2540 405 2575 εἶναι
444 2539 638 2584 ἀφίδρυμα
674 2540 738 2583 τῆς
784 2537 1043 2581 Ταυροπόλου,

247 2586 337 2619 καὶ
331 2583 396 2629 μίρ
414 2599 449 2619 τι
468 2584 696 2641 βαρβαρικὸν
719 2587 845 2627 noemi
864 2583 926 2617 καὶ
948 2586 1044 2617 Σκυ-

246 2630 357 2664 θικὸν
376 2631 458 2674 περὶ
481 2630 522 2665 τὸ
544 2630 643 2673 ἱερὸν
667 2629 756 2670 ἔθος
777 2640 834 2663 etc.
861 2635 943 2663 unde
968 2634 1044 2663 dicit

246 2681 304 2709 Sil.
330 2680 361 2717 8,
388 2680 452 2709 364
478 2679 608 2710 immite
633 2688 754 2709 nemus
784 2677 935 2708 'fririae
984 2680 1044 2709 Hic

247 2734 316 2754 mos
349 2713 389 2754 ad
423 2727 581 2755 Hadriani
615 2733 719 2760 usque
749 2729 889 2760 tempora
925 2725 1043 2754 dicitur

248 2773 410 2801 mansisse
428 2780 448 2801 a
463 2774 561 2801 Paus.
579 2769 609 2809 2,
629 2769 682 2809 27,
710 2768 740 2799 4.
779 2772 935 2800 Sacerdos
955 2771 1042 2800 dice-

248 2819 341 2845 batur
358 2825 417 2846 rea:
430 2814 643 2847 nemereus-is
658 2819 744 2845 Suet.
763 2817 832 2845 Cal.
852 2814 892 2844 35
911 2817 1042 2853 „abiec-

247 2867 298 2890 tae
323 2864 516 2892 conditionis
547 2868 576 2891 et
600 2867 764 2891 extremae
789 2860 909 2891 sortis“
936 2864 1039 2891 homo.

292 2906 369 2937 768.
396 2906 444 2937 ad
475 2907 593 2937 sidera
633 2908 667 2936 in
705 2908 755 2936 die
786 2909 963 2944 Oberwelt,
1009 2910 1042 2937 ct

249 2950 308 2979 snb
339 2961 446 2982 auras
478 2954 499 2982 i.
530 2962 556 2982 e.
590 2954 623 2981 in
654 2953 757 2982 vitam
788 2953 912 2982 redisse
941 2953 980 2983 cf.
1008 2951 1038 2991 6,

247 2994 322 3024 436.
372 2996 461 3027 caeli
486 3007 598 3028 aurae
623 2997 659 3037 6,
686 2997 762 3028 363.

849 1442 891 1479 et
927 1442 1020 1479 toto
1058 1437 1216 1478 vertice
1254 1449 1387 1490 supra
1424 1438 1510 1477 est:

1142 1541 1218 1572 769.
1250 1539 1421 1574 Paeoniis,
1437 1540 1673 1569 medicantibus
1687 1540 1726 1570 cf.
1745 1538 1798 1577 12,
1812 1538 1889 1570 401.

1142 1587 1218 1617 770.
1250 1585 1455 1628 Indignari,
1489 1595 1515 1615 c.
1546 1586 1604 1614 inf.
1629 1590 1660 1615 et
1684 1594 1751 1615 acc.
1778 1590 1812 1616 ut
1835 1594 1887 1622 ap.

1097 1636 1190 1664 caes,
1217 1635 1279 1662 BC.
1303 1632 1341 1669 3,
1375 1631 1447 1661 108.
1496 1631 1543 1661 Cf.
1570 1633 1622 1659 Gr.
1646 1632 1668 1664 ,ς
1697 1630 1774 1661 429.

1142 1678 1218 1708 771.
1245 1677 1381 1707 lumina
1409 1675 1501 1707 vitae
1524 1677 1563 1706 cf.
1591 1676 1626 1713 6,
1652 1675 1731 1705 829.

1141 1723 1217 1753 773.
1249 1721 1519 1764 Phoebigenam,
1532 1723 1780 1759 Aesculapium,
1791 1731 1890 1758 quum

1095 1773 1214 1799 multos
1245 1770 1392 1798 homines
1423 1769 1456 1796 in
1485 1769 1585 1797 vitam
1615 1772 1684 1797 arte
1708 1775 1771 1798 sua
1794 1770 1889 1797 redu-

1093 1817 1216 1852 xisset,
1257 1822 1276 1843 a
1310 1817 1388 1843 Iove
1424 1812 1559 1843 fulmine
1596 1822 1670 1843 esse
1699 1822 1889 1848 percussum

1095 1862 1191 1890 tradit
1215 1862 1366 1896 Apollod.
1393 1858 1428 1897 3,
1459 1859 1514 1896 10,
1540 1857 1571 1887 4.

1141 1905 1217 1934 775.
1244 1904 1398 1946 relegat,
1437 1909 1581 1934 semovet
1616 1911 1637 1933 a
1669 1905 1772 1934 turbis
1801 1905 1890 1934 vitae

1094 1954 1135 1981 ad
1159 1954 1350 1988 Nympnam.

1141 1996 1218 2026 776.
1246 1993 1414 2037 ignobilis
1439 1996 1459 2024 i.
1486 2004 1513 2025 e,
1540 1995 1687 2033 ignotus,
1717 1996 1752 2024 in
1774 1997 1889 2026 solitu-

1094 2044 1177 2072 dine.
1204 2059 1248 2063 —
1272 2050 1393 2071 aevum
1423 2038 1563 2082 exigere
1592 2038 1650 2077 10,
1674 2039 1728 2070 53.

1141 2087 1217 2118 778.
1244 2090 1411 2123 Templum
1429 2087 1564 2116 Triviae
1583 2089 1613 2115 et
1630 2088 1724 2116 lucus
1743 2088 1784 2115 ad
1801 2095 1888 2117 com-

1095 2135 1197 2170 pitum
1220 2134 1433 2171 Anagninum
1467 2133 1506 2162 cf.
1534 2132 1607 2161 Liv.
1636 2130 1695 2169 27,
1721 2131 1751 2161 4.
1800 2134 1888 2162 Pau-

1094 2181 1210 2209 sanias
1235 2182 1256 2208 l.
1283 2182 1304 2208 l.
1332 2180 1362 2208 id
1389 2186 1540 2208 sacrasse
1565 2178 1641 2207 dicit
1664 2178 1887 2214 Hippolytum.

1139 2224 1215 2254 779.
1243 2232 1381 2254 currum
1424 2227 1456 2252 et
1501 2221 1658 2252 iuvenem
1710 2221 1890 2262 effundere

1093 2279 1231 2308 zeugma
1251 2279 1324 2300 esse
1342 2270 1476 2300 dicitur:
1504 2274 1648 2297 evertere
1665 2277 1793 2299 currum
1813 2274 1843 2298 et
1861 2291 1886 2299 ..

1092 2318 1131 2347 cf.
1168 2314 1202 2354 1,
1235 2314 1310 2344 356.
1371 2312 1442 2344 Pt..·
1475 2315 1598 2350 „Poeta
1627 2323 1759 2344 versum
1792 2316 1888 2351 longe

1091 2363 1257 2392 meliorem
1287 2361 1393 2390 facere
1431 2360 1604 2395 potuisset:
1652 2358 1743 2399 quod
1779 2357 1886 2390 litora

1091 2407 1217 2437 circum
1247 2403 1399 2435 Attoniti
1432 2403 1594 2434 monstris
1625 2402 1783 2434 iuvenem
1815 2408 1888 2435 tra-

1091 2461 1170 2482 xere
1203 2449 1350 2480 marinis
1384 2452 1439 2480 vel
1476 2448 1659 2490 rapuere.“
1713 2452 1887 2480 Markland

1091 2498 1172 2527 coni.
1199 2495 1303 2526 litora
1329 2494 1456 2525 circum
1475 2493 1552 2524 Heu
1577 2493 1748 2534 iuvenem,
1772 2499 1888 2532 proba-

1090 2548 1141 2573 tus
1165 2551 1186 2572 a
1208 2543 1312 2578 Spitta
1337 2544 1388 2570 Pr.
1417 2543 1588 2571 Sondersh.
1617 2539 1658 2569 67
1684 2550 1713 2577 p.
1740 2540 1792 2570 30.

1135 2585 1211 2617 781.
1239 2585 1335 2617 haud
1365 2585 1481 2617 setius.
1537 2588 1649 2622 Itaque
1684 2591 1792 2617 tantae
1824 2587 1885 2616 fuit

1089 2635 1264 2671 audaciae,
1297 2637 1331 2662 ut
1364 2633 1465 2668 patris
1496 2637 1595 2662 morte
1621 2641 1685 2661 non
1709 2635 1883 2662 deterrere-

1089 2684 1149 2709 tur.
1200 2682 1309 2715 Neque
1328 2679 1415 2708 addit
1439 2686 1520 2713 quos
1543 2679 1672 2708 duxerit
1694 2679 1780 2708 filius
1802 2678 1883 2712 Hip-

1090 2726 1208 2763 polyti,
1245 2733 1349 2760 neque
1381 2729 1495 2759 postea
1526 2724 1560 2752 in
1589 2726 1672 2753 hello
1699 2724 1770 2752 eius
1793 2722 1882 2752 facta

1088 2775 1259 2807 memorat,
1299 2774 1334 2799 ut
1369 2770 1518 2799 videatur
1549 2771 1640 2799 modo
1676 2769 1757 2798 clari
1789 2768 1882 2797 illius

1087 2817 1228 2847 nemoris
1244 2816 1356 2845 Dianii
1379 2816 1570 2844 mentionem
1593 2815 1699 2844 facere
1722 2814 1880 2843 voluisse.

1283 2892 1346 2924 783
1357 2911 1399 2915 —
1414 2892 1489 2924 802.
1538 2891 1690 2922 Turnus.

1132 2949 1209 2980 784.
1236 2950 1387 2981 vertitur
1421 2958 1520 2979 arma
1557 2951 1695 2983 tenen-u
1737 2950 1883 2979 celeriter

1086 3006 1121 3027 se
1146 3002 1253 3027 movet
1277 3001 1309 3026 et
1337 2999 1451 3033 vegeto
1476 2995 1594 3025 animo*
1615 2998 1645 3024 et
1670 3003 1812 3031 corpore.
1839 3010 1876 3016 —-
