<?xml version="1.0" encoding="UTF-8"?>
<!DOCTYPE html PUBLIC "-//W3C//DTD XHTML 1.0 Transitional//EN"
    "http://www.w3.org/TR/xhtml1/DTD/xhtml1-transitional.dtd">
<html xmlns="http://www.w3.org/1999/xhtml" xml:lang="en" lang="en">
 <head>
  <title>
</title>
<meta http-equiv="Content-Type" content="text/html;charset=utf-8" />
  <meta name='ocr-system' content='tesseract 3.04.00' />
  <meta name='ocr-capabilities' content='ocr_page ocr_carea ocr_par ocr_line ocrx_word'/>
</head>
<body>
  <div class='ocr_page' id='page_1' title='image "aeneisvi00virguoft_0284.png"; bbox 0 0 2023 3350; ppageno 0'>
   <div class='ocr_carea' id='block_1_1' title="bbox 214 126 296 166">
    <p class='ocr_par' dir='ltr' id='par_1_1' title="bbox 214 126 296 166">
     <span class='ocr_line' id='line_1_1' title="bbox 214 126 296 166; baseline -0.012 0"><span class='ocrx_word' id='word_1_1' title='bbox 214 126 296 166; x_wconf 80' lang='lat'>258</span> 
     </span>
    </p>
   </div>
   <div class='ocr_carea' id='block_1_2' title="bbox 789 121 1291 157">
    <p class='ocr_par' dir='ltr' id='par_1_2' title="bbox 789 121 1291 157">
     <span class='ocr_line' id='line_1_2' title="bbox 789 121 1291 157; baseline 0.004 -4"><span class='ocrx_word' id='word_1_2' title='bbox 789 123 827 153; x_wconf 93' lang='lat' dir='ltr'>P.</span> <span class='ocrx_word' id='word_1_3' title='bbox 856 121 1054 155; x_wconf 85' lang='lat' dir='ltr'>VIRGILII</span> <span class='ocrx_word' id='word_1_4' title='bbox 1078 121 1291 157; x_wconf 77' lang='lat' dir='ltr'>MARONIS</span> 
     </span>
    </p>
   </div>
   <div class='ocr_carea' id='block_1_3' title="bbox 213 233 1427 346">
    <p class='ocr_par' dir='ltr' id='par_1_3' title="bbox 213 233 1427 346">
     <span class='ocr_line' id='line_1_3' title="bbox 213 233 1427 290; baseline -0.001 -11"><span class='ocrx_word' id='word_1_5' title='bbox 213 238 351 288; x_wconf 76' lang='lat' dir='ltr'>Quam</span> <span class='ocrx_word' id='word_1_6' title='bbox 390 249 468 277; x_wconf 88' lang='lat' dir='ltr'>nec</span> <span class='ocrx_word' id='word_1_7' title='bbox 504 235 635 287; x_wconf 84' lang='lat' dir='ltr'>longa</span> <span class='ocrx_word' id='word_1_8' title='bbox 673 233 780 285; x_wconf 80' lang='lat' dir='ltr'>dies,</span> <span class='ocrx_word' id='word_1_9' title='bbox 825 234 967 287; x_wconf 89' lang='lat' dir='ltr'>pietas</span> <span class='ocrx_word' id='word_1_10' title='bbox 1002 248 1081 276; x_wconf 91' lang='lat' dir='ltr'>nec</span> <span class='ocrx_word' id='word_1_11' title='bbox 1114 236 1289 290; x_wconf 87' lang='lat' dir='ltr'>mitigat</span> <span class='ocrx_word' id='word_1_12' title='bbox 1323 236 1427 288; x_wconf 89' lang='lat' dir='ltr'>ulla,</span> 
     </span>
     <span class='ocr_line' id='line_1_4' title="bbox 213 290 1351 346; baseline 0 -10"><span class='ocrx_word' id='word_1_13' title='bbox 213 295 301 336; x_wconf 81' lang='lat' dir='ltr'>Nec</span> <span class='ocrx_word' id='word_1_14' title='bbox 339 293 453 335; x_wconf 83' lang='lat' dir='ltr'>Iovis</span> <span class='ocrx_word' id='word_1_15' title='bbox 493 291 673 344; x_wconf 89' lang='lat' dir='ltr'>imperio</span> <span class='ocrx_word' id='word_1_16' title='bbox 711 291 900 344; x_wconf 85' lang='lat' dir='ltr'>fatisque</span> <span class='ocrx_word' id='word_1_17' title='bbox 933 290 1122 335; x_wconf 83' lang='lat' dir='ltr'>infracta</span> <span class='ocrx_word' id='word_1_18' title='bbox 1156 294 1351 346; x_wconf 78' lang='lat' dir='ltr'>quiescit.</span> 
     </span>
    </p>
   </div>
   <div class='ocr_carea' id='block_1_4' title="bbox 212 348 1479 403">
    <p class='ocr_par' dir='ltr' id='par_1_4' title="bbox 212 348 1479 403">
     <span class='ocr_line' id='line_1_5' title="bbox 212 348 1479 403; baseline 0 -11"><span class='ocrx_word' id='word_1_19' title='bbox 212 352 310 392; x_wconf 78' lang='lat' dir='ltr'>Non</span> <span class='ocrx_word' id='word_1_20' title='bbox 349 349 492 391; x_wconf 84' lang='lat' dir='ltr'>media</span> <span class='ocrx_word' id='word_1_21' title='bbox 534 348 586 389; x_wconf 89' lang='lat' dir='ltr'>de</span> <span class='ocrx_word' id='word_1_22' title='bbox 622 351 750 401; x_wconf 84' lang='lat' dir='ltr'>gente</span> <span class='ocrx_word' id='word_1_23' title='bbox 786 348 1006 403; x_wconf 82' lang='lat' dir='ltr'><strong>Phrygum</strong></span> <span class='ocrx_word' id='word_1_24' title='bbox 1047 350 1240 392; x_wconf 83' lang='lat' dir='ltr'>exedisse</span> <span class='ocrx_word' id='word_1_25' title='bbox 1280 351 1479 393; x_wconf 80' lang='lat' dir='ltr'>nefandis</span> 
     </span>
    </p>
   </div>
   <div class='ocr_carea' id='block_1_5' title="bbox 212 406 1602 520">
    <p class='ocr_par' dir='ltr' id='par_1_5' title="bbox 212 406 1602 520">
     <span class='ocr_line' id='line_1_6' title="bbox 212 406 1602 462; baseline -0.001 -13"><span class='ocrx_word' id='word_1_26' title='bbox 212 407 375 450; x_wconf 84' lang='lat' dir='ltr'>Urbem</span> <span class='ocrx_word' id='word_1_27' title='bbox 412 406 521 448; x_wconf 88' lang='lat' dir='ltr'>odiis</span> <span class='ocrx_word' id='word_1_28' title='bbox 553 406 660 446; x_wconf 87' lang='lat' dir='ltr'>satis</span> <span class='ocrx_word' id='word_1_29' title='bbox 693 409 779 457; x_wconf 89' lang='lat' dir='ltr'>est,</span> <span class='ocrx_word' id='word_1_30' title='bbox 822 419 900 447; x_wconf 88' lang='lat' dir='ltr'>nec</span> <span class='ocrx_word' id='word_1_31' title='bbox 936 419 1121 460; x_wconf 89' lang='lat' dir='ltr'>poenam</span> <span class='ocrx_word' id='word_1_32' title='bbox 1157 411 1282 449; x_wconf 82' lang='lat' dir='ltr'>traxe</span> <span class='ocrx_word' id='word_1_33' title='bbox 1320 423 1398 462; x_wconf 89' lang='lat' dir='ltr'>per</span> <span class='ocrx_word' id='word_1_34' title='bbox 1434 421 1602 450; x_wconf 89' lang='lat' dir='ltr'>omnem</span> 
     </span>
     <span class='ocr_line' id='line_1_7' title="bbox 213 462 1457 520; baseline 0.002 -15"><span class='ocrx_word' id='word_1_35' title='bbox 213 464 435 517; x_wconf 80' lang='lat' dir='ltr'>Reliquias</span> <span class='ocrx_word' id='word_1_36' title='bbox 469 462 644 504; x_wconf 83' lang='lat' dir='ltr'>Troiae:</span> <span class='ocrx_word' id='word_1_37' title='bbox 696 463 861 505; x_wconf 87' lang='lat' dir='ltr'>cineres</span> <span class='ocrx_word' id='word_1_38' title='bbox 899 466 1032 517; x_wconf 87' lang='lat' dir='ltr'>atque</span> <span class='ocrx_word' id='word_1_39' title='bbox 1072 477 1172 506; x_wconf 90' lang='lat' dir='ltr'>ossa</span> <span class='ocrx_word' id='word_1_40' title='bbox 1207 470 1457 520; x_wconf 83' lang='lat' dir='ltr'>peremptae</span> 
     </span>
    </p>
   </div>
   <div class='ocr_carea' id='block_1_6' title="bbox 214 521 473 573">
    <p class='ocr_par' dir='ltr' id='par_1_6' title="bbox 214 521 473 573">
     <span class='ocr_line' id='line_1_8' title="bbox 214 521 473 573; baseline -0.008 -10"><span class='ocrx_word' id='word_1_41' title='bbox 214 521 473 573; x_wconf 77' lang='lat' dir='ltr'>Insequitur.</span> 
     </span>
    </p>
   </div>
   <div class='ocr_carea' id='block_1_7' title="bbox 536 519 1330 565">
    <p class='ocr_par' dir='ltr' id='par_1_7' title="bbox 536 519 1330 565">
     <span class='ocr_line' id='line_1_9' title="bbox 536 519 1330 565; baseline 0.004 -4"><span class='ocrx_word' id='word_1_42' title='bbox 536 519 722 562; x_wconf 86' lang='lat' dir='ltr'>Caussas</span> <span class='ocrx_word' id='word_1_43' title='bbox 753 521 866 562; x_wconf 89' lang='lat' dir='ltr'>tanti</span> <span class='ocrx_word' id='word_1_44' title='bbox 896 521 1006 563; x_wconf 83' lang='lat' dir='ltr'>sciat</span> <span class='ocrx_word' id='word_1_45' title='bbox 1045 521 1123 562; x_wconf 88' lang='lat' dir='ltr'>illa</span> <span class='ocrx_word' id='word_1_46' title='bbox 1159 522 1330 565; x_wconf 80' lang='lat' dir='ltr'>furoris.</span> 
     </span>
    </p>
   </div>
   <div class='ocr_carea' id='block_1_8' title="bbox 213 577 1335 633">
    <p class='ocr_par' dir='ltr' id='par_1_8' title="bbox 213 577 1335 633">
     <span class='ocr_line' id='line_1_10' title="bbox 213 577 1335 633; baseline 0.001 -13"><span class='ocrx_word' id='word_1_47' title='bbox 213 579 313 632; x_wconf 86' lang='lat' dir='ltr'>Ipse</span> <span class='ocrx_word' id='word_1_48' title='bbox 351 577 457 619; x_wconf 85' lang='lat' dir='ltr'>mihi</span> <span class='ocrx_word' id='word_1_49' title='bbox 493 591 632 632; x_wconf 87' lang='lat' dir='ltr'>nuper</span> <span class='ocrx_word' id='word_1_50' title='bbox 664 577 836 633; x_wconf 84' lang='lat' dir='ltr'>Libycis</span> <span class='ocrx_word' id='word_1_51' title='bbox 873 582 922 619; x_wconf 90' lang='lat' dir='ltr'>tu</span> <span class='ocrx_word' id='word_1_52' title='bbox 958 579 1083 620; x_wconf 86' lang='lat' dir='ltr'>testis</span> <span class='ocrx_word' id='word_1_53' title='bbox 1114 579 1159 620; x_wconf 89' lang='lat' dir='ltr'>in</span> <span class='ocrx_word' id='word_1_54' title='bbox 1196 580 1335 632; x_wconf 87' lang='lat' dir='ltr'>undis,</span> 
     </span>
    </p>
   </div>
   <div class='ocr_carea' id='block_1_9' title="bbox 213 635 955 686">
    <p class='ocr_par' dir='ltr' id='par_1_9' title="bbox 213 635 955 686">
     <span class='ocr_line' id='line_1_11' title="bbox 213 635 955 686; baseline 0.001 -10"><span class='ocrx_word' id='word_1_55' title='bbox 213 636 353 686; x_wconf 82' lang='lat' dir='ltr'>Quam</span> <span class='ocrx_word' id='word_1_56' title='bbox 382 635 539 683; x_wconf 90' lang='lat' dir='ltr'>molem</span> <span class='ocrx_word' id='word_1_57' title='bbox 577 635 723 677; x_wconf 90' lang='lat' dir='ltr'>subito</span> <span class='ocrx_word' id='word_1_58' title='bbox 763 636 955 678; x_wconf 80' lang='lat' dir='ltr'>excierit.</span> 
     </span>
    </p>
   </div>
   <div class='ocr_carea' id='block_1_10' title="bbox 1016 636 1488 680">
    <p class='ocr_par' dir='ltr' id='par_1_10' title="bbox 1016 636 1488 680">
     <span class='ocr_line' id='line_1_12' title="bbox 1016 636 1488 680; baseline 0.002 -3"><span class='ocrx_word' id='word_1_59' title='bbox 1016 636 1158 677; x_wconf 87' lang='lat' dir='ltr'>Maria</span> <span class='ocrx_word' id='word_1_60' title='bbox 1187 638 1333 680; x_wconf 88' lang='lat' dir='ltr'>omnia</span> <span class='ocrx_word' id='word_1_61' title='bbox 1369 638 1488 679; x_wconf 88' lang='lat' dir='ltr'>caelo</span> 
     </span>
    </p>
   </div>
   <div class='ocr_carea' id='block_1_11' title="bbox 1785 636 1868 675">
    <p class='ocr_par' dir='ltr' id='par_1_11' title="bbox 1785 636 1868 675">
     <span class='ocr_line' id='line_1_13' title="bbox 1785 636 1868 675; baseline 0 0"><span class='ocrx_word' id='word_1_62' title='bbox 1785 636 1868 675; x_wconf 88' lang='lat'>790</span> 
     </span>
    </p>
   </div>
   <div class='ocr_carea' id='block_1_12' title="bbox 213 692 1351 749">
    <p class='ocr_par' dir='ltr' id='par_1_12' title="bbox 213 692 1351 749">
     <span class='ocr_line' id='line_1_14' title="bbox 213 692 1351 749; baseline 0.002 -15"><span class='ocrx_word' id='word_1_63' title='bbox 213 693 408 744; x_wconf 82' lang='lat' dir='ltr'>Miscuit,</span> <span class='ocrx_word' id='word_1_64' title='bbox 450 692 611 735; x_wconf 89' lang='lat' dir='ltr'>Aeoliis</span> <span class='ocrx_word' id='word_1_65' title='bbox 647 693 944 748; x_wconf 86' lang='lat' dir='ltr'>nequidquam</span> <span class='ocrx_word' id='word_1_66' title='bbox 983 693 1097 735; x_wconf 83' lang='lat' dir='ltr'>freta</span> <span class='ocrx_word' id='word_1_67' title='bbox 1134 695 1351 749; x_wconf 88' lang='lat' dir='ltr'>procellis,</span> 
     </span>
    </p>
   </div>
   <div class='ocr_carea' id='block_1_13' title="bbox 214 749 825 804">
    <p class='ocr_par' dir='ltr' id='par_1_13' title="bbox 214 749 825 804">
     <span class='ocr_line' id='line_1_15' title="bbox 214 749 825 804; baseline 0 -12"><span class='ocrx_word' id='word_1_68' title='bbox 214 751 265 792; x_wconf 93' lang='lat' dir='ltr'>In</span> <span class='ocrx_word' id='word_1_69' title='bbox 298 750 442 804; x_wconf 82' lang='lat' dir='ltr'>regnis</span> <span class='ocrx_word' id='word_1_70' title='bbox 473 749 554 791; x_wconf 89' lang='lat' dir='ltr'>hoc</span> <span class='ocrx_word' id='word_1_71' title='bbox 586 764 692 792; x_wconf 88' lang='lat' dir='ltr'>ausa</span> <span class='ocrx_word' id='word_1_72' title='bbox 725 751 825 793; x_wconf 88' lang='lat' dir='ltr'>tuis.</span> 
     </span>
    </p>
   </div>
   <div class='ocr_carea' id='block_1_14' title="bbox 212 807 1412 920">
    <p class='ocr_par' dir='ltr' id='par_1_14' title="bbox 212 807 1412 920">
     <span class='ocr_line' id='line_1_16' title="bbox 212 807 1412 851; baseline 0 -2"><span class='ocrx_word' id='word_1_73' title='bbox 212 809 295 849; x_wconf 87' lang='lat' dir='ltr'>Per</span> <span class='ocrx_word' id='word_1_74' title='bbox 327 807 467 849; x_wconf 88' lang='lat' dir='ltr'>scelus</span> <span class='ocrx_word' id='word_1_75' title='bbox 507 821 607 849; x_wconf 89' lang='lat' dir='ltr'>ecce</span> <span class='ocrx_word' id='word_1_76' title='bbox 644 808 775 850; x_wconf 88' lang='lat' dir='ltr'>etiam</span> <span class='ocrx_word' id='word_1_77' title='bbox 812 808 1010 850; x_wconf 84' lang='lat' dir='ltr'>Troianis</span> <span class='ocrx_word' id='word_1_78' title='bbox 1049 808 1263 850; x_wconf 87' lang='lat' dir='ltr'>matribus</span> <span class='ocrx_word' id='word_1_79' title='bbox 1302 809 1412 851; x_wconf 88' lang='lat' dir='ltr'>actis</span> 
     </span>
     <span class='ocr_line' id='line_1_17' title="bbox 213 864 1247 920; baseline 0.002 -14"><span class='ocrx_word' id='word_1_80' title='bbox 213 866 393 907; x_wconf 85' lang='lat' dir='ltr'>Exussit</span> <span class='ocrx_word' id='word_1_81' title='bbox 431 864 557 907; x_wconf 88' lang='lat' dir='ltr'>foede</span> <span class='ocrx_word' id='word_1_82' title='bbox 592 879 781 920; x_wconf 80' lang='lat' dir='ltr'>puppes,</span> <span class='ocrx_word' id='word_1_83' title='bbox 824 870 868 908; x_wconf 88' lang='lat' dir='ltr'>et</span> <span class='ocrx_word' id='word_1_84' title='bbox 902 866 1039 908; x_wconf 85' lang='lat' dir='ltr'>classe</span> <span class='ocrx_word' id='word_1_85' title='bbox 1075 865 1247 920; x_wconf 84' lang='lat' dir='ltr'>subegit</span> 
     </span>
    </p>
   </div>
   <div class='ocr_carea' id='block_1_15' title="bbox 214 923 1197 977">
    <p class='ocr_par' dir='ltr' id='par_1_15' title="bbox 214 923 1197 977">
     <span class='ocr_line' id='line_1_18' title="bbox 214 923 1197 977; baseline 0.001 -13"><span class='ocrx_word' id='word_1_86' title='bbox 214 924 386 965; x_wconf 87' lang='lat' dir='ltr'>Amissa</span> <span class='ocrx_word' id='word_1_87' title='bbox 425 923 563 964; x_wconf 88' lang='lat' dir='ltr'>socios</span> <span class='ocrx_word' id='word_1_88' title='bbox 599 924 775 977; x_wconf 83' lang='lat' dir='ltr'>ignotae</span> <span class='ocrx_word' id='word_1_89' title='bbox 810 924 1008 977; x_wconf 87' lang='lat' dir='ltr'>linquere</span> <span class='ocrx_word' id='word_1_90' title='bbox 1041 928 1197 966; x_wconf 88' lang='lat' dir='ltr'>terrae.</span> 
     </span>
    </p>
   </div>
   <div class='ocr_carea' id='block_1_16' title="bbox 1786 921 1868 961">
    <p class='ocr_par' dir='ltr' id='par_1_16' title="bbox 1786 921 1868 961">
     <span class='ocr_line' id='line_1_19' title="bbox 1786 921 1868 961; baseline -0.012 0"><span class='ocrx_word' id='word_1_91' title='bbox 1786 921 1868 961; x_wconf 78' lang='lat'>795</span> 
     </span>
    </p>
   </div>
   <div class='ocr_carea' id='block_1_17' title="bbox 215 979 1571 1197">
    <p class='ocr_par' dir='ltr' id='par_1_17' title="bbox 215 979 1457 1149">
     <span class='ocr_line' id='line_1_20' title="bbox 215 979 1457 1035; baseline -0.001 -13"><span class='ocrx_word' id='word_1_92' title='bbox 215 981 342 1031; x_wconf 83' lang='lat' dir='ltr'>Quod</span> <span class='ocrx_word' id='word_1_93' title='bbox 379 983 592 1034; x_wconf 85' lang='lat' dir='ltr'>superest,</span> <span class='ocrx_word' id='word_1_94' title='bbox 637 994 733 1033; x_wconf 93' lang='lat' dir='ltr'>oro,</span> <span class='ocrx_word' id='word_1_95' title='bbox 772 981 903 1023; x_wconf 82' lang='lat' dir='ltr'>liceat</span> <span class='ocrx_word' id='word_1_96' title='bbox 933 982 1039 1024; x_wconf 87' lang='lat' dir='ltr'>dare</span> <span class='ocrx_word' id='word_1_97' title='bbox 1075 985 1172 1023; x_wconf 88' lang='lat' dir='ltr'>tuta</span> <span class='ocrx_word' id='word_1_98' title='bbox 1207 994 1285 1035; x_wconf 85' lang='lat' dir='ltr'>per</span> <span class='ocrx_word' id='word_1_99' title='bbox 1318 979 1457 1022; x_wconf 89' lang='lat' dir='ltr'>undas</span> 
     </span>
     <span class='ocr_line' id='line_1_21' title="bbox 216 1037 1452 1093; baseline -0.001 -13"><span class='ocrx_word' id='word_1_100' title='bbox 216 1039 323 1081; x_wconf 74' lang='lat' dir='ltr'>Vela</span> <span class='ocrx_word' id='word_1_101' title='bbox 356 1038 459 1089; x_wconf 88' lang='lat' dir='ltr'>tibi,</span> <span class='ocrx_word' id='word_1_102' title='bbox 505 1038 635 1080; x_wconf 85' lang='lat' dir='ltr'>liceat</span> <span class='ocrx_word' id='word_1_103' title='bbox 673 1039 935 1081; x_wconf 87' lang='lat' dir='ltr'>Laurentem</span> <span class='ocrx_word' id='word_1_104' title='bbox 967 1039 1184 1093; x_wconf 80' lang='lat' dir='ltr'>attingere</span> <span class='ocrx_word' id='word_1_105' title='bbox 1226 1037 1452 1092; x_wconf 72' lang='lat' dir='ltr'>Thybrim,</span> 
     </span>
     <span class='ocr_line' id='line_1_22' title="bbox 215 1096 1389 1149; baseline -0.001 -11"><span class='ocrx_word' id='word_1_106' title='bbox 215 1096 260 1138; x_wconf 78' lang='lat' dir='ltr'>Si</span> <span class='ocrx_word' id='word_1_107' title='bbox 299 1109 504 1138; x_wconf 86' lang='lat' dir='ltr'>concessa</span> <span class='ocrx_word' id='word_1_108' title='bbox 545 1099 663 1149; x_wconf 89' lang='lat' dir='ltr'>peto,</span> <span class='ocrx_word' id='word_1_109' title='bbox 710 1097 747 1138; x_wconf 87' lang='lat' dir='ltr'>si</span> <span class='ocrx_word' id='word_1_110' title='bbox 778 1096 885 1139; x_wconf 89' lang='lat' dir='ltr'>dant</span> <span class='ocrx_word' id='word_1_111' title='bbox 918 1111 969 1139; x_wconf 87' lang='lat' dir='ltr'>ea</span> <span class='ocrx_word' id='word_1_112' title='bbox 1008 1097 1178 1139; x_wconf 87' lang='lat' dir='ltr'>moenia</span> <span class='ocrx_word' id='word_1_113' title='bbox 1214 1096 1389 1138; x_wconf 85' lang='lat' dir='ltr'>Parcae.</span> 
     </span>
    </p>

    <p class='ocr_par' dir='ltr' id='par_1_18' title="bbox 330 1152 1571 1197">
     <span class='ocr_line' id='line_1_23' title="bbox 330 1152 1571 1197; baseline -0.001 -3"><span class='ocrx_word' id='word_1_114' title='bbox 330 1153 438 1194; x_wconf 90' lang='lat' dir='ltr'>Tum</span> <span class='ocrx_word' id='word_1_115' title='bbox 479 1153 708 1195; x_wconf 83' lang='lat' dir='ltr'>Saturnius</span> <span class='ocrx_word' id='word_1_116' title='bbox 746 1153 854 1196; x_wconf 89' lang='lat' dir='ltr'>haec</span> <span class='ocrx_word' id='word_1_117' title='bbox 892 1154 1083 1197; x_wconf 90' lang='lat' dir='ltr'>domitor</span> <span class='ocrx_word' id='word_1_118' title='bbox 1119 1155 1252 1196; x_wconf 88' lang='lat' dir='ltr'>maris</span> <span class='ocrx_word' id='word_1_119' title='bbox 1298 1152 1437 1195; x_wconf 87' lang='lat' dir='ltr'>edidit</span> <span class='ocrx_word' id='word_1_120' title='bbox 1474 1152 1571 1194; x_wconf 86' lang='lat' dir='ltr'>alti:</span> 
     </span>
    </p>
   </div>
   <div class='ocr_carea' id='block_1_18' title="bbox 215 1210 1458 1266">
    <p class='ocr_par' dir='ltr' id='par_1_19' title="bbox 215 1210 1458 1266">
     <span class='ocr_line' id='line_1_24' title="bbox 215 1210 1458 1266; baseline -0.002 -12"><span class='ocrx_word' id='word_1_121' title='bbox 215 1212 299 1254; x_wconf 86' lang='lat' dir='ltr'>Fas</span> <span class='ocrx_word' id='word_1_122' title='bbox 340 1224 465 1254; x_wconf 89' lang='lat' dir='ltr'>omne</span> <span class='ocrx_word' id='word_1_123' title='bbox 499 1214 581 1262; x_wconf 90' lang='lat' dir='ltr'>est,</span> <span class='ocrx_word' id='word_1_124' title='bbox 626 1210 859 1266; x_wconf 81' lang='lat' dir='ltr'>Cytherea,</span> <span class='ocrx_word' id='word_1_125' title='bbox 907 1213 1012 1254; x_wconf 89' lang='lat' dir='ltr'>meis</span> <span class='ocrx_word' id='word_1_126' title='bbox 1047 1216 1091 1254; x_wconf 88' lang='lat' dir='ltr'>te</span> <span class='ocrx_word' id='word_1_127' title='bbox 1128 1211 1262 1253; x_wconf 88' lang='lat' dir='ltr'>fidere</span> <span class='ocrx_word' id='word_1_128' title='bbox 1301 1211 1458 1264; x_wconf 82' lang='lat' dir='ltr'>regnis,</span> 
     </span>
    </p>
   </div>
   <div class='ocr_carea' id='block_1_19' title="bbox 214 1347 1023 3076">
    <p class='ocr_par' dir='ltr' id='par_1_20' title="bbox 216 1347 1021 1661">
     <span class='ocr_line' id='line_1_25' title="bbox 216 1347 1021 1381; baseline 0.001 -2"><span class='ocrx_word' id='word_1_129' title='bbox 216 1353 274 1380; x_wconf 81' lang='lat' dir='ltr'>ov.</span> <span class='ocrx_word' id='word_1_130' title='bbox 288 1352 382 1380; x_wconf 86' lang='lat' dir='ltr'>Rem.</span> <span class='ocrx_word' id='word_1_131' title='bbox 397 1347 462 1379; x_wconf 86' lang='grc'>287</span> <span class='ocrx_word' id='word_1_132' title='bbox 483 1349 653 1380; x_wconf 70' lang='lat' dir='ltr'>Assuetas</span> <span class='ocrx_word' id='word_1_133' title='bbox 673 1348 770 1380; x_wconf 85' lang='lat' dir='ltr'>Circe</span> <span class='ocrx_word' id='word_1_134' title='bbox 795 1347 950 1381; x_wconf 79' lang='lat' dir='ltr'>decurrit</span> <span class='ocrx_word' id='word_1_135' title='bbox 973 1348 1021 1380; x_wconf 83' lang='lat' dir='ltr'>ad</span> 
     </span>
     <span class='ocr_line' id='line_1_26' title="bbox 216 1393 1021 1434; baseline 0 -8"><span class='ocrx_word' id='word_1_136' title='bbox 216 1399 321 1426; x_wconf 80' lang='lat' dir='ltr'>artes.</span> <span class='ocrx_word' id='word_1_137' title='bbox 368 1399 411 1425; x_wconf 85' lang='grc' dir='ltr'>Μ.</span> <span class='ocrx_word' id='word_1_138' title='bbox 437 1395 467 1434; x_wconf 89' lang='grc'>9,</span> <span class='ocrx_word' id='word_1_139' title='bbox 498 1394 540 1424; x_wconf 91' lang='grc'>62</span> <span class='ocrx_word' id='word_1_140' title='bbox 577 1393 730 1434; x_wconf 82' lang='lat' dir='ltr'>Inferior</span> <span class='ocrx_word' id='word_1_141' title='bbox 762 1394 892 1426; x_wconf 79' lang='lat' dir='ltr'>virtute</span> <span class='ocrx_word' id='word_1_142' title='bbox 925 1405 1021 1426; x_wconf 82' lang='lat' dir='ltr'>meas</span> 
     </span>
     <span class='ocr_line' id='line_1_27' title="bbox 217 1439 1020 1480; baseline 0 -9"><span class='ocrx_word' id='word_1_143' title='bbox 217 1439 379 1472; x_wconf 78' lang='lat' dir='ltr'>devertor</span> <span class='ocrx_word' id='word_1_144' title='bbox 410 1439 458 1471; x_wconf 82' lang='lat' dir='ltr'>ad</span> <span class='ocrx_word' id='word_1_145' title='bbox 489 1443 595 1472; x_wconf 81' lang='lat' dir='ltr'>artes.</span> <span class='ocrx_word' id='word_1_146' title='bbox 643 1442 736 1471; x_wconf 83' lang='lat' dir='ltr'>Caes.</span> <span class='ocrx_word' id='word_1_147' title='bbox 762 1443 826 1472; x_wconf 89' lang='lat' dir='ltr'>BC.</span> <span class='ocrx_word' id='word_1_148' title='bbox 864 1441 896 1480; x_wconf 90' lang='lat' dir='ltr'>l,</span> <span class='ocrx_word' id='word_1_149' title='bbox 922 1440 941 1470; x_wconf 88' lang='grc'><strong>9</strong></span> <span class='ocrx_word' id='word_1_150' title='bbox 973 1440 1020 1471; x_wconf 80' lang='lat' dir='ltr'>acl</span> 
     </span>
     <span class='ocr_line' id='line_1_28' title="bbox 216 1484 1021 1523; baseline 0.001 -7"><span class='ocrx_word' id='word_1_151' title='bbox 216 1485 334 1517; x_wconf 83' lang='lat' dir='ltr'>omnia</span> <span class='ocrx_word' id='word_1_152' title='bbox 359 1484 576 1516; x_wconf 83' lang='lat' dir='ltr'>descendere.</span> <span class='ocrx_word' id='word_1_153' title='bbox 615 1489 652 1516; x_wconf 90' lang='lat' dir='ltr'>In</span> <span class='ocrx_word' id='word_1_154' title='bbox 678 1496 790 1517; x_wconf 88' lang='lat' dir='ltr'>omnes</span> <span class='ocrx_word' id='word_1_155' title='bbox 817 1492 925 1517; x_wconf 89' lang='lat' dir='ltr'>autem</span> <span class='ocrx_word' id='word_1_156' title='bbox 948 1497 1021 1523; x_wconf 80' lang='lat' dir='ltr'>pre-</span> 
     </span>
     <span class='ocr_line' id='line_1_29' title="bbox 216 1534 1020 1571; baseline 0 -8"><span class='ocrx_word' id='word_1_157' title='bbox 216 1541 270 1563; x_wconf 87' lang='lat' dir='ltr'>ces</span> <span class='ocrx_word' id='word_1_158' title='bbox 302 1534 418 1562; x_wconf 82' lang='lat' dir='ltr'>venus</span> <span class='ocrx_word' id='word_1_159' title='bbox 454 1534 648 1562; x_wconf 80' lang='lat' dir='ltr'>descendere</span> <span class='ocrx_word' id='word_1_160' title='bbox 685 1534 822 1571; x_wconf 83' lang='lat' dir='ltr'>dicitur,</span> <span class='ocrx_word' id='word_1_161' title='bbox 863 1538 896 1562; x_wconf 86' lang='lat' dir='ltr'>ut</span> <span class='ocrx_word' id='word_1_162' title='bbox 935 1538 1020 1563; x_wconf 88' lang='lat' dir='ltr'>recte</span> 
     </span>
     <span class='ocr_line' id='line_1_30' title="bbox 222 1576 1020 1617; baseline 0.001 -10"><span class='ocrx_word' id='word_1_163' title='bbox 222 1576 299 1616; x_wconf 85' lang='lat' dir='ltr'>Ld„</span> <span class='ocrx_word' id='word_1_164' title='bbox 322 1580 406 1614; x_wconf 86' lang='lat' dir='ltr'>quod</span> <span class='ocrx_word' id='word_1_165' title='bbox 426 1581 480 1608; x_wconf 83' lang='lat' dir='ltr'>vel</span> <span class='ocrx_word' id='word_1_166' title='bbox 501 1581 693 1617; x_wconf 79' lang='lat' dir='ltr'>Neptunum,</span> <span class='ocrx_word' id='word_1_167' title='bbox 718 1582 844 1609; x_wconf 84' lang='lat' dir='ltr'>hostem</span> <span class='ocrx_word' id='word_1_168' title='bbox 861 1580 1020 1609; x_wconf 87' lang='lat' dir='ltr'>Troiano-</span> 
     </span>
     <span class='ocr_line' id='line_1_31' title="bbox 216 1625 559 1661; baseline 0 -8"><span class='ocrx_word' id='word_1_169' title='bbox 216 1633 289 1653; x_wconf 87' lang='lat' dir='ltr'>rum</span> <span class='ocrx_word' id='word_1_170' title='bbox 312 1625 438 1661; x_wconf 75' lang='lat' dir='ltr'>cogitur</span> <span class='ocrx_word' id='word_1_171' title='bbox 461 1625 559 1654; x_wconf 85' lang='lat' dir='ltr'>adire.</span> 
     </span>
    </p>

    <p class='ocr_par' dir='ltr' id='par_1_21' title="bbox 216 1667 1022 1888">
     <span class='ocr_line' id='line_1_32' title="bbox 262 1667 1019 1711; baseline 0.003 -13"><span class='ocrx_word' id='word_1_172' title='bbox 262 1668 340 1698; x_wconf 82' lang='lat'>783.</span> <span class='ocrx_word' id='word_1_173' title='bbox 367 1667 479 1711; x_wconf 84' lang='lat' dir='ltr'>longa</span> <span class='ocrx_word' id='word_1_174' title='bbox 508 1667 603 1699; x_wconf 82' lang='lat' dir='ltr'>dies.-</span> <span class='ocrx_word' id='word_1_175' title='bbox 643 1671 785 1707; x_wconf 78' lang='lat' dir='ltr'>„Nullus</span> <span class='ocrx_word' id='word_1_176' title='bbox 810 1671 896 1700; x_wconf 90' lang='lat' dir='ltr'>enim</span> <span class='ocrx_word' id='word_1_177' title='bbox 930 1672 1019 1700; x_wconf 87' lang='lat' dir='ltr'>dolor</span> 
     </span>
     <span class='ocr_line' id='line_1_33' title="bbox 217 1716 1019 1752; baseline 0.001 -8"><span class='ocrx_word' id='word_1_178' title='bbox 217 1720 265 1745; x_wconf 89' lang='lat' dir='ltr'>est</span> <span class='ocrx_word' id='word_1_179' title='bbox 296 1724 391 1750; x_wconf 84' lang='lat' dir='ltr'>quem</span> <span class='ocrx_word' id='word_1_180' title='bbox 422 1724 487 1744; x_wconf 89' lang='lat' dir='ltr'>non</span> <span class='ocrx_word' id='word_1_181' title='bbox 519 1716 742 1752; x_wconf 83' lang='lat' dir='ltr'>longinquitas</span> <span class='ocrx_word' id='word_1_182' title='bbox 776 1717 929 1751; x_wconf 85' lang='lat' dir='ltr'>temporis</span> <span class='ocrx_word' id='word_1_183' title='bbox 958 1718 1019 1746; x_wconf 91' lang='lat' dir='ltr'>mi-</span> 
     </span>
     <span class='ocr_line' id='line_1_34' title="bbox 216 1760 1015 1799; baseline 0 -9"><span class='ocrx_word' id='word_1_184' title='bbox 216 1765 295 1790; x_wconf 85' lang='lat' dir='ltr'>nuat</span> <span class='ocrx_word' id='word_1_185' title='bbox 317 1768 355 1791; x_wconf 79' lang='lat' dir='ltr'>ac</span> <span class='ocrx_word' id='word_1_186' title='bbox 380 1760 539 1790; x_wconf 78' lang='lat' dir='ltr'>molliat.“</span> <span class='ocrx_word' id='word_1_187' title='bbox 565 1763 597 1790; x_wconf 89' lang='lat' dir='ltr'>S.</span> <span class='ocrx_word' id='word_1_188' title='bbox 624 1770 665 1790; x_wconf 82' lang='lat' dir='ltr'>ex</span> <span class='ocrx_word' id='word_1_189' title='bbox 693 1763 760 1791; x_wconf 90' lang='lat' dir='ltr'>Cic.</span> <span class='ocrx_word' id='word_1_190' title='bbox 783 1764 839 1797; x_wconf 84' lang='lat' dir='ltr'>Ep.</span> <span class='ocrx_word' id='word_1_191' title='bbox 862 1760 892 1799; x_wconf 83' lang='lat'>4,</span> <span class='ocrx_word' id='word_1_192' title='bbox 917 1762 947 1790; x_wconf 80' lang='lat'>5.</span> <span class='ocrx_word' id='word_1_193' title='bbox 977 1777 1015 1782; x_wconf 89' lang='lat'><em>—</em></span> 
     </span>
     <span class='ocr_line' id='line_1_35' title="bbox 217 1804 1022 1846; baseline 0.004 -11"><span class='ocrx_word' id='word_1_194' title='bbox 217 1809 263 1836; x_wconf 87' lang='lat' dir='ltr'>De</span> <span class='ocrx_word' id='word_1_195' title='bbox 288 1815 319 1835; x_wconf 86' lang='lat' dir='ltr'>v.</span> <span class='ocrx_word' id='word_1_196' title='bbox 346 1804 458 1846; x_wconf 83' lang='lat' dir='ltr'>longa</span> <span class='ocrx_word' id='word_1_197' title='bbox 483 1804 558 1835; x_wconf 84' lang='lat' dir='ltr'>dies</span> <span class='ocrx_word' id='word_1_198' title='bbox 584 1807 623 1835; x_wconf 84' lang='lat' dir='ltr'>cf.</span> <span class='ocrx_word' id='word_1_199' title='bbox 652 1804 682 1843; x_wconf 87' lang='grc'>6,</span> <span class='ocrx_word' id='word_1_200' title='bbox 708 1805 784 1836; x_wconf 77' lang='lat'>744.</span> <span class='ocrx_word' id='word_1_201' title='bbox 814 1823 851 1827; x_wconf 89' lang='lat'>—-</span> <span class='ocrx_word' id='word_1_202' title='bbox 886 1805 1022 1838; x_wconf 80' lang='lat' dir='ltr'>Pietate</span> 
     </span>
     <span class='ocr_line' id='line_1_36' title="bbox 216 1854 866 1888; baseline 0.002 -7"><span class='ocrx_word' id='word_1_203' title='bbox 216 1854 350 1881; x_wconf 80' lang='lat' dir='ltr'>Aeneas</span> <span class='ocrx_word' id='word_1_204' title='bbox 373 1854 530 1881; x_wconf 88' lang='lat' dir='ltr'>Iunonem</span> <span class='ocrx_word' id='word_1_205' title='bbox 553 1854 700 1881; x_wconf 75' lang='lat' dir='ltr'>studebat</span> <span class='ocrx_word' id='word_1_206' title='bbox 725 1855 866 1888; x_wconf 85' lang='lat' dir='ltr'>placare.</span> 
     </span>
    </p>

    <p class='ocr_par' dir='ltr' id='par_1_22' title="bbox 216 1895 1021 2072">
     <span class='ocr_line' id='line_1_37' title="bbox 262 1895 1021 1939; baseline 0.003 -13"><span class='ocrx_word' id='word_1_207' title='bbox 262 1895 338 1926; x_wconf 73' lang='lat'>784.</span> <span class='ocrx_word' id='word_1_208' title='bbox 370 1895 531 1936; x_wconf 78' lang='lat' dir='ltr'>Infracta</span> <span class='ocrx_word' id='word_1_209' title='bbox 557 1905 577 1927; x_wconf 87' lang='lat' dir='ltr'>a</span> <span class='ocrx_word' id='word_1_210' title='bbox 600 1906 681 1927; x_wconf 80' lang='lat' dir='ltr'>voce</span> <span class='ocrx_word' id='word_1_211' title='bbox 705 1896 907 1939; x_wconf 75' lang='lat' dir='ltr'>infringere</span> <span class='ocrx_word' id='word_1_212' title='bbox 931 1900 1021 1930; x_wconf 84' lang='lat' dir='ltr'>duci-</span> 
     </span>
     <span class='ocr_line' id='line_1_38' title="bbox 218 1941 1019 1983; baseline 0.001 -10"><span class='ocrx_word' id='word_1_213' title='bbox 218 1949 283 1979; x_wconf 73' lang='lat' dir='ltr'>tur3</span> <span class='ocrx_word' id='word_1_214' title='bbox 310 1944 359 1972; x_wconf 89' lang='lat' dir='ltr'>sic</span> <span class='ocrx_word' id='word_1_215' title='bbox 379 1941 409 1982; x_wconf 90' lang='grc'>9,</span> <span class='ocrx_word' id='word_1_216' title='bbox 433 1941 511 1972; x_wconf 80' lang='grc'>499.</span> <span class='ocrx_word' id='word_1_217' title='bbox 546 1941 598 1981; x_wconf 91' lang='grc'>10,</span> <span class='ocrx_word' id='word_1_218' title='bbox 618 1942 695 1973; x_wconf 90' lang='lat'>731.</span> <span class='ocrx_word' id='word_1_219' title='bbox 733 1942 785 1981; x_wconf 91' lang='grc'>12,</span> <span class='ocrx_word' id='word_1_220' title='bbox 816 1944 843 1973; x_wconf 91' lang='grc'>1.</span> <span class='ocrx_word' id='word_1_221' title='bbox 876 1946 960 1974; x_wconf 84' lang='lat' dir='ltr'>Flor.</span> <span class='ocrx_word' id='word_1_222' title='bbox 988 1944 1019 1983; x_wconf 82' lang='lat'>2,</span> 
     </span>
     <span class='ocr_line' id='line_1_39' title="bbox 217 1986 1019 2027; baseline 0.004 -10"><span class='ocrx_word' id='word_1_223' title='bbox 217 1988 247 2019; x_wconf 83' lang='grc'>2.</span> <span class='ocrx_word' id='word_1_224' title='bbox 275 1988 327 2017; x_wconf 83' lang='grc'>23.</span> <span class='ocrx_word' id='word_1_225' title='bbox 369 2004 408 2009; x_wconf 84' lang='lat'>—</span> <span class='ocrx_word' id='word_1_226' title='bbox 446 1986 655 2027; x_wconf 78' lang='lat' dir='ltr'>„1nfrarta‚</span> <span class='ocrx_word' id='word_1_227' title='bbox 695 1992 793 2019; x_wconf 78' lang='lat' dir='ltr'>valde</span> <span class='ocrx_word' id='word_1_228' title='bbox 819 1990 954 2019; x_wconf 71' lang='lat' dir='ltr'>fracta.“</span> <span class='ocrx_word' id='word_1_229' title='bbox 987 1993 1019 2020; x_wconf 76' lang='lat' dir='ltr'>s.</span> 
     </span>
     <span class='ocr_line' id='line_1_40' title="bbox 216 2034 979 2072; baseline 0.001 -9"><span class='ocrx_word' id='word_1_230' title='bbox 216 2042 378 2070; x_wconf 77' lang='lat' dir='ltr'>nusquam</span> <span class='ocrx_word' id='word_1_231' title='bbox 400 2038 449 2063; x_wconf 87' lang='lat' dir='ltr'>est</span> <span class='ocrx_word' id='word_1_232' title='bbox 473 2043 542 2063; x_wconf 80' lang='lat' dir='ltr'>non</span> <span class='ocrx_word' id='word_1_233' title='bbox 559 2034 684 2072; x_wconf 75' lang='lat' dir='ltr'>fracta</span> <span class='ocrx_word' id='word_1_234' title='bbox 712 2036 750 2065; x_wconf 83' lang='lat' dir='ltr'>cf.</span> <span class='ocrx_word' id='word_1_235' title='bbox 777 2038 828 2065; x_wconf 87' lang='lat' dir='ltr'>Gr.</span> <span class='ocrx_word' id='word_1_236' title='bbox 854 2036 875 2070; x_wconf 68' lang='lat' dir='ltr'>S</span> <span class='ocrx_word' id='word_1_237' title='bbox 904 2034 979 2065; x_wconf 89' lang='lat'>196.</span> 
     </span>
    </p>

    <p class='ocr_par' dir='ltr' id='par_1_23' title="bbox 215 2077 1023 2390">
     <span class='ocr_line' id='line_1_41' title="bbox 262 2077 1019 2111; baseline 0.004 -3"><span class='ocrx_word' id='word_1_238' title='bbox 262 2079 339 2109; x_wconf 57' lang='grc'>785.</span> <span class='ocrx_word' id='word_1_239' title='bbox 366 2082 532 2109; x_wconf 81' lang='lat' dir='ltr'>Pluralem</span> <span class='ocrx_word' id='word_1_240' title='bbox 555 2077 639 2109; x_wconf 84' lang='lat' dir='ltr'>odia</span> <span class='ocrx_word' id='word_1_241' title='bbox 663 2086 692 2109; x_wconf 88' lang='lat' dir='ltr'>et</span> <span class='ocrx_word' id='word_1_242' title='bbox 717 2082 829 2110; x_wconf 87' lang='lat' dir='ltr'>Cicero</span> <span class='ocrx_word' id='word_1_243' title='bbox 849 2086 877 2110; x_wconf 91' lang='lat' dir='ltr'>et</span> <span class='ocrx_word' id='word_1_244' title='bbox 901 2083 1019 2111; x_wconf 76' lang='lat' dir='ltr'>Livius</span> 
     </span>
     <span class='ocr_line' id='line_1_42' title="bbox 217 2125 1017 2164; baseline 0.004 -10"><span class='ocrx_word' id='word_1_245' title='bbox 217 2127 367 2155; x_wconf 84' lang='lat' dir='ltr'>dixerunt</span> <span class='ocrx_word' id='word_1_246' title='bbox 395 2126 606 2163; x_wconf 80' lang='lat' dir='ltr'>saepissime,</span> <span class='ocrx_word' id='word_1_247' title='bbox 650 2131 683 2155; x_wconf 91' lang='lat' dir='ltr'>ut</span> <span class='ocrx_word' id='word_1_248' title='bbox 715 2125 768 2164; x_wconf 89' lang='grc'>21,</span> <span class='ocrx_word' id='word_1_249' title='bbox 797 2125 827 2156; x_wconf 90' lang='lat'>1.</span> <span class='ocrx_word' id='word_1_250' title='bbox 868 2129 959 2157; x_wconf 87' lang='lat' dir='ltr'>Lael.</span> <span class='ocrx_word' id='word_1_251' title='bbox 987 2126 1017 2157; x_wconf 96' lang='lat'>7.</span> 
     </span>
     <span class='ocr_line' id='line_1_43' title="bbox 219 2169 1020 2211; baseline 0.005 -12"><span class='ocrx_word' id='word_1_252' title='bbox 219 2187 257 2192; x_wconf 89' lang='lat'>-—</span> <span class='ocrx_word' id='word_1_253' title='bbox 306 2169 480 2200; x_wconf 73' lang='lat' dir='ltr'>Eredere:</span> <span class='ocrx_word' id='word_1_254' title='bbox 517 2171 565 2200; x_wconf 84' lang='lat' dir='ltr'>Cf.</span> <span class='ocrx_word' id='word_1_255' title='bbox 599 2173 685 2201; x_wconf 87' lang='lat' dir='ltr'>Curt.</span> <span class='ocrx_word' id='word_1_256' title='bbox 713 2171 749 2209; x_wconf 89' lang='lat'>3,</span> <span class='ocrx_word' id='word_1_257' title='bbox 776 2170 807 2211; x_wconf 81' lang='lat'>4,</span> <span class='ocrx_word' id='word_1_258' title='bbox 836 2171 878 2201; x_wconf 90' lang='grc'>10</span> <span class='ocrx_word' id='word_1_259' title='bbox 908 2171 1020 2203; x_wconf 79' lang='lat' dir='ltr'>moni-</span> 
     </span>
     <span class='ocr_line' id='line_1_44' title="bbox 215 2214 1023 2257; baseline 0.001 -10"><span class='ocrx_word' id='word_1_260' title='bbox 215 2220 332 2247; x_wconf 81' lang='lat' dir='ltr'>menta</span> <span class='ocrx_word' id='word_1_261' title='bbox 358 2218 514 2247; x_wconf 81' lang='lat' dir='ltr'>vetustas</span> <span class='ocrx_word' id='word_1_262' title='bbox 539 2214 715 2247; x_wconf 71' lang='lat' dir='ltr'>exederat.</span> <span class='ocrx_word' id='word_1_263' title='bbox 739 2234 785 2238; x_wconf 91' lang='lat'>—</span> <span class='ocrx_word' id='word_1_264' title='bbox 809 2216 954 2257; x_wconf 83' lang='lat' dir='ltr'>„media</span> <span class='ocrx_word' id='word_1_265' title='bbox 981 2217 1023 2248; x_wconf 87' lang='lat' dir='ltr'>de</span> 
     </span>
     <span class='ocr_line' id='line_1_45' title="bbox 216 2262 1018 2301; baseline 0.004 -10"><span class='ocrx_word' id='word_1_266' title='bbox 216 2266 340 2301; x_wconf 66' lang='lat' dir='ltr'>gente,</span> <span class='ocrx_word' id='word_1_267' title='bbox 379 2263 398 2291; x_wconf 94' lang='lat' dir='ltr'>i.</span> <span class='ocrx_word' id='word_1_268' title='bbox 426 2272 453 2292; x_wconf 87' lang='lat' dir='ltr'>e.</span> <span class='ocrx_word' id='word_1_269' title='bbox 485 2262 583 2291; x_wconf 84' lang='lat' dir='ltr'>totius</span> <span class='ocrx_word' id='word_1_270' title='bbox 612 2264 718 2299; x_wconf 84' lang='lat' dir='ltr'>gentis</span> <span class='ocrx_word' id='word_1_271' title='bbox 751 2264 944 2300; x_wconf 81' lang='lat' dir='ltr'>potentem.“</span> <span class='ocrx_word' id='word_1_272' title='bbox 986 2267 1018 2294; x_wconf 89' lang='lat' dir='ltr'>S.</span> 
     </span>
     <span class='ocr_line' id='line_1_46' title="bbox 216 2309 929 2349; baseline 0.006 -13"><span class='ocrx_word' id='word_1_273' title='bbox 216 2311 291 2337; x_wconf 82' lang='lat' dir='ltr'>Erat</span> <span class='ocrx_word' id='word_1_274' title='bbox 324 2309 410 2337; x_wconf 86' lang='lat' dir='ltr'>enim</span> <span class='ocrx_word' id='word_1_275' title='bbox 433 2309 532 2337; x_wconf 87' lang='lat' dir='ltr'>Troia</span> <span class='ocrx_word' id='word_1_276' title='bbox 555 2310 653 2343; x_wconf 83' lang='lat' dir='ltr'>quasi</span> <span class='ocrx_word' id='word_1_277' title='bbox 682 2317 737 2339; x_wconf 86' lang='lat' dir='ltr'>cor</span> <span class='ocrx_word' id='word_1_278' title='bbox 766 2311 929 2349; x_wconf 86' lang='lat' dir='ltr'>corporis,</span> 
     </span>
     <span class='ocr_line' id='line_1_47' title="bbox 216 2354 649 2390; baseline 0.002 -8"><span class='ocrx_word' id='word_1_279' title='bbox 216 2355 344 2389; x_wconf 82' lang='lat' dir='ltr'>tiusque</span> <span class='ocrx_word' id='word_1_280' title='bbox 371 2354 515 2390; x_wconf 80' lang='lat' dir='ltr'>regionis</span> <span class='ocrx_word' id='word_1_281' title='bbox 544 2359 649 2389; x_wconf 86' lang='lat' dir='ltr'>caput.</span> 
     </span>
    </p>

    <p class='ocr_par' dir='ltr' id='par_1_24' title="bbox 214 2397 1021 2889">
     <span class='ocr_line' id='line_1_48' title="bbox 262 2397 1018 2440; baseline 0.004 -13"><span class='ocrx_word' id='word_1_282' title='bbox 262 2398 339 2428; x_wconf 81' lang='lat'>786.</span> <span class='ocrx_word' id='word_1_283' title='bbox 372 2397 496 2428; x_wconf 71' lang='lat' dir='ltr'>Traxit</span> <span class='ocrx_word' id='word_1_284' title='bbox 519 2407 582 2439; x_wconf 81' lang='lat' dir='ltr'>per</span> <span class='ocrx_word' id='word_1_285' title='bbox 606 2408 740 2429; x_wconf 86' lang='lat' dir='ltr'>omnem</span> <span class='ocrx_word' id='word_1_286' title='bbox 765 2408 927 2440; x_wconf 84' lang='lat' dir='ltr'>poenam,</span> <span class='ocrx_word' id='word_1_287' title='bbox 950 2402 970 2430; x_wconf 92' lang='lat' dir='ltr'>i.</span> <span class='ocrx_word' id='word_1_288' title='bbox 991 2410 1018 2430; x_wconf 92' lang='lat' dir='ltr'>e.</span> 
     </span>
     <span class='ocr_line' id='line_1_49' title="bbox 216 2445 1017 2482; baseline -0.001 -7"><span class='ocrx_word' id='word_1_289' title='bbox 216 2453 341 2475; x_wconf 88' lang='lat' dir='ltr'>omnem</span> <span class='ocrx_word' id='word_1_290' title='bbox 367 2452 505 2480; x_wconf 86' lang='lat' dir='ltr'>poenam</span> <span class='ocrx_word' id='word_1_291' title='bbox 533 2445 673 2480; x_wconf 84' lang='lat' dir='ltr'>perferre</span> <span class='ocrx_word' id='word_1_292' title='bbox 696 2447 807 2482; x_wconf 81' lang='lat' dir='ltr'>coegit.</span> <span class='ocrx_word' id='word_1_293' title='bbox 858 2447 972 2475; x_wconf 84' lang='lat' dir='ltr'>Simile</span> <span class='ocrx_word' id='word_1_294' title='bbox 998 2445 1017 2474; x_wconf 88' lang='lat'>7</span> 
     </span>
     <span class='ocr_line' id='line_1_50' title="bbox 214 2488 1021 2530; baseline -0.002 -9"><span class='ocrx_word' id='word_1_295' title='bbox 214 2489 315 2522; x_wconf 79' lang='lat' dir='ltr'>triste</span> <span class='ocrx_word' id='word_1_296' title='bbox 339 2498 402 2530; x_wconf 84' lang='lat' dir='ltr'>per</span> <span class='ocrx_word' id='word_1_297' title='bbox 419 2488 615 2530; x_wconf 77' lang='lat' dir='ltr'>augurium</span> <span class='ocrx_word' id='word_1_298' title='bbox 641 2488 785 2520; x_wconf 79' lang='lat' dir='ltr'>ducunt.</span> <span class='ocrx_word' id='word_1_299' title='bbox 821 2507 859 2511; x_wconf 97' lang='lat'><strong>—</strong></span> <span class='ocrx_word' id='word_1_300' title='bbox 893 2492 946 2521; x_wconf 88' lang='lat' dir='ltr'>Sic</span> <span class='ocrx_word' id='word_1_301' title='bbox 971 2489 1021 2520; x_wconf 87' lang='lat' dir='ltr'>ire</span> 
     </span>
     <span class='ocr_line' id='line_1_51' title="bbox 214 2536 1018 2577; baseline -0.001 -11"><span class='ocrx_word' id='word_1_302' title='bbox 214 2545 277 2577; x_wconf 83' lang='lat' dir='ltr'>per</span> <span class='ocrx_word' id='word_1_303' title='bbox 312 2538 404 2565; x_wconf 74' lang='lat' dir='ltr'>valet</span> <span class='ocrx_word' id='word_1_304' title='bbox 438 2537 480 2564; x_wconf 85' lang='lat' dir='ltr'>ad</span> <span class='ocrx_word' id='word_1_305' title='bbox 515 2536 847 2566; x_wconf 85' lang='lat' dir='ltr'>circumscribendum</span> <span class='ocrx_word' id='word_1_306' title='bbox 884 2540 1018 2566; x_wconf 81' lang='lat' dir='ltr'>verbum</span> 
     </span>
     <span class='ocr_line' id='line_1_52' title="bbox 216 2579 1018 2621; baseline 0 -11"><span class='ocrx_word' id='word_1_307' title='bbox 216 2582 306 2611; x_wconf 85' lang='lat' dir='ltr'>aliud</span> <span class='ocrx_word' id='word_1_308' title='bbox 331 2582 371 2611; x_wconf 82' lang='lat' dir='ltr'>cf.</span> <span class='ocrx_word' id='word_1_309' title='bbox 397 2583 456 2610; x_wconf 87' lang='lat' dir='ltr'>Ov.</span> <span class='ocrx_word' id='word_1_310' title='bbox 483 2581 526 2610; x_wconf 90' lang='lat' dir='ltr'>A.</span> <span class='ocrx_word' id='word_1_311' title='bbox 552 2582 594 2609; x_wconf 83' lang='lat' dir='ltr'>A.</span> <span class='ocrx_word' id='word_1_312' title='bbox 622 2579 652 2618; x_wconf 88' lang='grc'>3,</span> <span class='ocrx_word' id='word_1_313' title='bbox 669 2579 713 2609; x_wconf 88' lang='grc'>87</span> <span class='ocrx_word' id='word_1_314' title='bbox 740 2579 787 2610; x_wconf 83' lang='lat' dir='ltr'>ite</span> <span class='ocrx_word' id='word_1_315' title='bbox 817 2590 880 2621; x_wconf 86' lang='lat' dir='ltr'>per</span> <span class='ocrx_word' id='word_1_316' title='bbox 906 2590 1018 2612; x_wconf 74' lang='lat' dir='ltr'>erem-</span> 
     </span>
     <span class='ocr_line' id='line_1_53' title="bbox 214 2625 1018 2668; baseline 0.002 -13"><span class='ocrx_word' id='word_1_317' title='bbox 214 2625 335 2668; x_wconf 84' lang='lat' dir='ltr'>plum,</span> <span class='ocrx_word' id='word_1_318' title='bbox 366 2627 387 2655; x_wconf 89' lang='lat' dir='ltr'>i.</span> <span class='ocrx_word' id='word_1_319' title='bbox 412 2636 439 2656; x_wconf 88' lang='lat' dir='ltr'>e.</span> <span class='ocrx_word' id='word_1_320' title='bbox 464 2627 650 2656; x_wconf 76' lang='lat' dir='ltr'>imitamini.</span> <span class='ocrx_word' id='word_1_321' title='bbox 699 2628 786 2655; x_wconf 81' lang='lat' dir='ltr'>Fast.</span> <span class='ocrx_word' id='word_1_322' title='bbox 816 2625 844 2663; x_wconf 93' lang='lat'>1,</span> <span class='ocrx_word' id='word_1_323' title='bbox 873 2625 913 2656; x_wconf 83' lang='lat'>15</span> <span class='ocrx_word' id='word_1_324' title='bbox 945 2627 1018 2657; x_wconf 84' lang='lat' dir='ltr'>An-</span> 
     </span>
     <span class='ocr_line' id='line_1_54' title="bbox 215 2669 1019 2711; baseline 0.001 -10"><span class='ocrx_word' id='word_1_325' title='bbox 215 2680 284 2702; x_wconf 84' lang='lat' dir='ltr'>nue</span> <span class='ocrx_word' id='word_1_326' title='bbox 303 2670 448 2702; x_wconf 78' lang='lat' dir='ltr'>conanti</span> <span class='ocrx_word' id='word_1_327' title='bbox 467 2680 530 2711; x_wconf 85' lang='lat' dir='ltr'>per</span> <span class='ocrx_word' id='word_1_328' title='bbox 554 2669 680 2701; x_wconf 83' lang='lat' dir='ltr'>laudes</span> <span class='ocrx_word' id='word_1_329' title='bbox 701 2670 751 2701; x_wconf 87' lang='lat' dir='ltr'>ire</span> <span class='ocrx_word' id='word_1_330' title='bbox 768 2675 921 2709; x_wconf 79' lang='lat' dir='ltr'>tuorum,</span> <span class='ocrx_word' id='word_1_331' title='bbox 946 2675 1019 2702; x_wconf 88' lang='lat' dir='ltr'>lau-</span> 
     </span>
     <span class='ocr_line' id='line_1_55' title="bbox 216 2715 1019 2758; baseline 0.002 -12"><span class='ocrx_word' id='word_1_332' title='bbox 216 2719 293 2746; x_wconf 86' lang='lat' dir='ltr'>dare</span> <span class='ocrx_word' id='word_1_333' title='bbox 331 2722 413 2746; x_wconf 89' lang='lat' dir='ltr'>tuos.</span> <span class='ocrx_word' id='word_1_334' title='bbox 467 2718 564 2747; x_wconf 86' lang='lat' dir='ltr'>Trist.</span> <span class='ocrx_word' id='word_1_335' title='bbox 597 2715 634 2754; x_wconf 94' lang='grc'>2,</span> <span class='ocrx_word' id='word_1_336' title='bbox 668 2715 732 2746; x_wconf 87' lang='grc'>168</span> <span class='ocrx_word' id='word_1_337' title='bbox 768 2715 921 2758; x_wconf 64' lang='lat' dir='ltr'>Nepotes</span> <span class='ocrx_word' id='word_1_338' title='bbox 955 2727 1019 2758; x_wconf 87' lang='lat' dir='ltr'>per</span> 
     </span>
     <span class='ocr_line' id='line_1_56' title="bbox 215 2760 1015 2803; baseline 0.001 -11"><span class='ocrx_word' id='word_1_339' title='bbox 215 2765 279 2792; x_wconf 80' lang='lat' dir='ltr'>tua</span> <span class='ocrx_word' id='word_1_340' title='bbox 304 2770 434 2802; x_wconf 83' lang='lat' dir='ltr'>perque</span> <span class='ocrx_word' id='word_1_341' title='bbox 460 2760 513 2792; x_wconf 83' lang='lat' dir='ltr'>tui</span> <span class='ocrx_word' id='word_1_342' title='bbox 529 2761 635 2800; x_wconf 81' lang='lat' dir='ltr'>facta</span> <span class='ocrx_word' id='word_1_343' title='bbox 654 2760 816 2803; x_wconf 80' lang='lat' dir='ltr'>parentis</span> <span class='ocrx_word' id='word_1_344' title='bbox 841 2766 923 2793; x_wconf 80' lang='lat' dir='ltr'>eant</span> <span class='ocrx_word' id='word_1_345' title='bbox 946 2765 966 2793; x_wconf 91' lang='lat' dir='ltr'>i.</span> <span class='ocrx_word' id='word_1_346' title='bbox 989 2774 1015 2793; x_wconf 93' lang='lat' dir='ltr'>e.</span> 
     </span>
     <span class='ocr_line' id='line_1_57' title="bbox 217 2809 1015 2846; baseline 0.003 -10"><span class='ocrx_word' id='word_1_347' title='bbox 217 2809 301 2837; x_wconf 85' lang='lat' dir='ltr'>idem</span> <span class='ocrx_word' id='word_1_348' title='bbox 333 2809 473 2846; x_wconf 81' lang='lat' dir='ltr'>saciant,</span> <span class='ocrx_word' id='word_1_349' title='bbox 508 2810 591 2843; x_wconf 85' lang='lat' dir='ltr'>quod</span> <span class='ocrx_word' id='word_1_350' title='bbox 617 2812 650 2837; x_wconf 91' lang='lat' dir='ltr'>tu</span> <span class='ocrx_word' id='word_1_351' title='bbox 677 2812 707 2837; x_wconf 89' lang='lat' dir='ltr'>et</span> <span class='ocrx_word' id='word_1_352' title='bbox 737 2812 828 2843; x_wconf 85' lang='lat' dir='ltr'>pater</span> <span class='ocrx_word' id='word_1_353' title='bbox 853 2813 938 2838; x_wconf 83' lang='lat' dir='ltr'>tuus.</span> <span class='ocrx_word' id='word_1_354' title='bbox 971 2824 1015 2830; x_wconf 83' lang='lat'>—-</span> 
     </span>
     <span class='ocr_line' id='line_1_58' title="bbox 217 2852 854 2889; baseline 0.002 -8"><span class='ocrx_word' id='word_1_355' title='bbox 217 2854 264 2881; x_wconf 90' lang='lat' dir='ltr'>De</span> <span class='ocrx_word' id='word_1_356' title='bbox 287 2853 387 2882; x_wconf 85' lang='lat' dir='ltr'>forma</span> <span class='ocrx_word' id='word_1_357' title='bbox 412 2855 514 2883; x_wconf 74' lang='lat' dir='ltr'>trare</span> <span class='ocrx_word' id='word_1_358' title='bbox 540 2854 578 2882; x_wconf 83' lang='lat' dir='ltr'>cf.</span> <span class='ocrx_word' id='word_1_359' title='bbox 601 2856 653 2883; x_wconf 85' lang='lat' dir='ltr'>Gr.</span> <span class='ocrx_word' id='word_1_360' title='bbox 678 2854 700 2889; x_wconf 79' lang='lat'>§</span> <span class='ocrx_word' id='word_1_361' title='bbox 726 2852 800 2882; x_wconf 88' lang='lat'>173.</span> <span class='ocrx_word' id='word_1_362' title='bbox 819 2855 854 2882; x_wconf 91' lang='grc' dir='ltr'>Β.</span> 
     </span>
    </p>

    <p class='ocr_par' dir='ltr' id='par_1_25' title="bbox 215 2896 1012 3076">
     <span class='ocr_line' id='line_1_59' title="bbox 262 2896 1012 2937; baseline 0.005 -12"><span class='ocrx_word' id='word_1_363' title='bbox 262 2896 338 2926; x_wconf 78' lang='grc'>787.</span> <span class='ocrx_word' id='word_1_364' title='bbox 366 2900 424 2933; x_wconf 85' lang='lat' dir='ltr'>„In</span> <span class='ocrx_word' id='word_1_365' title='bbox 449 2901 491 2927; x_wconf 86' lang='grc' dir='ltr'>Μ.</span> <span class='ocrx_word' id='word_1_366' title='bbox 517 2903 587 2934; x_wconf 88' lang='lat' dir='ltr'>post</span> <span class='ocrx_word' id='word_1_367' title='bbox 618 2897 744 2928; x_wconf 75' lang='lat' dir='ltr'>Troiae</span> <span class='ocrx_word' id='word_1_368' title='bbox 766 2900 1012 2937; x_wconf 77' lang='lat' dir='ltr'>interpungitur,</span> 
     </span>
     <span class='ocr_line' id='line_1_60' title="bbox 215 2945 1011 2980; baseline 0.004 -9"><span class='ocrx_word' id='word_1_369' title='bbox 215 2948 286 2978; x_wconf 81' lang='lat' dir='ltr'>post</span> <span class='ocrx_word' id='word_1_370' title='bbox 314 2952 444 2971; x_wconf 78' lang='lat' dir='ltr'>onmem</span> <span class='ocrx_word' id='word_1_371' title='bbox 475 2946 568 2973; x_wconf 83' lang='lat' dir='ltr'>nulla</span> <span class='ocrx_word' id='word_1_372' title='bbox 592 2945 763 2974; x_wconf 80' lang='lat' dir='ltr'>distinctio.</span> <span class='ocrx_word' id='word_1_373' title='bbox 813 2947 849 2973; x_wconf 89' lang='lat' dir='ltr'>In</span> <span class='ocrx_word' id='word_1_374' title='bbox 877 2947 910 2974; x_wconf 76' lang='lat' dir='ltr'>F.</span> <span class='ocrx_word' id='word_1_375' title='bbox 940 2950 1011 2980; x_wconf 80' lang='lat' dir='ltr'>post</span> 
     </span>
     <span class='ocr_line' id='line_1_61' title="bbox 216 2986 1011 3027; baseline 0.005 -11"><span class='ocrx_word' id='word_1_376' title='bbox 216 2997 346 3017; x_wconf 83' lang='lat' dir='ltr'>omnem</span> <span class='ocrx_word' id='word_1_377' title='bbox 382 2994 412 3017; x_wconf 83' lang='lat' dir='ltr'>et</span> <span class='ocrx_word' id='word_1_378' title='bbox 445 2986 588 3025; x_wconf 80' lang='lat' dir='ltr'>&#39;1&#39;roiac,</span> <span class='ocrx_word' id='word_1_379' title='bbox 632 2991 730 3019; x_wconf 86' lang='lat' dir='ltr'>etiam</span> <span class='ocrx_word' id='word_1_380' title='bbox 764 2996 837 3025; x_wconf 86' lang='lat' dir='ltr'>post</span> <span class='ocrx_word' id='word_1_381' title='bbox 867 2989 1011 3027; x_wconf 84' lang='lat' dir='ltr'>cineres,</span> 
     </span>
     <span class='ocr_line' id='line_1_62' title="bbox 216 3032 572 3076; baseline 0.008 -16"><span class='ocrx_word' id='word_1_382' title='bbox 216 3034 455 3068; x_wconf 51' lang='lat' dir='ltr'>distinguitur*</span> <span class='ocrx_word' id='word_1_383' title='bbox 487 3032 572 3076; x_wconf 80' lang='lat' dir='ltr'>Wg.</span> 
     </span>
    </p>
   </div>
   <div class='ocr_carea' id='block_1_20' title="bbox 971 2315 1020 2340">
    <p class='ocr_par' dir='ltr' id='par_1_26' title="bbox 971 2315 1020 2340">
     <span class='ocr_line' id='line_1_63' title="bbox 971 2315 1020 2340; baseline 0 0"><span class='ocrx_word' id='word_1_384' title='bbox 971 2315 1020 2340; x_wconf 88' lang='lat' dir='ltr'>to—</span> 
     </span>
    </p>
   </div>
   <div class='ocr_carea' id='block_1_21' title="bbox 1783 1210 1867 1249">
    <p class='ocr_par' dir='ltr' id='par_1_27' title="bbox 1783 1210 1867 1249">
     <span class='ocr_line' id='line_1_64' title="bbox 1783 1210 1867 1249; baseline 0 0"><span class='ocrx_word' id='word_1_385' title='bbox 1783 1210 1867 1249; x_wconf 90' lang='grc'>800</span> 
     </span>
    </p>
   </div>
   <div class='ocr_carea' id='block_1_22' title="bbox 1064 1347 1873 2575">
    <p class='ocr_par' dir='ltr' id='par_1_28' title="bbox 1066 1347 1873 1757">
     <span class='ocr_line' id='line_1_65' title="bbox 1066 1347 1872 1387; baseline -0.005 -7"><span class='ocrx_word' id='word_1_386' title='bbox 1066 1352 1110 1381; x_wconf 88' lang='lat' dir='ltr'>bit</span> <span class='ocrx_word' id='word_1_387' title='bbox 1138 1359 1289 1380; x_wconf 83' lang='lat' dir='ltr'>omnem.-</span> <span class='ocrx_word' id='word_1_388' title='bbox 1323 1347 1474 1387; x_wconf 70' lang='lat' dir='ltr'>Troiae„</span> <span class='ocrx_word' id='word_1_389' title='bbox 1523 1351 1589 1378; x_wconf 75' lang='lat' dir='ltr'>Nos</span> <span class='ocrx_word' id='word_1_390' title='bbox 1622 1348 1726 1378; x_wconf 91' lang='lat' dir='ltr'>secuti</span> <span class='ocrx_word' id='word_1_391' title='bbox 1757 1355 1872 1377; x_wconf 84' lang='lat' dir='ltr'>sumus</span> 
     </span>
     <span class='ocr_line' id='line_1_66' title="bbox 1066 1394 1870 1430; baseline -0.005 -4"><span class='ocrx_word' id='word_1_392' title='bbox 1066 1398 1255 1426; x_wconf 84' lang='lat' dir='ltr'>Mediceum.</span> <span class='ocrx_word' id='word_1_393' title='bbox 1305 1398 1376 1424; x_wconf 79' lang='lat' dir='ltr'>Non</span> <span class='ocrx_word' id='word_1_394' title='bbox 1404 1400 1555 1425; x_wconf 81' lang='lat' dir='ltr'>contenta</span> <span class='ocrx_word' id='word_1_395' title='bbox 1578 1399 1628 1424; x_wconf 83' lang='lat' dir='ltr'>est</span> <span class='ocrx_word' id='word_1_396' title='bbox 1652 1396 1751 1430; x_wconf 90' lang='lat' dir='ltr'>Iuno,</span> <span class='ocrx_word' id='word_1_397' title='bbox 1785 1394 1870 1429; x_wconf 85' lang='lat' dir='ltr'>quod</span> 
     </span>
     <span class='ocr_line' id='line_1_67' title="bbox 1066 1439 1871 1479; baseline -0.006 -7"><span class='ocrx_word' id='word_1_398' title='bbox 1066 1444 1174 1473; x_wconf 79' lang='lat' dir='ltr'>inedia</span> <span class='ocrx_word' id='word_1_399' title='bbox 1197 1451 1213 1471; x_wconf 89' lang='lat' dir='ltr'>e</span> <span class='ocrx_word' id='word_1_400' title='bbox 1237 1447 1330 1479; x_wconf 80' lang='lat' dir='ltr'>gente</span> <span class='ocrx_word' id='word_1_401' title='bbox 1355 1443 1523 1478; x_wconf 70' lang='lat' dir='ltr'>Phrygum</span> <span class='ocrx_word' id='word_1_402' title='bbox 1546 1441 1677 1469; x_wconf 80' lang='lat' dir='ltr'>Troiam</span> <span class='ocrx_word' id='word_1_403' title='bbox 1701 1439 1871 1477; x_wconf 75' lang='lat' dir='ltr'>exstinxit,</span> 
     </span>
     <span class='ocr_line' id='line_1_68' title="bbox 1067 1486 1870 1524; baseline -0.006 -6"><span class='ocrx_word' id='word_1_404' title='bbox 1067 1497 1130 1518; x_wconf 88' lang='lat' dir='ltr'>non</span> <span class='ocrx_word' id='word_1_405' title='bbox 1153 1490 1235 1524; x_wconf 90' lang='lat' dir='ltr'>quod</span> <span class='ocrx_word' id='word_1_406' title='bbox 1257 1489 1392 1517; x_wconf 83' lang='lat' dir='ltr'>Aeneae</span> <span class='ocrx_word' id='word_1_407' title='bbox 1416 1495 1545 1523; x_wconf 84' lang='lat' dir='ltr'>manus,</span> <span class='ocrx_word' id='word_1_408' title='bbox 1568 1487 1726 1521; x_wconf 84' lang='lat' dir='ltr'>reliquias</span> <span class='ocrx_word' id='word_1_409' title='bbox 1742 1486 1870 1523; x_wconf 82' lang='lat' dir='ltr'>Troiae,</span> 
     </span>
     <span class='ocr_line' id='line_1_69' title="bbox 1067 1532 1872 1569; baseline -0.005 -5"><span class='ocrx_word' id='word_1_410' title='bbox 1067 1535 1217 1564; x_wconf 81' lang='lat' dir='ltr'>omnibus</span> <span class='ocrx_word' id='word_1_411' title='bbox 1242 1534 1341 1563; x_wconf 86' lang='lat' dir='ltr'>malis</span> <span class='ocrx_word' id='word_1_412' title='bbox 1365 1538 1412 1562; x_wconf 86' lang='lat' dir='ltr'>est</span> <span class='ocrx_word' id='word_1_413' title='bbox 1437 1536 1622 1569; x_wconf 77' lang='lat' dir='ltr'>persecuta3</span> <span class='ocrx_word' id='word_1_414' title='bbox 1653 1533 1720 1561; x_wconf 88' lang='lat' dir='ltr'>iam</span> <span class='ocrx_word' id='word_1_415' title='bbox 1744 1532 1872 1561; x_wconf 86' lang='lat' dir='ltr'>cineres</span> 
     </span>
     <span class='ocr_line' id='line_1_70' title="bbox 1066 1579 1870 1615; baseline -0.004 -6"><span class='ocrx_word' id='word_1_416' title='bbox 1066 1586 1094 1610; x_wconf 91' lang='lat' dir='ltr'>et</span> <span class='ocrx_word' id='word_1_417' title='bbox 1115 1588 1193 1609; x_wconf 87' lang='lat' dir='ltr'>ossa</span> <span class='ocrx_word' id='word_1_418' title='bbox 1218 1584 1401 1615; x_wconf 78' lang='lat' dir='ltr'>peremptae</span> <span class='ocrx_word' id='word_1_419' title='bbox 1427 1579 1622 1614; x_wconf 78' lang='lat' dir='ltr'>insequitur,</span> <span class='ocrx_word' id='word_1_420' title='bbox 1654 1579 1721 1607; x_wconf 85' lang='lat' dir='ltr'>iam</span> <span class='ocrx_word' id='word_1_421' title='bbox 1747 1585 1870 1613; x_wconf 86' lang='lat' dir='ltr'>paucos</span> 
     </span>
     <span class='ocr_line' id='line_1_71' title="bbox 1066 1625 1873 1662; baseline -0.004 -7"><span class='ocrx_word' id='word_1_422' title='bbox 1066 1627 1121 1662; x_wconf 87' lang='lat' dir='ltr'>qui</span> <span class='ocrx_word' id='word_1_423' title='bbox 1161 1635 1203 1655; x_wconf 85' lang='lat' dir='ltr'>ex</span> <span class='ocrx_word' id='word_1_424' title='bbox 1235 1627 1369 1655; x_wconf 83' lang='lat' dir='ltr'>Aeneae</span> <span class='ocrx_word' id='word_1_425' title='bbox 1401 1625 1502 1654; x_wconf 88' lang='lat' dir='ltr'>sociis</span> <span class='ocrx_word' id='word_1_426' title='bbox 1537 1629 1730 1662; x_wconf 86' lang='lat' dir='ltr'>supersunt,</span> <span class='ocrx_word' id='word_1_427' title='bbox 1766 1625 1873 1653; x_wconf 82' lang='lat' dir='ltr'>studet</span> 
     </span>
     <span class='ocr_line' id='line_1_72' title="bbox 1066 1668 1873 1710; baseline -0.001 -10"><span class='ocrx_word' id='word_1_428' title='bbox 1066 1674 1182 1701; x_wconf 84' lang='lat' dir='ltr'>delere.</span> <span class='ocrx_word' id='word_1_429' title='bbox 1236 1669 1288 1701; x_wconf 86' lang='lat' dir='ltr'>Pl.</span> <span class='ocrx_word' id='word_1_430' title='bbox 1313 1671 1396 1701; x_wconf 88' lang='lat' dir='ltr'>coni.</span> <span class='ocrx_word' id='word_1_431' title='bbox 1423 1668 1512 1700; x_wconf 83' lang='lat' dir='ltr'>satis</span> <span class='ocrx_word' id='word_1_432' title='bbox 1531 1673 1602 1699; x_wconf 76' lang='lat' dir='ltr'>est.-</span> <span class='ocrx_word' id='word_1_433' title='bbox 1625 1678 1774 1710; x_wconf 82' lang='lat' dir='ltr'>poenam</span> <span class='ocrx_word' id='word_1_434' title='bbox 1799 1672 1873 1700; x_wconf 80' lang='lat' dir='ltr'>tra—</span> 
     </span>
     <span class='ocr_line' id='line_1_73' title="bbox 1066 1713 1643 1757; baseline -0.007 -10"><span class='ocrx_word' id='word_1_435' title='bbox 1066 1715 1159 1747; x_wconf 59' lang='lat' dir='ltr'>xisve</span> <span class='ocrx_word' id='word_1_436' title='bbox 1183 1725 1218 1757; x_wconf 85' lang='lat' dir='ltr'>p.</span> <span class='ocrx_word' id='word_1_437' title='bbox 1248 1726 1277 1746; x_wconf 89' lang='lat' dir='ltr'>o.</span> <span class='ocrx_word' id='word_1_438' title='bbox 1302 1725 1330 1746; x_wconf 90' lang='lat' dir='ltr'>r.</span> <span class='ocrx_word' id='word_1_439' title='bbox 1354 1713 1471 1746; x_wconf 79' lang='lat' dir='ltr'>ardet:</span> <span class='ocrx_word' id='word_1_440' title='bbox 1498 1714 1643 1745; x_wconf 79' lang='lat' dir='ltr'>cineres.</span> 
     </span>
    </p>

    <p class='ocr_par' dir='ltr' id='par_1_29' title="bbox 1067 1759 1873 1936">
     <span class='ocr_line' id='line_1_74' title="bbox 1113 1759 1873 1797; baseline 0 -7"><span class='ocrx_word' id='word_1_441' title='bbox 1113 1760 1191 1791; x_wconf 83' lang='grc'>788.</span> <span class='ocrx_word' id='word_1_442' title='bbox 1224 1760 1378 1792; x_wconf 80' lang='lat' dir='ltr'>Canssas</span> <span class='ocrx_word' id='word_1_443' title='bbox 1407 1759 1496 1791; x_wconf 78' lang='lat' dir='ltr'>sciat</span> <span class='ocrx_word' id='word_1_444' title='bbox 1534 1759 1616 1797; x_wconf 79' lang='lat' dir='ltr'>illa,</span> <span class='ocrx_word' id='word_1_445' title='bbox 1651 1761 1790 1790; x_wconf 85' lang='lat' dir='ltr'>formula</span> <span class='ocrx_word' id='word_1_446' title='bbox 1823 1762 1873 1790; x_wconf 85' lang='lat' dir='ltr'>di-</span> 
     </span>
     <span class='ocr_line' id='line_1_75' title="bbox 1067 1807 1872 1843; baseline -0.001 -6"><span class='ocrx_word' id='word_1_447' title='bbox 1067 1809 1170 1843; x_wconf 87' lang='lat' dir='ltr'>cendi,</span> <span class='ocrx_word' id='word_1_448' title='bbox 1191 1816 1257 1843; x_wconf 84' lang='lat' dir='ltr'>qua</span> <span class='ocrx_word' id='word_1_449' title='bbox 1288 1809 1335 1837; x_wconf 86' lang='lat' dir='ltr'>rei</span> <span class='ocrx_word' id='word_1_450' title='bbox 1362 1815 1504 1837; x_wconf 81' lang='lat' dir='ltr'>caussas</span> <span class='ocrx_word' id='word_1_451' title='bbox 1528 1809 1665 1836; x_wconf 85' lang='lat' dir='ltr'>subesse</span> <span class='ocrx_word' id='word_1_452' title='bbox 1686 1807 1872 1842; x_wconf 77' lang='lat' dir='ltr'>probabiles</span> 
     </span>
     <span class='ocr_line' id='line_1_76' title="bbox 1067 1851 1868 1891; baseline -0.001 -8"><span class='ocrx_word' id='word_1_453' title='bbox 1067 1862 1236 1891; x_wconf 80' lang='lat' dir='ltr'>negamus.</span> <span class='ocrx_word' id='word_1_454' title='bbox 1286 1855 1434 1883; x_wconf 75' lang='lat' dir='ltr'>caussae</span> <span class='ocrx_word' id='word_1_455' title='bbox 1472 1857 1548 1882; x_wconf 86' lang='lat' dir='ltr'>sunt</span> <span class='ocrx_word' id='word_1_456' title='bbox 1577 1853 1748 1888; x_wconf 78' lang='lat' dir='ltr'>expositae</span> <span class='ocrx_word' id='word_1_457' title='bbox 1784 1852 1811 1891; x_wconf 87' lang='lat'>1,</span> <span class='ocrx_word' id='word_1_458' title='bbox 1837 1851 1868 1882; x_wconf 87' lang='grc'>8.</span> 
     </span>
     <span class='ocr_line' id='line_1_77' title="bbox 1067 1897 1390 1936; baseline -0.003 -8"><span class='ocrx_word' id='word_1_459' title='bbox 1067 1897 1121 1935; x_wconf 84' lang='grc'>10,</span> <span class='ocrx_word' id='word_1_460' title='bbox 1146 1898 1198 1928; x_wconf 84' lang='grc'>62.</span> <span class='ocrx_word' id='word_1_461' title='bbox 1238 1898 1287 1936; x_wconf 89' lang='grc'>12,</span> <span class='ocrx_word' id='word_1_462' title='bbox 1312 1898 1390 1928; x_wconf 82' lang='grc'>826.</span> 
     </span>
    </p>

    <p class='ocr_par' dir='ltr' id='par_1_30' title="bbox 1113 1942 1871 1986">
     <span class='ocr_line' id='line_1_78' title="bbox 1113 1942 1871 1986; baseline -0.001 -13"><span class='ocrx_word' id='word_1_463' title='bbox 1113 1944 1191 1974; x_wconf 81' lang='grc'>789.</span> <span class='ocrx_word' id='word_1_464' title='bbox 1219 1943 1291 1986; x_wconf 86' lang='lat' dir='ltr'>ipse</span> <span class='ocrx_word' id='word_1_465' title='bbox 1310 1947 1374 1975; x_wconf 88' lang='lat' dir='ltr'>etc.</span> <span class='ocrx_word' id='word_1_466' title='bbox 1405 1946 1473 1974; x_wconf 83' lang='lat' dir='ltr'>Res</span> <span class='ocrx_word' id='word_1_467' title='bbox 1490 1948 1643 1973; x_wconf 84' lang='lat' dir='ltr'>narratur</span> <span class='ocrx_word' id='word_1_468' title='bbox 1659 1942 1686 1982; x_wconf 90' lang='lat'>1,</span> <span class='ocrx_word' id='word_1_469' title='bbox 1700 1942 1871 1973; x_wconf 79' lang='lat'>50—156.</span> 
     </span>
    </p>

    <p class='ocr_par' dir='ltr' id='par_1_31' title="bbox 1065 1988 1872 2158">
     <span class='ocr_line' id='line_1_79' title="bbox 1114 1988 1870 2032; baseline -0.001 -12"><span class='ocrx_word' id='word_1_470' title='bbox 1114 1989 1191 2020; x_wconf 85' lang='lat'>793.</span> <span class='ocrx_word' id='word_1_471' title='bbox 1217 1999 1280 2032; x_wconf 86' lang='lat' dir='ltr'>per</span> <span class='ocrx_word' id='word_1_472' title='bbox 1312 1988 1424 2020; x_wconf 82' lang='lat' dir='ltr'>scelus</span> <span class='ocrx_word' id='word_1_473' title='bbox 1455 1990 1604 2019; x_wconf 77' lang='lat' dir='ltr'>adverbii</span> <span class='ocrx_word' id='word_1_474' title='bbox 1634 1991 1715 2020; x_wconf 90' lang='lat' dir='ltr'>loco.</span> <span class='ocrx_word' id='word_1_475' title='bbox 1775 1991 1870 2019; x_wconf 90' lang='lat' dir='ltr'>Com-</span> 
     </span>
     <span class='ocr_line' id='line_1_80' title="bbox 1066 2033 1870 2077; baseline 0 -11"><span class='ocrx_word' id='word_1_476' title='bbox 1066 2044 1147 2072; x_wconf 85' lang='lat' dir='ltr'>para</span> <span class='ocrx_word' id='word_1_477' title='bbox 1173 2045 1236 2077; x_wconf 88' lang='lat' dir='ltr'>per</span> <span class='ocrx_word' id='word_1_478' title='bbox 1262 2045 1431 2066; x_wconf 84' lang='lat' dir='ltr'>summum</span> <span class='ocrx_word' id='word_1_479' title='bbox 1454 2034 1606 2066; x_wconf 82' lang='lat' dir='ltr'>dedecus</span> <span class='ocrx_word' id='word_1_480' title='bbox 1631 2037 1698 2066; x_wconf 87' lang='lat' dir='ltr'>Cic.</span> <span class='ocrx_word' id='word_1_481' title='bbox 1726 2037 1798 2065; x_wconf 77' lang='grc' dir='ltr'>ΒΑ.</span> <span class='ocrx_word' id='word_1_482' title='bbox 1817 2033 1870 2066; x_wconf 89' lang='lat'>11.</span> 
     </span>
     <span class='ocr_line' id='line_1_81' title="bbox 1067 2081 1872 2122; baseline -0.001 -10"><span class='ocrx_word' id='word_1_483' title='bbox 1067 2083 1114 2112; x_wconf 87' lang='lat' dir='ltr'>Cf.</span> <span class='ocrx_word' id='word_1_484' title='bbox 1142 2085 1193 2112; x_wconf 87' lang='lat' dir='ltr'>Gr.</span> <span class='ocrx_word' id='word_1_485' title='bbox 1214 2084 1236 2117; x_wconf 66' lang='lat' dir='ltr'>S</span> <span class='ocrx_word' id='word_1_486' title='bbox 1261 2081 1339 2120; x_wconf 79' lang='grc'>351,</span> <span class='ocrx_word' id='word_1_487' title='bbox 1364 2081 1394 2111; x_wconf 79' lang='lat'>6.</span> <span class='ocrx_word' id='word_1_488' title='bbox 1444 2083 1506 2111; x_wconf 88' lang='lat' dir='ltr'>Sed</span> <span class='ocrx_word' id='word_1_489' title='bbox 1527 2083 1646 2112; x_wconf 87' lang='lat' dir='ltr'>melius</span> <span class='ocrx_word' id='word_1_490' title='bbox 1671 2082 1787 2119; x_wconf 86' lang='lat' dir='ltr'>iunges</span> <span class='ocrx_word' id='word_1_491' title='bbox 1808 2089 1872 2122; x_wconf 81' lang='lat' dir='ltr'>per</span> 
     </span>
     <span class='ocr_line' id='line_1_82' title="bbox 1065 2126 1458 2158; baseline -0.005 0"><span class='ocrx_word' id='word_1_492' title='bbox 1065 2126 1179 2158; x_wconf 82' lang='lat' dir='ltr'>scelus</span> <span class='ocrx_word' id='word_1_493' title='bbox 1205 2126 1293 2158; x_wconf 79' lang='lat' dir='ltr'>actis</span> <span class='ocrx_word' id='word_1_494' title='bbox 1319 2129 1358 2158; x_wconf 85' lang='lat' dir='ltr'>cf.</span> <span class='ocrx_word' id='word_1_495' title='bbox 1381 2126 1458 2157; x_wconf 81' lang='lat'>786.</span> 
     </span>
    </p>

    <p class='ocr_par' dir='ltr' id='par_1_32' title="bbox 1064 2170 1871 2305">
     <span class='ocr_line' id='line_1_83' title="bbox 1112 2170 1871 2213; baseline 0 -11"><span class='ocrx_word' id='word_1_496' title='bbox 1112 2172 1190 2203; x_wconf 80' lang='lat'>795.</span> <span class='ocrx_word' id='word_1_497' title='bbox 1218 2172 1366 2213; x_wconf 78' lang='lat' dir='ltr'>ignotae</span> <span class='ocrx_word' id='word_1_498' title='bbox 1397 2172 1523 2213; x_wconf 77' lang='lat' dir='ltr'>Fy2bc,</span> <span class='ocrx_word' id='word_1_499' title='bbox 1563 2170 1691 2213; x_wconf 84' lang='lat' dir='ltr'>ignota</span> <span class='ocrx_word' id='word_1_500' title='bbox 1722 2171 1871 2212; x_wconf 81' lang='lat' dir='ltr'>MPRyl,</span> 
     </span>
     <span class='ocr_line' id='line_1_84' title="bbox 1064 2216 1868 2258; baseline 0 -8"><span class='ocrx_word' id='word_1_501' title='bbox 1064 2221 1182 2250; x_wconf 78' lang='lat' dir='ltr'>terrae</span> <span class='ocrx_word' id='word_1_502' title='bbox 1210 2221 1316 2258; x_wconf 81' lang='lat' dir='ltr'>FRbc,</span> <span class='ocrx_word' id='word_1_503' title='bbox 1342 2222 1437 2250; x_wconf 84' lang='lat' dir='ltr'>terra</span> <span class='ocrx_word' id='word_1_504' title='bbox 1467 2220 1559 2258; x_wconf 82' lang='grc' dir='ltr'>ΜγΡ.</span> <span class='ocrx_word' id='word_1_505' title='bbox 1586 2234 1624 2239; x_wconf 93' lang='grc'>-</span> <span class='ocrx_word' id='word_1_506' title='bbox 1654 2220 1772 2249; x_wconf 74' lang='lat' dir='ltr'>terrae</span> <span class='ocrx_word' id='word_1_507' title='bbox 1802 2216 1868 2250; x_wconf 73' lang='lat' dir='ltr'>Rb.</span> 
     </span>
     <span class='ocr_line' id='line_1_85' title="bbox 1074 2263 1258 2305; baseline -0.005 -11"><span class='ocrx_word' id='word_1_508' title='bbox 1074 2263 1160 2305; x_wconf 67' lang='lat' dir='ltr'>ll&#39;g.</span> <span class='ocrx_word' id='word_1_509' title='bbox 1192 2263 1258 2294; x_wconf 86' lang='lat' dir='ltr'>Ld.</span> 
     </span>
    </p>

    <p class='ocr_par' dir='ltr' id='par_1_33' title="bbox 1064 2307 1869 2485">
     <span class='ocr_line' id='line_1_86' title="bbox 1113 2307 1867 2349; baseline 0.003 -11"><span class='ocrx_word' id='word_1_510' title='bbox 1113 2309 1190 2340; x_wconf 88' lang='lat'>796.</span> <span class='ocrx_word' id='word_1_511' title='bbox 1220 2307 1321 2348; x_wconf 78' lang='lat' dir='ltr'>Quod</span> <span class='ocrx_word' id='word_1_512' title='bbox 1355 2311 1530 2349; x_wconf 80' lang='lat' dir='ltr'>superest,</span> <span class='ocrx_word' id='word_1_513' title='bbox 1570 2317 1615 2338; x_wconf 90' lang='lat' dir='ltr'>sc.</span> <span class='ocrx_word' id='word_1_514' title='bbox 1652 2318 1670 2338; x_wconf 93' lang='lat' dir='ltr'>e</span> <span class='ocrx_word' id='word_1_515' title='bbox 1702 2311 1867 2340; x_wconf 86' lang='lat' dir='ltr'>Troianis.</span> 
     </span>
     <span class='ocr_line' id='line_1_87' title="bbox 1065 2353 1869 2396; baseline 0 -11"><span class='ocrx_word' id='word_1_516' title='bbox 1065 2357 1150 2386; x_wconf 89' lang='lat' dir='ltr'>Illud</span> <span class='ocrx_word' id='word_1_517' title='bbox 1174 2353 1266 2396; x_wconf 84' lang='lat' dir='ltr'>quod</span> <span class='ocrx_word' id='word_1_518' title='bbox 1292 2356 1388 2390; x_wconf 86' lang='lat' dir='ltr'>quasi</span> <span class='ocrx_word' id='word_1_519' title='bbox 1419 2355 1631 2385; x_wconf 89' lang='lat' dir='ltr'>collectivum</span> <span class='ocrx_word' id='word_1_520' title='bbox 1659 2356 1697 2384; x_wconf 85' lang='lat' dir='ltr'>de</span> <span class='ocrx_word' id='word_1_521' title='bbox 1729 2357 1869 2386; x_wconf 89' lang='lat' dir='ltr'>homini-</span> 
     </span>
     <span class='ocr_line' id='line_1_88' title="bbox 1064 2398 1869 2439; baseline 0.002 -9"><span class='ocrx_word' id='word_1_522' title='bbox 1064 2404 1125 2430; x_wconf 87' lang='lat' dir='ltr'>bus</span> <span class='ocrx_word' id='word_1_523' title='bbox 1149 2402 1266 2431; x_wconf 86' lang='lat' dir='ltr'>dicitur</span> <span class='ocrx_word' id='word_1_524' title='bbox 1289 2401 1328 2431; x_wconf 82' lang='lat' dir='ltr'>cf.</span> <span class='ocrx_word' id='word_1_525' title='bbox 1358 2399 1392 2439; x_wconf 91' lang='lat'>1,</span> <span class='ocrx_word' id='word_1_526' title='bbox 1425 2399 1501 2429; x_wconf 85' lang='lat'>601.</span> <span class='ocrx_word' id='word_1_527' title='bbox 1535 2416 1575 2421; x_wconf 86' lang='lat'>-—</span> <span class='ocrx_word' id='word_1_528' title='bbox 1613 2398 1701 2431; x_wconf 82' lang='lat' dir='ltr'>dare</span> <span class='ocrx_word' id='word_1_529' title='bbox 1724 2400 1803 2431; x_wconf 80' lang='lat' dir='ltr'>vela</span> <span class='ocrx_word' id='word_1_530' title='bbox 1828 2403 1869 2433; x_wconf 82' lang='lat' dir='ltr'>cf.</span> 
     </span>
     <span class='ocr_line' id='line_1_89' title="bbox 1068 2444 1153 2485; baseline 0 -10"><span class='ocrx_word' id='word_1_531' title='bbox 1068 2446 1098 2485; x_wconf 89' lang='lat'>3,</span> <span class='ocrx_word' id='word_1_532' title='bbox 1124 2444 1153 2476; x_wconf 88' lang='lat'>9.</span> 
     </span>
    </p>

    <p class='ocr_par' dir='ltr' id='par_1_34' title="bbox 1065 2490 1870 2575">
     <span class='ocr_line' id='line_1_90' title="bbox 1113 2490 1870 2529; baseline 0.005 -10"><span class='ocrx_word' id='word_1_533' title='bbox 1113 2490 1189 2520; x_wconf 84' lang='lat'>797.</span> <span class='ocrx_word' id='word_1_534' title='bbox 1216 2492 1329 2521; x_wconf 84' lang='lat' dir='ltr'>Liceat</span> <span class='ocrx_word' id='word_1_535' title='bbox 1361 2493 1457 2529; x_wconf 89' lang='lat' dir='ltr'>dare,</span> <span class='ocrx_word' id='word_1_536' title='bbox 1497 2492 1694 2521; x_wconf 87' lang='lat' dir='ltr'>committere</span> <span class='ocrx_word' id='word_1_537' title='bbox 1723 2495 1802 2522; x_wconf 77' lang='lat' dir='ltr'>vela</span> <span class='ocrx_word' id='word_1_538' title='bbox 1834 2498 1870 2523; x_wconf 89' lang='lat' dir='ltr'>ut</span> 
     </span>
     <span class='ocr_line' id='line_1_91' title="bbox 1065 2535 1868 2575; baseline 0.004 -9"><span class='ocrx_word' id='word_1_539' title='bbox 1065 2542 1132 2567; x_wconf 89' lang='lat' dir='ltr'>tuta</span> <span class='ocrx_word' id='word_1_540' title='bbox 1159 2538 1234 2575; x_wconf 88' lang='lat' dir='ltr'>sint,</span> <span class='ocrx_word' id='word_1_541' title='bbox 1262 2539 1319 2566; x_wconf 82' lang='lat' dir='ltr'>tibi</span> <span class='ocrx_word' id='word_1_542' title='bbox 1342 2545 1404 2566; x_wconf 90' lang='lat' dir='ltr'>non</span> <span class='ocrx_word' id='word_1_543' title='bbox 1425 2538 1552 2566; x_wconf 89' lang='lat' dir='ltr'>Iunoni.</span> <span class='ocrx_word' id='word_1_544' title='bbox 1608 2535 1664 2567; x_wconf 84' lang='lat' dir='ltr'>Gt.</span> <span class='ocrx_word' id='word_1_545' title='bbox 1685 2539 1768 2569; x_wconf 87' lang='lat' dir='ltr'>coni.</span> <span class='ocrx_word' id='word_1_546' title='bbox 1790 2537 1868 2569; x_wconf 82' lang='lat' dir='ltr'>vela</span> 
     </span>
    </p>
   </div>
   <div class='ocr_carea' id='block_1_23' title="bbox 1063 2580 1870 2712">
    <p class='ocr_par' dir='ltr' id='par_1_35' title="bbox 1063 2580 1870 2712">
     <span class='ocr_line' id='line_1_92' title="bbox 1063 2580 1870 2622; baseline 0.002 -10"><span class='ocrx_word' id='word_1_547' title='bbox 1063 2580 1146 2612; x_wconf 87' lang='lat' dir='ltr'>illis.</span> <span class='ocrx_word' id='word_1_548' title='bbox 1175 2599 1213 2603; x_wconf 90' lang='lat'><em>-</em></span> <span class='ocrx_word' id='word_1_549' title='bbox 1248 2581 1422 2617; x_wconf 74' lang='lat' dir='ltr'>Laurens,</span> <span class='ocrx_word' id='word_1_550' title='bbox 1451 2584 1507 2618; x_wconf 85' lang='lat' dir='ltr'>qui</span> <span class='ocrx_word' id='word_1_551' title='bbox 1530 2584 1747 2613; x_wconf 85' lang='lat' dir='ltr'>Laurentinos</span> <span class='ocrx_word' id='word_1_552' title='bbox 1773 2592 1870 2622; x_wconf 85' lang='lat' dir='ltr'>agros</span> 
     </span>
     <span class='ocr_line' id='line_1_93' title="bbox 1065 2629 1867 2664; baseline 0.002 -7"><span class='ocrx_word' id='word_1_553' title='bbox 1065 2629 1171 2658; x_wconf 88' lang='lat' dir='ltr'>alluit.</span> <span class='ocrx_word' id='word_1_554' title='bbox 1228 2629 1283 2658; x_wconf 86' lang='lat' dir='ltr'>Sic</span> <span class='ocrx_word' id='word_1_555' title='bbox 1314 2636 1414 2664; x_wconf 83' lang='lat' dir='ltr'>saepe</span> <span class='ocrx_word' id='word_1_556' title='bbox 1445 2629 1562 2658; x_wconf 86' lang='lat' dir='ltr'>dicitur</span> <span class='ocrx_word' id='word_1_557' title='bbox 1595 2630 1723 2659; x_wconf 85' lang='lat' dir='ltr'>Tuscus</span> <span class='ocrx_word' id='word_1_558' title='bbox 1757 2631 1867 2659; x_wconf 83' lang='lat' dir='ltr'>amnis</span> 
     </span>
     <span class='ocr_line' id='line_1_94' title="bbox 1065 2672 1868 2712; baseline 0.001 -8"><span class='ocrx_word' id='word_1_559' title='bbox 1065 2675 1106 2704; x_wconf 83' lang='lat' dir='ltr'>cf.</span> <span class='ocrx_word' id='word_1_560' title='bbox 1133 2672 1187 2712; x_wconf 88' lang='grc'>11,</span> <span class='ocrx_word' id='word_1_561' title='bbox 1215 2672 1291 2703; x_wconf 82' lang='grc'>316.</span> <span class='ocrx_word' id='word_1_562' title='bbox 1329 2690 1367 2694; x_wconf 95' lang='grc'><strong>-</strong></span> <span class='ocrx_word' id='word_1_563' title='bbox 1401 2675 1515 2704; x_wconf 71' lang='lat' dir='ltr'>Venus</span> <span class='ocrx_word' id='word_1_564' title='bbox 1548 2675 1646 2704; x_wconf 83' lang='lat' dir='ltr'>etiam</span> <span class='ocrx_word' id='word_1_565' title='bbox 1675 2678 1757 2705; x_wconf 82' lang='lat' dir='ltr'>haec</span> <span class='ocrx_word' id='word_1_566' title='bbox 1789 2678 1868 2705; x_wconf 85' lang='lat' dir='ltr'>sub-</span> 
     </span>
    </p>
   </div>
   <div class='ocr_carea' id='block_1_24' title="bbox 1063 2720 1867 2846">
    <p class='ocr_par' dir='ltr' id='par_1_36' title="bbox 1063 2720 1867 2846">
     <span class='ocr_line' id='line_1_95' title="bbox 1064 2720 1867 2758; baseline 0.002 -10"><span class='ocrx_word' id='word_1_567' title='bbox 1064 2721 1168 2757; x_wconf 82' lang='lat' dir='ltr'>iungit</span> <span class='ocrx_word' id='word_1_568' title='bbox 1207 2728 1352 2758; x_wconf 83' lang='lat' dir='ltr'>semper,</span> <span class='ocrx_word' id='word_1_569' title='bbox 1392 2720 1455 2749; x_wconf 88' lang='lat' dir='ltr'>sibi</span> <span class='ocrx_word' id='word_1_570' title='bbox 1487 2727 1527 2750; x_wconf 86' lang='lat' dir='ltr'>ea</span> <span class='ocrx_word' id='word_1_571' title='bbox 1555 2728 1640 2756; x_wconf 84' lang='lat' dir='ltr'>quae</span> <span class='ocrx_word' id='word_1_572' title='bbox 1671 2725 1757 2755; x_wconf 79' lang='lat' dir='ltr'>petat</span> <span class='ocrx_word' id='word_1_573' title='bbox 1789 2721 1867 2751; x_wconf 81' lang='lat' dir='ltr'>fatis</span> 
     </span>
     <span class='ocr_line' id='line_1_96' title="bbox 1063 2768 1865 2801; baseline 0.002 -7"><span class='ocrx_word' id='word_1_574' title='bbox 1063 2774 1138 2795; x_wconf 85' lang='lat' dir='ltr'>esse</span> <span class='ocrx_word' id='word_1_575' title='bbox 1163 2773 1336 2801; x_wconf 81' lang='lat' dir='ltr'>concessa;</span> <span class='ocrx_word' id='word_1_576' title='bbox 1367 2774 1472 2800; x_wconf 85' lang='lat' dir='ltr'>neque</span> <span class='ocrx_word' id='word_1_577' title='bbox 1499 2768 1682 2801; x_wconf 82' lang='lat' dir='ltr'>Neptunum</span> <span class='ocrx_word' id='word_1_578' title='bbox 1716 2768 1786 2796; x_wconf 80' lang='lat' dir='ltr'>vult</span> <span class='ocrx_word' id='word_1_579' title='bbox 1820 2772 1865 2796; x_wconf 91' lang='lat' dir='ltr'>te-</span> 
     </span>
     <span class='ocr_line' id='line_1_97' title="bbox 1063 2812 1609 2846; baseline -0.002 -6"><span class='ocrx_word' id='word_1_580' title='bbox 1063 2820 1149 2841; x_wconf 89' lang='lat' dir='ltr'>mere</span> <span class='ocrx_word' id='word_1_581' title='bbox 1173 2817 1284 2842; x_wconf 89' lang='lat' dir='ltr'>contra</span> <span class='ocrx_word' id='word_1_582' title='bbox 1308 2812 1409 2840; x_wconf 87' lang='lat' dir='ltr'>fatum</span> <span class='ocrx_word' id='word_1_583' title='bbox 1434 2812 1609 2846; x_wconf 85' lang='lat' dir='ltr'>impellere.</span> 
     </span>
    </p>
   </div>
   <div class='ocr_carea' id='block_1_25' title="bbox 1060 2887 1864 2975">
    <p class='ocr_par' dir='ltr' id='par_1_37' title="bbox 1060 2887 1864 2975">
     <span class='ocr_line' id='line_1_98' title="bbox 1060 2887 1864 2929; baseline 0.004 -10"><span class='ocrx_word' id='word_1_584' title='bbox 1060 2887 1274 2920; x_wconf 77' lang='lat'>799—826.</span> <span class='ocrx_word' id='word_1_585' title='bbox 1325 2888 1511 2929; x_wconf 86' lang='lat' dir='ltr'>Neptunus</span> <span class='ocrx_word' id='word_1_586' title='bbox 1539 2896 1667 2929; x_wconf 82' lang='lat' dir='ltr'>magno</span> <span class='ocrx_word' id='word_1_587' title='bbox 1695 2889 1864 2922; x_wconf 81' lang='lat' dir='ltr'>comitatu</span> 
     </span>
     <span class='ocr_line' id='line_1_99' title="bbox 1241 2930 1676 2975; baseline 0.002 -11"><span class='ocrx_word' id='word_1_588' title='bbox 1241 2932 1391 2975; x_wconf 82' lang='lat' dir='ltr'>stipatus</span> <span class='ocrx_word' id='word_1_589' title='bbox 1425 2941 1520 2964; x_wconf 83' lang='lat' dir='ltr'>mare</span> <span class='ocrx_word' id='word_1_590' title='bbox 1553 2930 1676 2974; x_wconf 78' lang='lat' dir='ltr'>placat.</span> 
     </span>
    </p>
   </div>
   <div class='ocr_carea' id='block_1_26' title="bbox 1103 2990 1862 3029">
    <p class='ocr_par' dir='ltr' id='par_1_38' title="bbox 1103 2990 1862 3029">
     <span class='ocr_line' id='line_1_100' title="bbox 1103 2990 1862 3029; baseline 0.005 -9"><span class='ocrx_word' id='word_1_591' title='bbox 1103 2990 1182 3021; x_wconf 83' lang='grc'>800.</span> <span class='ocrx_word' id='word_1_592' title='bbox 1211 2990 1283 3022; x_wconf 75' lang='lat' dir='ltr'>Fas</span> <span class='ocrx_word' id='word_1_593' title='bbox 1307 2994 1412 3021; x_wconf 89' lang='lat' dir='ltr'>locum</span> <span class='ocrx_word' id='word_1_594' title='bbox 1437 2994 1544 3029; x_wconf 81' lang='lat' dir='ltr'>hahet,</span> <span class='ocrx_word' id='word_1_595' title='bbox 1572 2993 1625 3021; x_wconf 88' lang='lat' dir='ltr'>ubi</span> <span class='ocrx_word' id='word_1_596' title='bbox 1650 2993 1695 3021; x_wconf 85' lang='lat' dir='ltr'>dii</span> <span class='ocrx_word' id='word_1_597' title='bbox 1721 2995 1862 3029; x_wconf 84' lang='lat' dir='ltr'>loquun-</span> 
     </span>
    </p>
   </div>
   <div class='ocr_carea' id='block_1_27' title="bbox 620 3034 1804 3078">
    <p class='ocr_par' dir='ltr' id='par_1_39' title="bbox 620 3034 1804 3078">
     <span class='ocr_line' id='line_1_101' title="bbox 620 3034 1804 3078; baseline 0.004 -14"><span class='ocrx_word' id='word_1_598' title='bbox 620 3036 695 3070; x_wconf 86' lang='lat' dir='ltr'>Ipse</span> <span class='ocrx_word' id='word_1_599' title='bbox 717 3037 906 3073; x_wconf 51' lang='lat' dir='ltr'>§vagnerus</span> <span class='ocrx_word' id='word_1_600' title='bbox 929 3037 1011 3067; x_wconf 85' lang='lat' dir='ltr'>scri·</span> <span class='ocrx_word' id='word_1_601' title='bbox 1056 3041 1107 3067; x_wconf 89' lang='lat' dir='ltr'>tur</span> <span class='ocrx_word' id='word_1_602' title='bbox 1131 3038 1171 3068; x_wconf 89' lang='lat' dir='ltr'>cf.</span> <span class='ocrx_word' id='word_1_603' title='bbox 1198 3036 1226 3076; x_wconf 93' lang='lat' dir='ltr'>l,</span> <span class='ocrx_word' id='word_1_604' title='bbox 1251 3036 1306 3067; x_wconf 88' lang='lat'>77.</span> <span class='ocrx_word' id='word_1_605' title='bbox 1335 3053 1373 3058; x_wconf 88' lang='lat'>—</span> <span class='ocrx_word' id='word_1_606' title='bbox 1407 3034 1579 3078; x_wconf 73' lang='lat' dir='ltr'>Cytherea</span> <span class='ocrx_word' id='word_1_607' title='bbox 1603 3038 1642 3068; x_wconf 85' lang='lat' dir='ltr'>cf.</span> <span class='ocrx_word' id='word_1_608' title='bbox 1672 3036 1701 3077; x_wconf 93' lang='lat'>1,</span> <span class='ocrx_word' id='word_1_609' title='bbox 1727 3037 1804 3069; x_wconf 81' lang='grc'>680.</span> 
     </span>
    </p>
   </div>
   <div class='ocr_carea' id='block_1_28' title="bbox 1954 499 2021 3350">
    <p class='ocr_par' dir='ltr' id='par_1_40' title="bbox 1954 499 2021 3350">
     <span class='ocr_line' id='line_1_102' title="bbox 1954 499 2021 3350; baseline 0 0"><span class='ocrx_word' id='word_1_610' title='bbox 1954 499 2021 3350; x_wconf 95' lang='lat' dir='ltr'> </span> 
     </span>
    </p>
   </div>
  </div>
 </body>
</html>
