2023 3350
304 115 389 162 404

875 117 911 148 P.
939 116 1136 149 VIRGILII
1162 115 1375 150 MAROMS

305 234 420 284 Rege
456 229 534 270 sub
570 226 830 282 Eurystheo,
865 227 968 268 satis
1005 227 1181 270 Iunonis
1219 228 1406 281 iniquae,

305 286 547 330 Pei-tulerit.

611 285 673 326 Tu
709 284 967 337 nubigenas,
997 284 1173 336 invicte,
1211 285 1471 327 bimembres

306 344 601 397 Hylaeumque
646 341 914 394 Pholumque
947 355 1092 392 manu,
1134 345 1182 383 tu
1223 342 1369 384 Cresia
1405 343 1570 382 mactas

306 400 527 453 Prodigia,
568 402 610 440 et
645 402 813 440 vastum
846 399 1032 439 Nemeae
1071 397 1148 439 sub
1186 413 1292 452 rupe
1326 398 1506 440 leonem.

307 458 365 498 Te
405 456 543 510 Stygii
579 459 792 497 tremuere
824 455 962 506 lacus,
1000 458 1043 496 te
1077 455 1236 496 ianitor
1276 455 1377 497 Orci

308 514 418 556 Ossa
457 526 586 567 super
620 513 831 554 recubans
870 516 996 553 antro
1039 512 1219 553 semiesa
1250 516 1446 563 cruento;

306 572 394 613 Nec
432 573 475 612 te
513 570 627 611 ullae
663 570 814 621 facies,
852 583 936 611 non
973 569 1131 610 terruit
1164 569 1257 622 ipse
1293 569 1517 624 Typhoeus

306 628 481 669 Arduus
519 641 640 668 arma
675 631 845 677 tenens,
883 640 967 668 11011
1000 630 1042 667 te
1080 626 1261 667 rationis
1300 630 1493 680 egentem

306 686 520 727 Lernaeus
559 683 685 725 turba
724 684 914 737 capitum
951 683 1235 724 circumstetit
1270 683 1434 736 anguis.

308 743 451 792 Salve,
483 755 584 782 vera
622 740 735 782 Iovis
767 741 928 794 proles,
962 740 1089 782 decus
1126 739 1273 781 addite
1309 740 1437 781 divis:

307 800 365 840 Et
399 812 497 849 nos,
541 801 583 839 et
616 800 693 838 tua
734 797 884 839 dexter
923 797 996 838 adi
1031 797 1140 850 pede
1176 810 1302 838 sacra
1337 796 1534 838 secundo.

307 856 429 897 Talia
464 854 722 896 carminibus
759 854 994 905 celebrant;
1035 867 1164 908 super
1201 854 1343 895 omnia
1382 854 1483 896 Caci

307 913 564 967 Speluncam
601 912 830 963 adiiciunt,
867 912 1187 965 spirantemque
1221 911 1392 964 ignibus
1425 911 1578 964 ipsum.

309 970 529 1014 Consonat
564 982 687 1010 omne
722 983 871 1010 nemus
902 969 1086 1022 strepitu
1117 967 1332 1022 collesque
1369 967 1595 1010 resultant.

423 1027 534 1068 Exin
574 1040 618 1067 se
653 1027 796 1067 cuncti
836 1025 990 1067 divinis
1028 1025 1157 1067 rebus
1191 1025 1248 1066 ad
1288 1019 1438 1066 urbem

307 1083 516 1126 Pei-fectis
553 1083 756 1124 referunt.

309 1229 359 1253 tos
379 1224 442 1252 sihi
463 1231 482 1252 a
496 1223 711 1251 Laomedonte
732 1230 831 1257 equos·
852 1223 963 1251 divino
985 1223 1108 1251 semine

309 1273 492 1305 procreatos
521 1273 550 1296 et
581 1268 743 1296 Hesionae
773 1269 920 1305 nuptias,
961 1276 1058 1302 quam
1089 1275 1110 1296 a

308 1320 378 1344 ceto
410 1314 639 1343 liberaverat*
671 1315 703 1340 S.
738 1328 776 1332 —
819 1311 1110 1352 Oechaliamque.-

308 1363 468 1396 EurytuS,
499 1367 556 1388 rex
587 1358 779 1394 Oechafiae,
818 1366 901 1392 (piae
933 1363 1000 1387 erat
1032 1361 1109 1386 urbs

308 1407 474 1441 Euboeae,
517 1405 607 1432 Iolen
637 1404 737 1432 tiliam
771 1404 944 1439 denegavit
976 1404 1109 1432 Herculi

309 1456 384 1479 ante
423 1450 634 1487 promissam,
683 1450 767 1477 unde
810 1449 913 1477 iratus
953 1450 1109 1477 Hercules

309 1503 428 1525 eversa
452 1495 585 1524 civitate
609 1494 769 1522 interemit
786 1496 945 1530 Eurytum
969 1498 999 1523 et
1019 1495 1109 1523 Iolen

309 1541 453 1570 sustulit.

355 1584 432 1614 292.
465 1582 591 1613 Fatum
615 1588 699 1621 erat,
738 1589 772 1612 ιιι
796 1587 864 1612 uter
885 1592 927 1612 ex
950 1584 1108 1612 Alcmene

309 1636 364 1661 aut
386 1631 528 1666 Nicippe,
559 1629 680 1658 Steneli
707 1637 817 1664 uxore,
845 1629 930 1663 prior
958 1637 1108 1658 nascere-

309 1682 369 1712 tur,
393 1676 527 1704 alterius
546 1678 633 1703 esset
651 1675 811 1702 dominus.
850 1675 982 1703 Factum
1001 1679 1108 1702 autem

309 1726 357 1751 est
387 1718 529 1749 Iunonis
555 1720 734 1755 iniquitate,
760 1724 793 1747 ut
820 1720 976 1748 Hercules
1002 1723 1109 1753 poste—

309 1768 378 1796 rius
409 1773 506 1801 quam
537 1773 579 1794 ex
603 1765 738 1799 Nicippe
763 1766 968 1799 Eurystheus
994 1772 1108 1793 nasce-

308 1817 412 1848 retur,
447 1818 547 1846 quare
579 1810 635 1838 ille
667 1810 742 1838 huic
773 1817 886 1844 parere
909 1811 1042 1838 debehat
1066 1818 1108 1838 ex

309 1858 390 1893 fato,
428 1864 490 1891 quo
514 1862 579 1884 usa
601 1860 651 1884 est
673 1856 754 1884 Iuno
779 1856 819 1883 ad
843 1855 1052 1890 imponendos
1078 1855 1108 1883 ei

309 1905 449 1932 labores.

356 1946 432 1975 293.
459 1947 513 1975 Sic
535 1953 555 1974 a
577 1946 762 1974 narratione
785 1946 982 1975 convertitur
1006 1946 1107 1974 oratio

309 1994 343 2021 in
369 1994 477 2027 ipsum
500 1992 554 2025 qui
574 1992 724 2020 laudatur
748 1992 780 2019 in
798 1991 900 2019 simili
922 1991 1109 2019 laudatione

309 2038 462 2066 Herculis
500 2044 552 2071 ap.
591 2037 704 2065 Claud.
737 2037 803 2064 ΒΡ.
835 2037 877 2064 11.
918 2037 1016 2070 praef.
1055 2035 1107 2064 33.

309 2084 391 2112 Alia
419 2083 490 2111 eius
521 2081 748 2111 conversionis·
773 2083 924 2116 exempla
954 2085 1029 2109 sunt
1057 2090 1108 2116 ap.

310 2131 369 2157 ΟΥ.
395 2130 437 2156 31.
471 2126 506 2163 4,
542 2125 591 2155 1⁴.
638 2125 675 2157 7.
707 2124 783 2163 ⁴²3⁴-
816 2142 853 2146 —
896 2123 1109 2165 Nubigenas.

311 2174 357 2203 Cf.
383 2171 413 2207 7,
439 2170 512 2200 67⁴.
535 2188 572 2191 —
601 2169 832 2200 Bimembres:
857 2176 887 2200 et
909 2179 962 2206 ap.
985 2174 1044 2201 Ox’.
1066 2174 1108 2200 M.

315 2218 371 2250 12,
397 2216 460 2245 240
493 2218 641 2246 dicuntur
666 2220 704 2245 oh
730 2218 890 2251 duplicem
915 2218 1056 2245 hominis
1081 2222 1109 2246 et

310 2264 383 2299 equi
408 2263 551 2292 formam.
602 2263 649 2291 Cf.
680 2261 716 2297 6,
745 2261 821 2290 286.

357 2308 432 2337 29⁴.
460 2310 623 2344 Hylaeum
661 2313 688 2336 et
729 2309 866 2336 Pholum
905 2308 987 2336 inter
1026 2307 1110 2335 Ceu-

310 2360 422 2383 tauros
457 2355 490 2382 in
529 2358 601 2382 noto
639 2354 696 2381 illo
735 2354 946 2388 Lapitharum
986 2354 1108 2387 proelio

310 2408 426 2430 caesos
452 2400 545 2428 refert
573 2400 645 2434 Ygl.
673 2401 707 2426 G.
736 2397 771 2432 2,
803 2397 879 2426 456.
907 2413 950 2417 —-
990 2395 1110 2426 Cresia

309 2442 500 2484 prodigia3
538 2451 614 2472 nam
642 2445 767 2472 leonem
797 2444 829 2471 in
865 2444 960 2471 Creta
992 2443 1109 2471 dicitur

311 2489 512 2519 interfecisse
547 2493 578 2517 et
614 2494 741 2516 taurum
778 2489 870 2516 illum
905 2488 1108 2524 ignivomum

311 2537 351 2564 ad
392 2536 609 2570 Eurystheum
650 2533 828 2562 adduxisse
866 2533 905 2561 cf.
943 2535 1035 2561 Serv.
1080 2537 1108 2561 et

310 2582 421 2616 Apoll.
449 2578 480 2616 2,
503 2579 535 2617 5,
561 2577 591 2607 7.
612 2594 649 2598 —
674 2580 818 2607 mactas.
868 2579 915 2606 De
939 2582 1110 2612 praesente

311 2627 350 2655 cf.
377 2624 413 2662 2,
440 2624 515 2653 663.

357 2668 433 2698 290.
460 2673 492 2699 te
515 2666 636 2709 Stygii
660 2671 829 2697 tremuere
848 2664 946 2696 lacus
966 2672 1023 2697 etc.
1061 2668 1107 2696 Cf.

312 2715 349 2751 6,
376 2714 451 2744 392.

357 2758 433 2789 297.
461 2761 618 2789 Cerberus
651 2759 744 2788 canis
776 2767 838 2787 11011
874 2758 940 2786 nisi
976 2759 1109 2787 ossibus

311 2806 403 2835 vesci
427 2805 606 2841 probabilis
634 2808 701 2833 erat
733 2804 859 2841 opinio,
891 2808 921 2832 et
945 2804 1106 2833 deduxere

310 2859 428 2880 nomen
455 2858 476 2879 a
505 2842 712 2888 κρεοβόρος.
778 2849 840 2877 Vis
871 2853 921 2877 est
951 2849 985 2877 in
1018 2857 1107 2887 ossa,

311 2898 392 2932 quod
421 2897 486 2925 iam
513 2895 673 2924 indicatur
703 2897 782 2924 loco.
831 2896 944 2928 Itaque
969 2897 1106 2923 terrebat

310 2950 373 2970 non
412 2938 582 2970 recubans
622 2941 678 2967 sed
705 2937 851 2977 ,ossibus
888 2940 1040 2968 semiesis
1077 2944 1107 2968 et

311 2988 452 3016 cruento
474 2990 576 3014 antro.

821 1082 920 1125 Ibat
954 1097 1030 1124 rex
1068 1082 1232 1125 obsitus
1270 1096 1387 1134 aevo,

1202 1220 1278 1251 298.
1303 1220 1426 1259 fatiae,
1450 1223 1565 1257 quales
1589 1222 1711 1251 multae
1736 1221 1768 1249 in
1792 1221 1883 1250 aditu
1904 1221 1956 1250 in-

1155 1268 1293 1297 ferorum
1320 1268 1358 1296 cf.
1387 1267 1422 1304 6,
1448 1266 1512 1295 273
1545 1274 1592 1302 sq.
1627 1282 1665 1286 —
1703 1263 1884 1305 Typhoeus
1913 1266 1954 1295 cf.

1156 1315 1196 1342 ad
1220 1311 1256 1350 1,
1284 1312 1348 1340 665
1374 1317 1403 1341 et
1429 1312 1466 1350 9,
1490 1310 1568 1350 716,
1599 1312 1633 1340 in
1654 1313 1825 1340 Tartarum
1848 1313 1956 1340 detru-

1158 1367 1216 1387 sus
1256 1362 1315 1387 est.
1385 1358 1432 1387 Cf.
1477 1359 1554 1386 Hes.
1591 1358 1710 1393 Theog.
1757 1354 1954 1386 821—68.

1159 1419 1197 1423 —-
1231 1412 1292 1432 nec
1330 1418 1367 1422 —
1411 1411 1479 1431 non
1516 1418 1554 1422 —
1588 1411 1668 1431 non.
1721 1403 1851 1437 Duplex
1886 1410 1956 1431 uon

1156 1449 1296 1478 continet
1335 1457 1390 1484 per
1425 1452 1532 1483 partes
1570 1448 1668 1484 idem,
1710 1449 1793 1482 quod
1828 1452 1877 1476 est
1921 1448 1956 1476 111

1155 1495 1337 1531 enuntiato,
1370 1494 1422 1523 cui
1451 1501 1510 1522 nec
1538 1497 1683 1529 praeest,
1720 1501 1823 1528 neque
1857 1501 1957 1528 oppo-

1156 1541 1242 1568 nitur
1265 1548 1331 1568 non
1358 1544 1389 1567 et
1413 1547 1482 1567 uest
1534 1538 1581 1568 Cf.
1609 1536 1646 1574 4,
1675 1536 1728 1566 35.

1203 1594 1277 1624 299.
1306 1593 1440 1623 arduus
1475 1601 1576 1622 arma
1606 1596 1724 1623 tenens
1753 1598 1786 1623 ut
1809 1593 1847 1630 5,
1879 1592 1956 1623 278.

1158 1638 1217 1669 lit.
1245 1650 1275 1669 v.
1294 1639 1357 1668 299
1381 1644 1410 1668 et
1435 1638 1500 1667 300
1526 1643 1598 1673 post
1619 1647 1652 1668 v.
1675 1637 1740 1667 295
1762 1639 1839 1674 poni
1859 1639 1956 1677 iubet,

1155 1687 1204 1715 sic
1231 1684 1315 1714 Ara.
1345 1694 1377 1714 a.
1405 1687 1426 1713 t.
1455 1685 1590 1719 pertinet
1619 1685 1661 1713 ad
1693 1687 1830 1713 mactus
1860 1686 1957 1714 etad

1156 1732 1264 1766 ipsum
1281 1732 1461 1766 Herculem,
1482 1738 1545 1758 11011
1557 1730 1684 1758 additur
1696 1731 1738 1758 ad
1752 1731 1954 1768 Typhoeum,

1155 1778 1196 1805 ad
1219 1785 1313 1811 quem
1334 1776 1476 1804 additum
1500 1777 1651 1811 languet3
1676 1776 1789 1804 deinde
1812 1783 1895 1810 quae
1920 1776 1955 1805 in

1155 1830 1228 1851 orco
1246 1822 1333 1851 facta
1349 1826 1434 1857 sunt,
1452 1825 1611 1855 ponuntur
1628 1821 1697 1849 loco
1714 1825 1867 1850 extremo.
1908 1822 1956 1850 At

1155 1870 1215 1896 hoc
1248 1872 1295 1896 est
1327 1867 1496 1895 emendare
1530 1870 1657 1900 poetam
1688 1874 1752 1894 non
1787 1867 1958 1895 restituere

1155 1913 1227 1941 eius
1252 1911 1390 1942 carmen.
1417 1927 1455 1931 —
1487 1908 1562 1940 Non
1589 1913 1622 1939 te
1648 1908 1874 1940 circumstetit
1900 1920 1958 1940 ra-

1158 1956 1263 1987 tionis
1290 1960 1460 1998 egentem,
1488 1957 1508 1985 i.
1528 1964 1555 1985 e.
1579 1956 1625 1985 ita
1640 1960 1675 1985 ut
1694 1957 1820 1986 ratione
1834 1965 1957 1994 egeres.

1158 2004 1204 2032 Cf.
1239 2001 1274 2041 4,
1303 2001 1356 2031 22.

1204 2058 1280 2087 300.
1309 2056 1443 2099 anguis
1492 2061 1585 2088 turba
1629 2066 1763 2088 suorum
1805 2059 1956 2094 capitum.

1157 2098 1216 2142 ,ἐν
1238 2099 1356 2144 Λέρνῃ
1381 2098 1630 2142 πολυαιίχενον
1655 2097 1784 2132 ὤλεσεν
1803 2096 1958 2144 ὕδραν.“
1998 2112 2000 2115 ’

1157 2152 1261 2179 Lerne
1288 2151 1382 2179 lacus
1407 2150 1592 2186 Argolides.

1205 2203 1280 2234 301.
1307 2203 1404 2235 salve
1429 2205 1468 2235 cf.
1492 2205 1529 2243 5,
1554 2203 1608 2234 80.
1639 2220 1676 2225 —
1707 2202 1810 2234 decus
1835 2205 1875 2235 cf.
1907 2203 1958 2243 to,
1997 2210 2000 2219 ⁴

1158 2250 1235 2280 507.

1203 2306 1280 2335 302.
1309 2304 1437 2343 dexter,
1461 2307 1630 2344 propitius,
1660 2310 1693 2336 ut
1718 2305 1748 2344 2,
1772 2303 1847 2336 388.
1896 2308 1956 2336 Ov.

1157 2354 1191 2381 F.
1222 2350 1256 2389 l,
1284 2350 1324 2380 69
1352 2350 1470 2381 dexter
1501 2352 1584 2382 ades
1613 2349 1844 2392 Patribusque
1875 2351 1957 2390 tuis,

1153 2395 1352 2437 populoque
1389 2395 1539 2435 Quirini.
1570 2414 1615 2418 —
1645 2395 1708 2426 adi
1737 2397 1825 2437 pede
1854 2406 1958 2426 sacra

1157 2442 1307 2471 secundo
1332 2443 1379 2471 ita
1404 2444 1537 2478 saepius
1558 2449 1589 2472 ut
1617 2441 1668 2479 10,
1692 2440 1777 2478 2553
1802 2449 1878 2472 nam
1901 2443 1958 2478 qui

1156 2489 1234 2522 pede
1266 2490 1406 2517 secundo
1437 2490 1518 2527 adit,
1556 2490 1627 2524 ipse
1662 2489 1842 2526 secundus,
1883 2496 1957 2523 pro-

1156 2534 1257 2568 pitius
1283 2538 1340 2562 est.
1696 2548 1697 2551 ¹

1203 2588 1278 2618 303.
1306 2597 1412 2628 super
1431 2587 1548 2619 omnia
1572 2590 1612 2620 cf.
1638 2587 1675 2627 7,
1701 2586 1778 2618 462.

1202 2644 1277 2675 305.
1305 2643 1477 2686 collesque
1503 2645 1679 2676 resultant
1705 2646 1744 2676 cf.
1769 2645 1806 2684 5,
1834 2643 1909 2675 150.

1157 2735 1375 2766 306—369.
1437 2734 1570 2766 Romae
1606 2732 1786 2775 cognoscit
1816 2730 1955 2766 Aeneas

1463 2779 1652 2820 regionem.

1201 2848 1278 2878 307.
1306 2847 1438 2879 obsitus
1464 2857 1573 2884 aev0‚·
1596 2849 1643 2877 ita
1668 2848 1739 2876 Ter.
1762 2849 1843 2876 Eun.
1867 2845 1899 2885 2,
1923 2847 1955 2888 2,

1154 2894 1173 2922 5
1209 2903 1375 2935 aegrum,
1415 2892 1546 2934 pannis
1587 2890 1758 2932 annisque
1793 2890 1966 2934 obsitum..

1155 2941 1228 2968 Val.
1260 2943 1348 2969 Max.
1388 2938 1424 2974 2,
1456 2938 1492 2975 9,
1517 2938 1536 2966 5
1570 2935 1734 2967 horridae
1768 2936 1956 2969 vetustatis

1152 2983 1320 3026 rubigine
1343 2982 1488 3015 obsitum
1515 2980 1709 3023 imperium.

1865 396 1948 436 295
2000 389 2011 438 J

1867 684 1952 723 300
1999 656 2003 712 ³-

1870 971 1953 1012 305
2006 972 2008 977 “

1982 2941 1986 2974 t
