2023 3350
740 87 974 121 AENEIDOS
1007 88 1095 121 LIB.
1127 89 1185 121 Vl.

1707 87 1789 127 315

143 203 201 245 Et
239 206 367 258 pater
401 202 494 256 ipse
529 215 607 243 suo
647 215 851 255 superum
889 201 975 243 iam
1009 202 1154 256 signat
1190 200 1376 243 honore!

144 261 230 312 En,
268 261 415 312 huius,
456 262 574 312 nate,
616 260 820 314 auspiciis
853 260 929 301 illa
961 260 1127 301 incluta
1156 260 1294 301 Roma

143 319 378 372 Imperium
409 317 561 369 terris,
598 318 767 359 animos
805 318 1014 371 aequabit
1046 318 1242 372 Olympo,

145 376 404 430 Septemque
433 389 520 416 una
553 374 636 417 sibi
669 389 794 416 muro
834 375 1121 417 circumdabit
1155 389 1287 426 arces,

143 435 265 475 Felix
306 433 428 488 prole
459 434 622 474 virum:
665 433 807 487 qualis
843 434 1101 488 Berecyntia
1138 436 1279 474 mater

1709 433 1791 472 785

142 491 368 533 Invehitur
404 505 534 532 curru
570 491 778 546 Phrygias
815 492 976 533 turrita
1016 505 1094 545 per
1131 491 1274 541 urbes,

144 550 280 591 Laeta
318 549 446 590 deum
480 552 634 603 partu,
677 553 847 590 centum
888 550 1114 603 complexa
1149 551 1342 602 nepotes,

146 607 304 649 Omnes
340 606 589 658 caelicolas,
634 621 780 649 omnes
819 621 974 661 supera
1013 607 1103 648 alta
1140 609 1347 648 tenentes.

144 664 241 706 Huc
281 665 472 718 geminas
512 679 625 706 nunc
660 665 785 707 flecte
825 666 960 717 acies,

143 723 451 776 Romanosque
490 726 601 764 tuos.

662 723 744 764 Hic
785 723 961 773 Caesar,
1002 726 1045 764 et
1084 722 1221 763 omnis
1262 720 1346 762 Iuli

999 665 1112 706 hanc
1151 664 1327 717 adspice
1361 664 1542 716 gentem,
1709 720 1792 760 790

144 780 396 835 Progenies,
436 794 641 835 magnum
677 781 785 822 caeli
822 785 1004 822 ventura
1040 780 1119 822 sub
1157 793 1294 821 axem.

146 933 185 963 cf.
215 935 268 962 Gr.
294 933 316 968 ς
345 930 430 969 419,
467 934 534 962 An.
564 930 617 962 11.
680 936 744 963 Suo
780 935 851 963 1000
892 942 947 969 po-

145 980 234 1008 nitur
275 979 495 1015 indicativus,
543 984 669 1008 constat
710 980 796 1009 0111111
829 980 948 1009 0113133

144 1030 250 1063 31310,
292 1026 459 1060 quaeritur
490 1027 583 1054 modo
613 1027 765 1054 videatne
794 1033 851 1054 eas
880 1027 947 1054 Ae-

146 1078 239 1107 11033,
266 1075 362 1106 atque
386 1074 467 1100 haec
493 1071 568 1106 ipsa
594 1073 740 1107 quaestio
764 1073 856 1100 modo
883 1071 946 1100 for-

147 1125 233 1147 mam
256 1119 351 1146 hahet
370 1118 583 1153 quaestionis,
609 1123 638 1146 et
662 1115 763 1146 viden
790 1118 882 1146 modo
905 1125 947 1145 ex

146 1164 389 1193 vehementiore
429 1163 647 1200 interrogandi
683 1163 808 1192 ratione
843 1167 947 1191 ortum

146 1214 193 1239 est
219 1218 276 1244 pro
302 1207 390 1246 vide,
414 1217 518 1244 neque
534 1210 619 1238 enim
632 1209 753 1237 dubitat
773 1209 947 1243 Anchises,

147 1256 226 1291 quin
251 1256 372 1284 videat.
422 1255 475 1284 Sic
502 1256 636 1290 saepius
661 1259 733 1290 post
761 1252 854 1291 vide,
883 1252 949 1282 ad-

148 1299 242 1341 spice
290 1303 327 1330 nt
365 1301 510 1335 seqnitur
550 1301 750 1330 indicativus
796 1300 834 1329 cf.
879 1298 946 1328 856

147 1344 290 1386 adspice
314 1349 352 1375 ut
377 1344 591 1386 ingreditur.
640 1349 675 1375 G.
706 1345 740 1383 1,
767 1344 809 1374 56
834 1353 949 1375 nonne

145 1390 245 1422 vides
281 1394 318 1422 nt
352 1389 456 1421 India
486 1390 595 1422 mittit
626 1390 719 1421 ebur.
767 1393 834 1421 Ecl.
865 1392 900 1428 5,
927 1389 946 1419 7

147 1435 293 1478 adspice
318 1440 353 1467 nt
379 1436 520 1478 sparsit.
571 1439 637 1468 Cic.
661 1447 707 1473 pr.
731 1439 799 1467 Mil.
827 1435 878 1471 ts.
904 1435 946 1465 47

145 1485 192 1514 ita
214 1485 420 1520 interpunge:
455 1481 579 1513 Videte
599 1481 754 1513 indices!
783 1481 947 1522 Quantae

146 1538 201 1560 res
226 1528 280 1559 his
305 1527 515 1559 testimoniis
540 1532 620 1560 sunt
650 1527 852 1569 confectae!
895 1531 949 1559 Sic

146 1577 278 1612 explica
311 1574 348 1612 9,
384 1573 460 1604 269.
518 1577 608 1605 Laei.
642 1575 695 1605 25.
752 1577 845 1605 Adue
876 1577 945 1605 cat.

148 1620 208 1659 61,
244 1620 298 1651 77.
349 1620 408 1657 62,
446 1620 476 1650 8.
551 1625 661 1658 Neque
702 1623 947 1651 coniunctivum

146 1677 264 1704 ponere
305 1672 428 1697 rectum
466 1676 529 1697 non
575 1673 638 1705 est,
685 1676 785 1703 quare
836 1673 948 1703 poetae

145 1714 245 1743 etiam
269 1718 439 1748 utrumque
467 1716 577 1743 eodem
604 1715 637 1743 in
662 1715 830 1743 enuntiato
855 1715 948 1743 dixe-

146 1765 230 1789 runt.
299 1760 345 1788 cf.
381 1761 452 1788 Ter.
494 1761 597 1789 Andr.
645 1758 680 1796 4,
732 1759 764 1796 1,
805 1758 845 1787 25
894 1759 947 1789 An

143 1803 257 1834 neseis
293 1803 437 1844 quantis
475 1803 508 1834 ἰη
549 1803 655 1834 malis
689 1813 802 1834 verser
833 1803 947 1842 miser,

147 1853 370 1890 quantasque
401 1848 456 1879 hic
480 1849 553 1879 suis
580 1849 736 1880 consiliis
760 1847 847 1879 mihi
871 1860 951 1879 con-

147 1894 233 1931 fecit
265 1893 549 1925 sollicitudines?
612 1898 660 1926 De
688 1897 796 1925 Plauti
839 1896 880 1931 (i.
920 1906 947 1926 e.

146 1943 261 1979 vulgi)
286 1951 345 1971 11311
379 1939 602 1971 Fuhrmnnn:
628 1940 688 1970 der
713 1940 888 1971 lwlicaeiv
914 1941 947 1971 in

149 1988 181 2017 ul.
208 1986 450 2025 sogenarinten
485 1986 676 2016 indit-cetea
707 1986 948 2027 Frogest'itzcn

147 2032 201 2063 bei
226 2031 375 2062 Plautus
402 2030 452 2062 ΙΙι.
477 2031 572 2063 Jhrb.
600 2032 642 2061 72
665 2043 697 2073 p.
723 2032 800 2062 15119.
851 2035 950 2063 Alius

148 2088 230 2108 usus
255 2077 289 2110 3.
323 2077 399 2108 367.
437 2095 473 2099 -—
513 2077 679 2120 geminae
702 2081 822 2109 cristae
850 2080 889 2109 cf.
923 2078 949 2115 1,

195 2168 273 2199 781.
300 2172 475 2200 Facillima
497 2172 578 2199 ratio
604 2171 735 2199 videtur
756 2180 829 2200 esse
850 2174 948 2200 haec:

150 2219 248 2246 Pater
271 2226 436 2252 superum.
463 2218 616 2252 Iuppiter,
654 2225 726 2245 eum
753 2218 818 2246 iam
843 2218 950 2254 signat

151 2272 210 2292 suo
232 2266 361 2292 honore.
405 2265 465 2292 Sed
488 2272 549 2291 sno
569 2266 688 2291 honore
707 2268 754 2292 est
779 2268 833 2292 aut
860 2263 950 2292 Iovis

151 2311 272 2338 honore
310 2309 330 2337 i.
362 2318 389 2338 0.
424 2310 682 2338 immortalitate.
721 2314 776 2338 aut
809 2310 951 2342 Romuli,

152 2355 207 2390 qui
232 2355 262 2383 ei
287 2356 426 2384 debetur.
477 2356 545 2384 Hoc
563 2359 716 2390 praestat.
767 2356 875 2383 Sedis
895 2358 951 2383 ho-

151 2409 210 2429 nor
234 2400 299 2428 nisi
322 2401 478 2435 fallimur,
503 2402 666 2430 indicatus
689 2406 736 2430 est
762 2402 873 2431 cristis
897 2410 953 2437 ge-

153 2446 262 2475 minis.
311 2448 380 2475 Iam
409 2455 505 2483 vero,
539 2456 638 2481 quum
669 2447 730 2482 (cf.
758 2448 833 2476 Val.
862 2450 951 2476 Max.

154 2490 184 2525 1.
203 2490 234 2520 8.
255 2490 307 2527 6.)
345 2493 460 2520 Martis
476 2493 606 2529 insigne
627 2493 669 2522 sit
693 2495 809 2530 „galea
827 2495 953 2522 duabus

152 2538 310 2567 distincta
346 2537 498 2575 pinnis,“
546 2540 694 2567 lubentes
731 2540 954 2574 acciperemus

152 2591 225 2613 03111
262 2584 474 2620 sententiam,
517 2592 582 2619 qua
621 2587 711 2613 Mars
754 2590 846 2620 pater
888 2587 954 2614 iam

150 2630 252 2659 filium
281 2638 377 2658 suum
408 2638 467 2658 3110
499 2632 620 2659 honore
646 2632 828 2667 decoraret,
859 2639 954 2666 prae-

152 2676 263 2705 sertim
288 2677 371 2710 quod
393 2676 549 2709 Quirinus
575 2678 654 2705 deus
685 2680 715 2705 et
740 2679 830 2706 Mars
856 2679 954 2707 etiam

152 2722 235 2751 alibi
261 2722 448 2750 miscentur.
498 2723 618 2750 Turbat
644 2726 751 2751 tamen
779 2731 954 2763 superum,

152 2769 237 2803 quod
272 2768 500 2797 accusativum
532 2771 627 2797 habet
652 2769 803 2805 servius,
838 2771 893 2803 qui
925 2774 954 2798 01

154 2815 226 2849 ipse
258 2818 381 2849 patrem
415 2814 567 2850 intelligit
591 2816 746 2849 Marten13
781 2816 867 2844 unde
897 2824 955 2844 ex-

155 2860 290 2889 tricatur
314 2863 395 2889 haec
424 2860 603 2888 sententia:
653 2862 744 2888 Mars
767 2864 857 2895 pater
883 2870 956 2890 011111

157 2906 224 2935 13111
245 2910 278 2934 111
303 2907 397 2935 deum
421 2906 530 2943 signat
553 2914 613 2935 suo
638 2908 758 2935 honore
784 2908 856 2936 dato
882 2907 903 2936 i.
927 2916 954 2937 e.

157 2959 219 2986 quo
249 2952 320 2987 ipse
351 2953 478 2989 gaudet.
540 2949 592 2980 ΡΙ.
627 2952 710 2981 coni.
741 2960 887 2991 puerum
926 2957 955 2982 et

155 2997 241 3026 tollit
271 2998 478 3028 difficultates
513 3002 685 3033 movetque
717 2999 814 3027 alias.
873 2999 956 3034 Quid

993 933 1105 962 enim?
1152 934 1237 961 Num
1270 933 1418 960 crescunt
1450 929 1484 957 in
1516 929 1630 964 Elysio
1660 928 1793 958 animae

994 983 1028 1007 ut
1053 979 1145 1013 pueri
1170 979 1253 1013 sint,
1277 982 1348 1012 post
1375 976 1531 1009 iuvenes,
1556 979 1627 1009 post
1651 976 1770 1004 senes?

1041 1022 1117 1052 7s2.
1145 1020 1325 1062 anepiciis.
1365 1021 1530 1056 Auspicia
1547 1023 1707 1049 habebant
1725 1027 1795 1049 ma-

994 1070 1162 1104 gistratus.
1185 1076 1321 1104 quorum
1347 1068 1442 1095 iussu
1466 1067 1521 1101 qui
1547 1075 1614 1095 rem
1641 1069 1795 1102 gerebant

995 1115 1049 1150 (ut
1079 1115 1201 1151 legati)
1233 1121 1344 1142 eorum
1376 1113 1536 1147 auspiciis
1567 1121 1678 1148 gerere
1708 1113 1796 1141 dice-

994 1163 1111 1190 bantur
1142 1165 1170 1189 et
1202 1160 1415 1196 magistratus
1446 1159 1510 1193 ipsi
1544 1158 1652 1187 facere
1681 1166 1794 1186 cense-

994 1209 1129 1237 bantur.
1153 1213 1254 1241 quare
1278 1213 1385 1234 rerum
1410 1205 1456 1233 ita
1480 1208 1644 1241 gestarum
1670 1209 1699 1232 et
1719 1205 1795 1232 13113

995 1253 1029 1281 in
1062 1261 1118 1281 eos
1150 1253 1285 1281 cadebat
1319 1255 1348 1280 et
1373 1251 1582 1285 vituperium.
1634 1251 1796 1278 Romulus

995 1307 1094 1334 quum
1134 1299 1240 1333 prima
1277 1298 1314 1326 de
1350 1299 1428 1326 urbe
1471 1297 1623 1331 auspicia
1666 1296 1796 1333 ceperit,

994 1349 1109 1380 postea
1141 1346 1219 1373 dens
1251 1343 1356 1373 factus
1386 1343 1481 1377 quasi
1515 1348 1690 1377 perpetuus
1715 1350 1796 1371 suae

995 1391 1086 1420 urbis
1109 1391 1260 1426 princeps
1281 1392 1340 1418 sub
1358 1389 1522 1424 auspiciis
1540 1390 1612 1417 suis
1630 1390 1796 1417 Romanos

995 1439 1090 1466 habet
1114 1437 1154 1466 cf.
1185 1435 1222 1470 3.
1251 1434 1302 1464 20.
1340 1451 1378 1455 —-
1417 1433 1486 1464 ma
1513 1443 1578 1464 non
1602 1439 1635 1464 ut
1662 1443 1796 1464 versum

994 1485 1127 1518 expleat
1156 1483 1299 1511 additum
1323 1486 1382 1510 031.

1041 1527 1118 1558 7s23.
1147 1526 1361 1567 ..Imperium
1404 1524 1528 1562 tcrris3
1572 1527 1605 1556 in
1640 1530 1797 1562 quantum

994 1576 1133 1604 tenditur
1147 1580 1242 1604 terra.
1278 1571 1423 1603 Animos
1443 1571 1608 1613 aequabit
1629 1572 1798 1613 Olyrnpo3

995 1622 1263 1658 magnanimitate
1287 1620 1478 1655 aequabitur
1503 1618 1628 1649 03010.“
1655 1622 1686 1648 S.

1042 1666 1118 1696 751.
1146 1667 1389 1696 Iucundissima
1430 1666 1631 1701 comparatio
1673 1667 1798 1694 Romae

996 1722 1068 1743 cum
1103 1714 1225 1749 Cybele
1257 1713 1331 1741 sive
1361 1714 1471 1742 Rhea.
1511 1710 1653 1741 deorum
1686 1716 1798 1747 matre,

997 1761 1096 1788 etiam
1123 1764 1303 1794 propterea.
1329 1759 1412 1793 quod
1432 1758 1564 1786 Romuli
1586 1764 1689 1787 mater
1705 1760 1799 1786 Rhea

997 1807 1172 1834 dicebatur.
1223 1806 1321 1839 Apud
1350 1805 1518 1832 Lucanum
1556 1802 1587 1835 l.
1627 1802 1688 1832 1158
1715 1805 1798 1833 Cae-

997 1852 1066 1880 sari
1095 1855 1228 1886 apparet
1260 1850 1367 1885 patria
1401 1847 1579 1889 turrigero
1612 1858 1718 1878 canos·
1746 1848 1798 1885 ef-

990 1895 1151 1935 fundens
1179 1894 1305 1924 vertice
1333 1893 1454 1924 crines.
1504 1895 1552 1924 Cf.
1579 1896 1637 1924 Sil.
1666 1893 1704 1931 4,
1733 1892 1798 1923 412

998 1941 1109 1983 ips-am
1157 1942 1335 1977 (Romam)
1380 1939 1557 1980 turrigero
1598 1943 1796 1980 portantem

999 1987 1126 2017 vertice
1153 1996 1279 2016 1110103,
1308 2003 1347 2007 -
1377 1995 1474 2015 arces·
1500 1987 1539 2016 cf.
1565 1984 1601 2018 2.
1632 1985 1708 2016 322.

1044 2032 1120 2063 755.
1148 2035 1374 2070 ..Berecyntus
1405 2034 1575 2062 castellum
1609 2038 1657 2062 est
1691 2035 1799 2069 Phry-

998 2080 1072 2114 giae
1095 2081 1188 2108 iuxta
1213 2080 1410 2116 Sangarium
1437 2079 1590 2110 fluvium.
1616 2080 1672 2107 ubi
1698 2085 1799 2108 mater

998 2128 1091 2154 deum
1115 2127 1264 2154 001111113-
1291 2128 1322 2154 S.
1365 2126 1443 2154 Inde
1467 2126 1662 2160 Berecyntia
1683 2126 1800 2155 (licitur

997 2170 1033 2200 9.
1061 2169 1114 2199 82,
1142 2170 1218 2200 619,
1268 2173 1327 2200 Ov.
1356 2172 1390 2198 F.
1418 2168 1453 2200 4.
1480 2169 1556 2198 335.

1044 2215 1121 2245 786.
1154 2214 1297 2245 'I'nrrita
1338 2217 1358 2244 i.
1393 2224 1419 2244 e.
1459 2223 1610 2245 coronam
1641 2219 1799 2245 muralem

998 2271 1114 2301 gerens
1138 2263 1269 2291 vehitur
1288 2262 1449 2291 leonibus.
1499 2263 1598 2290 Feros
1623 2263 1709 2290 enim
1741 2265 1798 2291 ho-

999 2310 1103 2338 mines
1134 2310 1174 2337 ad
1204 2309 1438 2337 humanitatem
1471 2312 1499 2335 01
1532 2308 1718 2337 societatem
1750 2309 1799 2336 di-

1000 2357 1083 2385 citur
1108 2355 1303 2389 perduxisse
1336 2354 1375 2383 cf.
1402 2355 1495 2382 anr.
1525 2351 1560 2386 2,
1587 2352 1653 2381 598
1678 2362 1726 2388 sq.
1756 2370 1794 2374 —-

1000 2403 1047 2430 De
1071 2403 1160 2431 cultu
1189 2402 1267 2429 deae
1292 2400 1331 2429 cf.
1357 2398 1392 2429 9.
1427 2396 1503 2427 619.
1539 2414 1577 2418 -
1612 2400 1744 2428 Τ1111113
1768 2404 1800 2429 01

999 2448 1159 2480 turrigera
1183 2447 1280 2476 etiam
1301 2454 1353 2481 ap.
1377 2446 1463 2474 alios
1486 2449 1599 2480 poetas
1626 2446 1751 2475 dicitur.

1047 2491 1125 2522 788.
1153 2501 1280 2533 supera
1296 2490 1372 2521 alta
1390 2492 1410 2520 i.
1435 2500 1461 2520 e.
1478 2493 1605 2521 caelum
1620 2492 1659 2521 cf.
1674 2490 1704 2525 4,
1721 2490 1798 2521 451.

1047 2537 1124 2568 789.
1152 2536 1319 2578 geminas
1337 2535 1440 2571 ariec.
1466 2540 1550 2569 ..huc
1570 2541 1667 2567 totum
1690 2539 1801 2567 visum

1000 2590 1091 2614 tuum
1111 2586 1247 2621 diriges·
1267 2586 1298 2612 S.
1341 2584 1443 2613 Acies
1462 2588 1648 2618 usurpatur.
1672 2586 1799 2619 quando

1001 2632 1135 2661 intentio
1170 2631 1372 2667 significatur
1411 2632 1594 2666 oculorum,
1645 2631 1718 2659 sive
1758 2640 1800 2660 ex

1002 2678 1217 2714 cognoscendi
1243 2677 1417 2711 cupiditate
1440 2680 1475 2704 ut
1502 2678 1560 2705 Ov.
1586 2678 1628 2704 M.
1658 2675 1694 2713 3,
1722 2675 1799 2713 381,

1001 2725 1075 2753 sive
1100 2733 1141 2753 ex
1163 2724 1265 2752 animi
1289 2722 1455 2751 affectibus
1480 2722 1518 2751 cf.
1546 2719 1582 2759 4,
1609 2720 1685 2751 643.
1721 2724 1799 2752 Hor.

1003 2772 1069 2799 Sat.
1098 2768 1127 2802 2,
1152 2767 1182 2803 2,
1208 2769 1239 2797 5.
1265 2783 1310 2788 —-
1334 2770 1403 2797 Iam
1432 2769 1473 2797 ad
1498 2769 1654 2797 maiorem
1679 2770 1802 2799 excitat

1004 2816 1223 2852 diligentiam.
1252 2815 1335 2849 quod
1362 2814 1508 2849 sequitur
1532 2816 1716 2851 Augustus.

1050 2860 1127 2890 790.
1153 2863 1205 2890 Ab
1242 2862 1311 2889 Iulo
1341 2862 1475 2890 Aeneae
1508 2865 1539 2890 et
1563 2862 1707 2890 Creusae
1735 2861 1801 2890 filio

1003 2908 1138 2943 stirpem
1164 2909 1321 2936 ducebant
1346 2906 1434 2935 Iulii.

1050 2951 1128 2982 791.
1156 2950 1245 2981 coeli
1271 2954 1421 2981 ventura
1448 2949 1509 2981 sub
1531 2960 1642 2981 axem.
1691 2954 1802 2982 Habes

1003 3007 1125 3029 novam
1150 2999 1323 3028 formulam
1347 2996 1419 3028 vita
1441 2995 1522 3037 frui
1547 2998 1801 3036 significantem3
