2023 3350
274 115 355 156 35ss
840 109 879 141 P·

275 229 409 270 Fama
447 224 581 275 volat,

905 107 1103 141 VIRGILII
1130 107 1343 142 MARONIS

625 222 840 275 furiisque
876 235 1079 263 accensas
1113 226 1289 277 pectore
1327 225 1490 263 matres

275 285 395 327 Idem
433 294 577 323 omnes
611 279 738 321 simul
776 279 909 320 ardor
945 279 1055 332 agit,
1095 294 1206 322 nova
1241 293 1450 334 quaerere
1486 281 1616 321 tecta.

276 343 516 384 Deseruere
552 337 722 388 domos,
761 337 900 378 ventis
937 335 1044 378 dant
1083 337 1196 379 colla
1233 351 1477 390 comasque.

277 400 357 441 Ast
393 397 504 439 aliae
544 371 742 436 tremulis
774 393 1011 436 ululatibus
1048 393 1227 436 aethera
1261 395 1489 449 complent,

1843 391 1926 431 395

277 454 617 510 Pampineasque
653 455 812 505 geiunt
847 452 1062 493 incinctae
1098 451 1283 506 pellibus
1315 452 1478 495 hastas.

278 514 381 567 Ipsa
416 512 530 553 inter
571 509 734 552 medias
772 509 1030 563 flagrantem
1062 508 1229 551 fervida
1264 510 1413 564 pinum

280 570 493 621 Sustinet,
531 581 582 610 ac
617 571 746 609 natae
781 567 998 621 Turnique
1037 567 1154 609 canit
1192 566 1462 622 hymenaeos,

280 627 572 681 Sanguineam
607 628 816 679 torquens
856 625 1015 677 aciem,
1056 628 1312 679 torvumque
1345 631 1521 680 repente

283 686 473 729 Clamat:
512 684 560 725 Io
595 687 773 736 matres,
815 682 979 734 audite,
1019 681 1095 724 ubi
1137 696 1350 736 quaeque,
1390 685 1592 727 Latinae:

1843 681 1928 720 400

283 743 330 786 Si
364 756 450 796 qua
484 742 568 797 piis
600 741 754 783 animis
792 744 938 783 manet
974 739 1158 782 infelicis
1196 740 1380 783 Amatae

282 800 458 852 Gratia,
500 800 536 841 si
571 799 677 841 iuris
713 798 899 840 materni
936 811 1042 840 cura
1072 797 1304 850 remordet,

283 858 444 901 Solvite
477 856 661 899 crinales
699 857 847 908 vittas,
890 856 1032 910 capite
1067 855 1189 909 orgia
1224 869 1404 898 mecum.

282 917 430 959 Talem
462 915 575 957 inter
612 914 760 966 silvas,
800 890 915 956 i1iter
954 913 1126 956 deserta
1161 912 1362 965 ferarum,

283 974 493 1028 Reginam
524 971 692 1014 Allecto
733 971 919 1014 stimulis
957 971 1051 1025 agit
1085 971 1276 1036 undique
1306 970 1469 1013 Bacchi

1847 968 1931 1007 405

397 1031 633 1084 Postquam
669 1030 762 1071 xisa
801 1030 907 1071 satis
944 1030 1107 1083 piimos
1143 1029 1311 1072 acuisse
1347 1027 1526 1080 furores,

285 1088 607 1141 Consiliumque
641 1101 896 1140 omnemque
932 1087 1106 1129 domum
1140 1087 1319 1129 vertisse
1354 1086 1519 1128 Latini:

284 1146 487 1187 Protinus
524 1145 624 1186 111118
654 1145 787 1186 fuscis
824 1145 963 1186 tristis
1000 1144 1082 1186 dea
1116 1144 1288 1186 tollitur
1323 1144 1403 1186 alis

285 1203 475 1245 Audacis
505 1202 654 1244 Rutuli
694 1202 750 1244 ad
784 1215 952 1254 muros,
993 1215 1124 1256 quam
1158 1202 1318 1243 dicitur
1350 1200 1501 1243 urbem

286 1260 548 1303 Acrisioneis
580 1260 729 1301 Danae
763 1258 966 1301 fundasse
1005 1259 1166 1301 colonis

920 1317 1060 1359 Locus
1101 1316 1245 1359 Ardea
1283 1314 1503 1369 quondam

285 1318 518 1374 Praecipiti
550 1317 696 1360 delata
732 1317 861 1360 Noto.

333 1459 409 1490 393.
436 1461 526 1489 Idem
548 1459 789 1489 hemistichium
811 1456 843 1497 4,
865 1458 951 1495 5813
977 1467 1084 1494 neque

287 1506 394 1536 minus
411 1503 516 1535 simul
540 1507 580 1535 ad
609 1513 726 1535 omnes
750 1505 887 1540 pertinet
915 1505 974 1543 ll,
1006 1504 1084 1534 834.

286 1560 379 1582 nova
405 1553 511 1590 tecta,
534 1551 666 1580 seminis
685 1551 859 1588 inusitata,
885 1552 1002 1581 silvas.

333 1608 410 1637 396.
442 1605 655 1648 Pampineae
678 1612 752 1636 sunt
773 1609 927 1644 pampino
946 1608 1084 1643 cinctae,

288 1659 321 1684 ut
347 1661 468 1682 aureae
500 1654 652 1682 dicuntur
683 1661 737 1682 res
769 1661 854 1688 quae
886 1658 962 1683 sunt
988 1659 1086 1681 aura-

289 1704 350 1728 tae.
401 1699 513 1728 Simile
547 1698 582 1735 l,
619 1698 692 1727 191.
752 1696 803 1727 Pl.
837 1703 867 1727 et
903 1696 966 1727 Rh.
999 1700 1085 1726 hunc

290 1752 320 1773 v.
348 1749 555 1780 praeponunt
575 1744 689 1773 versui
711 1742 796 1779 395;
829 1741 879 1773 Pl.
903 1744 1000 1773 etiam
1028 1751 1085 1778 pro

288 1787 384 1819 aliae
407 1790 615 1819 scribendum
640 1794 754 1818 censet
780 1786 876 1826 illae,
902 1790 988 1824 quod
1013 1789 1087 1817 illa-

288 1839 354 1864 tum
379 1840 429 1865 est
454 1836 488 1864 in
512 1836 706 1864 Mediceum.

333 1890 410 1921 398.
437 1893 541 1920 Tanto
567 1891 677 1920 furore
704 1892 871 1928 abripitur,
898 1895 930 1920 ut
949 1891 1013 1920 iam
1037 1891 1088 1919 in-

288 1937 378 1967 stitui
410 1937 541 1973 nuptias
572 1941 718 1975 putaret,
753 1941 782 1965 et
816 1937 984 1972 nuptiales
1017 1941 1088 1965 tae·

288 1984 348 2012 (las
367 1982 453 2012 ferre
478 1983 541 2012 sibi
556 1983 722 2011 videretur
745 1983 778 2012 in
796 1990 892 2012 sacro
909 1983 1087 2011 Bacchico.

334 2037 412 2068 399.
437 2035 639 2079 sanguinea
674 2036 784 2076 acies,
817 2040 925 2074 qualis
956 2043 1008 2068 est
1036 2039 1088 2068 fu·

288 2084 427 2113 rentium
452 2084 493 2113 cf.
523 2083 565 2122 2,
598 2083 675 2113 210.
704 2100 748 2104 —-
775 2086 911 2114 torvum
937 2086 1011 2114 adv.
1046 2084 1087 2113 cf.

289 2129 328 2167 S,
361 2128 438 2158 489.
486 2131 523 2158 Id
554 2134 663 2159 tamen
697 2138 784 2158 nove
815 2131 954 2167 dictum,
990 2138 1089 2165 quum

289 2177 410 2206 torvus
453 2176 493 2204 ad
536 2177 654 2205 oeulos
685 2176 856 2211 pertineat.
880 2192 924 2195 -—
948 2177 1091 2212 Saepius

290 2225 399 2250 autem
416 2222 518 2250 verba
540 2228 625 2256 quae
658 2223 698 2250 ad
725 2222 834 2251 visum
861 2223 1021 2258 pertinent
1048 2223 1090 2250 311

290 2266 436 2296 auditum
463 2266 578 2296 referri
605 2271 636 2296 et
661 2272 794 2304 contra,
832 2268 1089 2297 observavimus

289 2311 326 2350 2,
352 2312 429 2341 301.

335 2367 413 2398 402.
439 2376 525 2398 cura
558 2366 730 2399 remordet
771 2369 820 2399 sic
863 2368 895 2407 l,
943 2367 1006 2398 261
1059 2373 1091 2398 et

290 2416 404 2444 claust.
425 2416 461 2443 B.
488 2416 557 2444 Get.
572 2413 641 2443 302
659 2412 715 2444 Me
732 2423 866 2454 quoque
887 2423 956 2444 non
976 2412 1091 2454 impar

288 2462 441 2490 naturae
465 2467 550 2489 cura
574 2458 758 2489 remordet.
806 2462 886 2489 Inde
911 2457 1092 2489 mordaces

290 2510 366 2535 sunt
392 2505 635 2534 sollicitudines
659 2513 711 2540 ap.
739 2507 817 2535 Hor.
843 2507 878 2535 C.
910 2505 943 2541 Ι,
973 2504 1029 2542 18,
1057 2504 1089 2535 4.

291 2551 403 2580 Simile
433 2548 534 2580 edere
555 2549 595 2587 4,
632 2550 686 2580 66.
735 2551 770 2579 Si
801 2558 886 2586 quae
920 2555 1089 2580 servatum

291 2597 370 2625 velit
393 2597 424 2625 id
448 2597 499 2626 ius
522 2598 683 2632 naturale,
712 2604 774 2631 quo
798 2597 891 2626 matri
905 2597 983 2625 licet
1003 2596 1088 2625 filiae

291 2649 374 2672 suae
403 2649 519 2671 curare
547 2644 699 2672 salutem.

336 2686 414 2716 403.
441 2689 548 2718 Vittae
573 2688 704 2723 insigne
729 2687 864 2723 pudoris
888 2687 928 2716 cf.
953 2685 986 2725 2,
1012 2685 1088 2715 165.

291 2748 335 2751 —
360 2730 465 2773 orgia
491 2733 532 2762 cf.
553 2732 584 2769 4,
609 2732 688 2763 303.
705 2749 749 2752 —
766 2736 835 2763 Non
861 2733 980 2768 pigebit
1008 2741 1089 2762 con-

291 2778 408 2807 tulisse
434 2780 473 2808 de
499 2779 600 2814 orgiis
624 2780 829 2809 Messalinae
851 2777 930 2808 Tac.
953 2779 1015 2808 An.
1037 2777 1089 2814 11,

335 2867 413 2898 405.
444 2865 497 2898 Pl.
526 2871 612 2899 delet
645 2867 801 2910 undique
822 2866 972 2906 Bacchi,
1004 2870 1090 2904 quod

291 2921 311 2942 a
333 2916 467 2944 Baccho
493 2923 559 2944 non
592 2916 778 2945 stimuletur
809 2922 894 2950 quae
922 2916 1089 2944 Baccnam

292 2968 329 2988 se
345 2960 488 2998 simulet,
517 2966 546 2989 et
567 2959 723 3001 undique
746 2961 866 2998 „unic-e
885 2961 999 2990 versui
1027 2969 1088 2989 ex-

292 3006 409 3038 plendo
434 3006 555 3036 factum
579 3004 761 3038 vitleatur.“
810 3007 890 3043 Quis
907 3006 1006 3040 igitur
1029 3008 1086 3035 ad-

1849 1258 1934 1297 410

1131 1459 1233 1489 didit?
1283 1461 1398 1488 Nonne
1430 1457 1544 1494 homo,
1587 1456 1662 1484 dum
1689 1455 1785 1484 tleum
1816 1452 1933 1483 fallere

1132 1507 1247 1543 audet,
1273 1505 1346 1540 ipse
1374 1502 1481 1538 agitur
1492 1504 1507 1530 ’ἐ

1132 1582 1199 1615 404
1214 1600 1258 1603 -
1278 1581 1356 1613 474.
1429 1578 1584 1617 Allecto,
1643 1575 1788 1620 calybes
1847 1575 1934 1609 facie

1177 1626 1299 1659 induta
1314 1651 1322 1666 ‚
1347 1626 1507 1657 Turnum
1528 1624 1571 1656 ad
1593 1622 1726 1656 bellum
1750 1622 1887 1654 excitat.

1178 1686 1255 1715 406.
1283 1685 1344 1715 Ubi
1377 1685 1464 1713 videt
1500 1684 1584 1714 satis
1620 1683 1742 1712 furoris
1777 1690 1815 1712 se
1849 1682 1932 1710 inie-

1137 1733 1227 1761 cisse
1258 1732 1398 1760 Amatae
1432 1734 1462 1758 et
1495 1738 1589 1758 omne
1622 1729 1799 1758 consilium
1829 1727 1936 1757 Latini

1135 1777 1300 1807 evertisse
1339 1777 1535 1810 domumque
1574 1775 1646 1804 eius
1682 1776 1854 1810 turbasse,
1893 1774 1935 1802 311

1134 1826 1277 1853 Turnum
1326 1823 1512 1850 transvolat
1545 1821 1684 1850 Allecto.
1727 1835 1774 1840 —
1812 1826 1937 1849 acuere

1127 1867 1272 1908 furores
1297 1867 1338 1896 cf.
1369 1866 1424 1904 12,
1451 1866 1530 1896 590.

1179 1913 1258 1943 403.
1288 1910 1411 1942 Fascis
1435 1916 1486 1942 est
1510 1908 1597 1948 alis,
1627 1911 1714 1946 quod
1739 1914 1790 1940 est
1817 1917 1861 1939 ex
1885 1909 1936 1950 in-

1134 1960 1224 1989 feris.
1256 1974 1300 1978 -—
1333 1959 1432 1987 Alata
1471 1962 1580 1987 autem
1612 1957 1712 1986 Furia
1754 1960 1804 1986 est
1835 1956 1935 1986 etiam

1135 2013 1188 2042 ap.
1213 2007 1290 2034 Eur.
1312 2005 1421 2033 Orest.
1447 2001 1525 2032 3ll.

1180 2049 1258 2080 409.
1284 2051 1418 2088 „Ardea
1457 2056 1478 2078 a
1521 2049 1638 2078 Danae
1677 2047 1791 2077 Persei
1831 2050 1936 2076 matre

1136 2094 1290 2126 condita“
1313 2097 1362 2125 Pl.
1389 2096 1457 2124 NH.
1477 2093 1516 2132 3,
1549 2093 1589 2131 5,
1625 2093 1658 2123 9.
1683 2098 1715 2122 et
1742 2094 1814 2128 v.gl
1835 2093 1936 2122 aliam

1137 2150 1234 2178 quam
1262 2142 1334 2170 eius
1361 2141 1524 2176 interpres
1550 2141 1589 2169 ad
1623 2147 1656 2168 v.
1692 2137 1752 2168 371
1787 2138 1936 2173 sequitur

1136 2188 1375 2223 narrationem,
1408 2186 1535 2216 scilicet
1564 2186 1704 2214 Danaen
1739 2191 1878 2220 poenam
1916 2191 1936 2213 a

1136 2239 1228 2270 patre
1245 2234 1425 2269 timentem,
1451 2231 1634 2266 assumptis
1653 2230 1757 2260 sociis
1775 2230 1935 2265 effugisse

1138 2284 1167 2308 et
1206 2280 1246 2308 ad
1286 2278 1414 2307 Italiam
1453 2277 1640 2312 appulisse.
1687 2277 1779 2305 Haec
1815 2276 1936 2313 Ardea,

1135 2329 1236 2360 caput
1259 2326 1454 2353 Rutulorum
1479 2323 1596 2353 stadiis
1615 2323 1700 2351 LXX
1727 2329 1747 2351 3
1766 2321 1849 2350 mari
1865 2325 1938 2350 erat
1994 2305 1995 2356 J

1137 2371 1202 2400 sita
1227 2371 1334 2398 strab.
1359 2368 1397 2405 5,
1429 2366 1469 2405 3,
1501 2367 1534 2396 6.
1560 2376 1590 2403 p.
1622 2367 1700 2396 232.
1748 2369 1841 2397 Nunc
1871 2368 1936 2396 Ar·
1994 2363 1995 2391 ἶ

1137 2417 1199 2444 dea
1225 2414 1266 2443 18
1286 2415 1363 2444 mill.
1390 2415 1461 2442 Ital.
1489 2415 1529 2442 ab
1557 2415 1634 2447 urbe
1658 2415 1780 2449 Roman
1807 2420 1937 2448 oppug-
1994 2416 1996 2453 ᾖ

1135 2466 1214 2489 11313
1239 2464 1291 2489 est
1322 2467 1343 2489 3
1372 2459 1550 2494 Tarquinio
1582 2461 1750 2496 Superbo,
1784 2459 1936 2487 Romana
1994 2459 1995 2464 ¹

1135 2506 1224 2535 sacta
1247 2505 1378 2535 colonia
1404 2514 1433 2536 a.
1465 2503 1528 2534 311
1555 2512 1586 2534 a.
1618 2512 1648 2534 8.
1696 2505 1815 2533 Deleta
1843 2507 1893 2533 est
1915 2511 1935 2532 a

1136 2552 1354 2589 Samnitibus,
1386 2556 1418 2580 ut
1443 2551 1568 2586 Virgilii
1588 2554 1735 2585 tempore
1761 2551 1839 2579 urbs
1869 2556 1936 2578 non

1135 2602 1237 2627 esset.
1285 2599 1366 2626 Item
1407 2597 1466 2626 Sil.
1508 2596 1544 2634 l,
1584 2595 1652 2625 293
1692 2591 1937 2636 Magnanimis
1992 2630 1994 2639 ,

1133 2645 1288 2684 regnata
1315 2639 1412 2677 viris,
1439 2650 1532 2671 nunc
1550 2638 1671 2671 Ardea
1690 2648 1824 2670 nomen.
1871 2640 1935 2668 Ar·
1992 2646 1994 2669 t

1137 2690 1198 2717 dea
1219 2693 1287 2717 erat
1305 2690 1460 2724 templum
1476 2687 1611 2717 Iunonis
1629 2685 1873 2715 celeberrimum
1893 2684 1934 2714 cf.
1991 2687 1993 2724 J
2008 2719 2009 2722 Ἴ

1136 2736 1185 2764 Pl.
1225 2733 1286 2772 35,
1327 2733 1384 2771 10,
1425 2732 1479 2762 37.
1505 2749 1551 2752 —
1574 2734 1660 2762 Male
1687 2730 1825 2760 refertur
1852 2731 1934 2760 illud

1138 2777 1259 2810 delata
1280 2781 1362 2809 noto
1386 2779 1407 2807 i.
1431 2787 1460 2808 e.
1476 2778 1558 2808 mari
1582 2777 1730 2814 profecta
1752 2777 1793 2805 ad
1817 2784 1934 2805 vocem

1141 2822 1293 2862 Allecto,
1325 2832 1425 2860 quum
1454 2823 1667 2859 grammatica
1693 2828 1851 2857 cogamur
1880 2830 1935 2851 re-

1137 2870 1224 2899 ferre
1249 2872 1290 2899 ad
1313 2872 1462 2899 Danaen.

1182 2915 1259 2945 410.
1288 2912 1502 2946 Acrisioneis
1529 2912 1727 2942 adiectivum
1760 2910 1934 2941 formatum

1135 2963 1176 2990 ab
1210 2959 1378 2991 Acrisius.
1426 2962 1476 2989 Ita
1507 2960 1564 2988 od.
1595 2960 1636 2987 Μ.
1665 2956 1702 2994 5,
1733 2955 1801 2986 239
1833 2954 1934 2987 Acri—

1134 3004 1275 3037 sioneae
1296 3014 1394 3036 arces
1414 3008 1524 3040 Argos
1545 3003 1672 3033 dicitur.
