<?xml version="1.0" encoding="UTF-8"?>
<!DOCTYPE html PUBLIC "-//W3C//DTD XHTML 1.0 Transitional//EN"
    "http://www.w3.org/TR/xhtml1/DTD/xhtml1-transitional.dtd">
<html xmlns="http://www.w3.org/1999/xhtml" xml:lang="en" lang="en">
 <head>
  <title>
</title>
<meta http-equiv="Content-Type" content="text/html;charset=utf-8" />
  <meta name='ocr-system' content='tesseract 3.04.00' />
  <meta name='ocr-capabilities' content='ocr_page ocr_carea ocr_par ocr_line ocrx_word'/>
</head>
<body>
  <div class='ocr_page' id='page_1' title='image "aeneisvi00virguoft_0196.png"; bbox 0 0 2023 3350; ppageno 0'>
   <div class='ocr_carea' id='block_1_1' title="bbox 238 113 1296 156">
    <p class='ocr_par' dir='ltr' id='par_1_1' title="bbox 238 113 1296 156">
     <span class='ocr_line' id='line_1_1' title="bbox 238 113 1296 156; baseline -0.008 0"><span class='ocrx_word' id='word_1_1' title='bbox 238 117 317 156; x_wconf 79' lang='grc'>170</span> <span class='ocrx_word' id='word_1_2' title='bbox 793 113 831 146; x_wconf 88' lang='grc' dir='ltr'>Ρ.</span> <span class='ocrx_word' id='word_1_3' title='bbox 862 113 1056 148; x_wconf 78' lang='lat' dir='ltr'>VIRGILH</span> <span class='ocrx_word' id='word_1_4' title='bbox 1087 114 1296 148; x_wconf 79' lang='lat' dir='ltr'>MARONIS</span> 
     </span>
    </p>
   </div>
   <div class='ocr_carea' id='block_1_2' title="bbox 233 227 1860 452">
    <p class='ocr_par' dir='ltr' id='par_1_2' title="bbox 234 227 1542 279">
     <span class='ocr_line' id='line_1_2' title="bbox 234 227 1542 279; baseline 0.001 -11"><span class='ocrx_word' id='word_1_5' title='bbox 234 227 357 268; x_wconf 82' lang='lat' dir='ltr'>Anna</span> <span class='ocrx_word' id='word_1_6' title='bbox 394 239 534 277; x_wconf 89' lang='lat' dir='ltr'>soror,</span> <span class='ocrx_word' id='word_1_7' title='bbox 580 237 691 279; x_wconf 89' lang='lat' dir='ltr'>quae</span> <span class='ocrx_word' id='word_1_8' title='bbox 727 238 795 267; x_wconf 89' lang='lat' dir='ltr'>me</span> <span class='ocrx_word' id='word_1_9' title='bbox 830 239 1080 279; x_wconf 80' lang='lat' dir='ltr'>suspensam</span> <span class='ocrx_word' id='word_1_10' title='bbox 1114 228 1327 271; x_wconf 85' lang='lat' dir='ltr'>insomnia</span> <span class='ocrx_word' id='word_1_11' title='bbox 1361 228 1542 271; x_wconf 78' lang='lat' dir='ltr'>terrent!</span> 
     </span>
    </p>

    <p class='ocr_par' dir='ltr' id='par_1_3' title="bbox 233 282 1860 395">
     <span class='ocr_line' id='line_1_3' title="bbox 234 282 1860 340; baseline 0.002 -15"><span class='ocrx_word' id='word_1_12' title='bbox 234 284 335 334; x_wconf 78' lang='lat' dir='ltr'>Quis</span> <span class='ocrx_word' id='word_1_13' title='bbox 366 297 501 324; x_wconf 75' lang='lat' dir='ltr'>novus</span> <span class='ocrx_word' id='word_1_14' title='bbox 537 282 606 324; x_wconf 87' lang='lat' dir='ltr'>hic</span> <span class='ocrx_word' id='word_1_15' title='bbox 646 283 804 323; x_wconf 78' lang='lat' dir='ltr'>nostris</span> <span class='ocrx_word' id='word_1_16' title='bbox 840 283 1045 324; x_wconf 74' lang='lat' dir='ltr'>successit</span> <span class='ocrx_word' id='word_1_17' title='bbox 1084 285 1256 327; x_wconf 86' lang='lat' dir='ltr'>sedibus</span> <span class='ocrx_word' id='word_1_18' title='bbox 1290 286 1469 340; x_wconf 79' lang='lat' dir='ltr'>hospes!</span> <span class='ocrx_word' id='word_1_19' title='bbox 1810 288 1860 327; x_wconf 90' lang='lat'>10</span> 
     </span>
     <span class='ocr_line' id='line_1_4' title="bbox 233 339 1592 395; baseline 0.002 -15"><span class='ocrx_word' id='word_1_20' title='bbox 233 343 365 391; x_wconf 80' lang='lat' dir='ltr'>Quem</span> <span class='ocrx_word' id='word_1_21' title='bbox 398 353 488 381; x_wconf 90' lang='lat' dir='ltr'>sese</span> <span class='ocrx_word' id='word_1_22' title='bbox 529 353 603 381; x_wconf 91' lang='lat' dir='ltr'>ore</span> <span class='ocrx_word' id='word_1_23' title='bbox 641 339 801 381; x_wconf 83' lang='lat' dir='ltr'>ferens!</span> <span class='ocrx_word' id='word_1_24' title='bbox 847 353 975 393; x_wconf 88' lang='lat' dir='ltr'>quam</span> <span class='ocrx_word' id='word_1_25' title='bbox 1012 340 1118 382; x_wconf 79' lang='lat' dir='ltr'>forti</span> <span class='ocrx_word' id='word_1_26' title='bbox 1150 347 1323 395; x_wconf 80' lang='lat' dir='ltr'>pectore</span> <span class='ocrx_word' id='word_1_27' title='bbox 1364 348 1407 386; x_wconf 78' lang='lat' dir='ltr'>et</span> <span class='ocrx_word' id='word_1_28' title='bbox 1439 342 1592 385; x_wconf 84' lang='lat' dir='ltr'>armis!</span> 
     </span>
    </p>

    <p class='ocr_par' dir='ltr' id='par_1_4' title="bbox 233 397 1578 452">
     <span class='ocr_line' id='line_1_5' title="bbox 233 397 1578 452; baseline 0.003 -13"><span class='ocrx_word' id='word_1_29' title='bbox 233 397 370 440; x_wconf 84' lang='lat' dir='ltr'>Credo</span> <span class='ocrx_word' id='word_1_30' title='bbox 403 397 621 450; x_wconf 84' lang='lat' dir='ltr'>equidem,</span> <span class='ocrx_word' id='word_1_31' title='bbox 664 410 741 438; x_wconf 88' lang='lat' dir='ltr'>nec</span> <span class='ocrx_word' id='word_1_32' title='bbox 776 411 886 438; x_wconf 86' lang='lat' dir='ltr'>vana</span> <span class='ocrx_word' id='word_1_33' title='bbox 923 397 1046 450; x_wconf 88' lang='lat' dir='ltr'>fides,</span> <span class='ocrx_word' id='word_1_34' title='bbox 1086 412 1218 451; x_wconf 85' lang='lat' dir='ltr'>genus</span> <span class='ocrx_word' id='word_1_35' title='bbox 1253 414 1344 442; x_wconf 90' lang='lat' dir='ltr'>esse</span> <span class='ocrx_word' id='word_1_36' title='bbox 1382 401 1578 452; x_wconf 70' lang='lat' dir='ltr'>deorum,</span> 
     </span>
    </p>
   </div>
   <div class='ocr_carea' id='block_1_3' title="bbox 231 454 1027 508">
    <p class='ocr_par' dir='ltr' id='par_1_5' title="bbox 231 454 1027 508">
     <span class='ocr_line' id='line_1_6' title="bbox 231 454 1027 508; baseline -0.001 -12"><span class='ocrx_word' id='word_1_37' title='bbox 231 456 472 507; x_wconf 73' lang='lat' dir='ltr'>Degeneres</span> <span class='ocrx_word' id='word_1_38' title='bbox 509 455 674 496; x_wconf 88' lang='lat' dir='ltr'>animos</span> <span class='ocrx_word' id='word_1_39' title='bbox 711 454 841 496; x_wconf 76' lang='lat' dir='ltr'>timor</span> <span class='ocrx_word' id='word_1_40' title='bbox 872 455 1027 508; x_wconf 81' lang='lat' dir='ltr'>arguit.</span> 
     </span>
    </p>
   </div>
   <div class='ocr_carea' id='block_1_4' title="bbox 1087 455 1510 510">
    <p class='ocr_par' dir='ltr' id='par_1_6' title="bbox 1087 455 1510 510">
     <span class='ocr_line' id='line_1_7' title="bbox 1087 455 1510 510; baseline 0.012 -14"><span class='ocrx_word' id='word_1_41' title='bbox 1087 455 1198 507; x_wconf 91' lang='lat' dir='ltr'>Heu,</span> <span class='ocrx_word' id='word_1_42' title='bbox 1243 457 1397 510; x_wconf 84' lang='lat' dir='ltr'>quibus</span> <span class='ocrx_word' id='word_1_43' title='bbox 1438 459 1510 500; x_wconf 84' lang='lat' dir='ltr'>ille</span> 
     </span>
    </p>
   </div>
   <div class='ocr_carea' id='block_1_5' title="bbox 229 511 1859 855">
    <p class='ocr_par' dir='ltr' id='par_1_7' title="bbox 229 511 1364 565">
     <span class='ocr_line' id='line_1_8' title="bbox 229 511 1364 565; baseline 0.003 -12"><span class='ocrx_word' id='word_1_44' title='bbox 229 512 422 554; x_wconf 76' lang='lat' dir='ltr'>Iactatus</span> <span class='ocrx_word' id='word_1_45' title='bbox 456 511 575 554; x_wconf 81' lang='lat' dir='ltr'>fatis!</span> <span class='ocrx_word' id='word_1_46' title='bbox 618 525 727 565; x_wconf 90' lang='lat' dir='ltr'>quae</span> <span class='ocrx_word' id='word_1_47' title='bbox 762 512 878 553; x_wconf 87' lang='lat' dir='ltr'>bella</span> <span class='ocrx_word' id='word_1_48' title='bbox 917 512 1128 554; x_wconf 79' lang='lat' dir='ltr'>exhausta</span> <span class='ocrx_word' id='word_1_49' title='bbox 1164 514 1364 556; x_wconf 77' lang='lat' dir='ltr'>canebat!</span> 
     </span>
    </p>

    <p class='ocr_par' dir='ltr' id='par_1_8' title="bbox 230 569 1859 681">
     <span class='ocr_line' id='line_1_9' title="bbox 232 569 1859 624; baseline 0.001 -14"><span class='ocrx_word' id='word_1_50' title='bbox 232 569 276 611; x_wconf 80' lang='lat' dir='ltr'>Si</span> <span class='ocrx_word' id='word_1_51' title='bbox 311 570 416 610; x_wconf 86' lang='lat' dir='ltr'>mihi</span> <span class='ocrx_word' id='word_1_52' title='bbox 450 584 536 611; x_wconf 90' lang='lat' dir='ltr'>non</span> <span class='ocrx_word' id='word_1_53' title='bbox 570 570 711 611; x_wconf 84' lang='lat' dir='ltr'>animo</span> <span class='ocrx_word' id='word_1_54' title='bbox 745 569 876 611; x_wconf 82' lang='lat' dir='ltr'>fixum</span> <span class='ocrx_word' id='word_1_55' title='bbox 911 570 1219 624; x_wconf 81' lang='lat' dir='ltr'>immotumque</span> <span class='ocrx_word' id='word_1_56' title='bbox 1256 571 1434 624; x_wconf 78' lang='lat' dir='ltr'>sederet,</span> <span class='ocrx_word' id='word_1_57' title='bbox 1809 573 1859 612; x_wconf 87' lang='lat'>15</span> 
     </span>
     <span class='ocr_line' id='line_1_10' title="bbox 230 627 1243 681; baseline 0 -12"><span class='ocrx_word' id='word_1_58' title='bbox 230 628 294 669; x_wconf 85' lang='lat' dir='ltr'>Ne</span> <span class='ocrx_word' id='word_1_59' title='bbox 327 628 395 668; x_wconf 84' lang='lat' dir='ltr'>cui</span> <span class='ocrx_word' id='word_1_60' title='bbox 434 641 501 669; x_wconf 90' lang='lat' dir='ltr'>me</span> <span class='ocrx_word' id='word_1_61' title='bbox 537 627 675 669; x_wconf 81' lang='lat' dir='ltr'>vinclo</span> <span class='ocrx_word' id='word_1_62' title='bbox 713 627 864 669; x_wconf 80' lang='lat' dir='ltr'>vellem</span> <span class='ocrx_word' id='word_1_63' title='bbox 898 628 1065 669; x_wconf 87' lang='lat' dir='ltr'>sociare</span> <span class='ocrx_word' id='word_1_64' title='bbox 1098 628 1243 681; x_wconf 80' lang='lat' dir='ltr'>iugali,</span> 
     </span>
    </p>

    <p class='ocr_par' dir='ltr' id='par_1_9' title="bbox 229 684 1456 739">
     <span class='ocr_line' id='line_1_11' title="bbox 229 684 1456 739; baseline 0 -13"><span class='ocrx_word' id='word_1_65' title='bbox 229 685 464 738; x_wconf 79' lang='lat' dir='ltr'>Postquam</span> <span class='ocrx_word' id='word_1_66' title='bbox 498 686 661 739; x_wconf 77' lang='lat' dir='ltr'>primus</span> <span class='ocrx_word' id='word_1_67' title='bbox 696 699 816 727; x_wconf 83' lang='lat' dir='ltr'>amor</span> <span class='ocrx_word' id='word_1_68' title='bbox 854 684 1079 738; x_wconf 76' lang='lat' dir='ltr'>deceptam</span> <span class='ocrx_word' id='word_1_69' title='bbox 1114 688 1253 727; x_wconf 81' lang='lat' dir='ltr'>morte</span> <span class='ocrx_word' id='word_1_70' title='bbox 1284 684 1456 737; x_wconf 76' lang='lat' dir='ltr'>fefellit3</span> 
     </span>
    </p>

    <p class='ocr_par' dir='ltr' id='par_1_10' title="bbox 231 742 1371 797">
     <span class='ocr_line' id='line_1_12' title="bbox 231 742 1371 797; baseline 0.001 -14"><span class='ocrx_word' id='word_1_71' title='bbox 231 743 275 784; x_wconf 80' lang='lat' dir='ltr'>Si</span> <span class='ocrx_word' id='word_1_72' title='bbox 316 757 400 784; x_wconf 87' lang='lat' dir='ltr'>non</span> <span class='ocrx_word' id='word_1_73' title='bbox 433 746 678 796; x_wconf 77' lang='lat' dir='ltr'>pertaesum</span> <span class='ocrx_word' id='word_1_74' title='bbox 714 742 896 784; x_wconf 76' lang='lat' dir='ltr'>thalami</span> <span class='ocrx_word' id='word_1_75' title='bbox 926 743 1164 797; x_wconf 80' lang='lat' dir='ltr'>taedaeque</span> <span class='ocrx_word' id='word_1_76' title='bbox 1201 743 1371 784; x_wconf 78' lang='lat' dir='ltr'>fuisset:</span> 
     </span>
    </p>

    <p class='ocr_par' dir='ltr' id='par_1_11' title="bbox 230 800 1309 855">
     <span class='ocr_line' id='line_1_13' title="bbox 230 800 1309 855; baseline 0 -14"><span class='ocrx_word' id='word_1_77' title='bbox 230 800 342 842; x_wconf 88' lang='lat' dir='ltr'>Huic</span> <span class='ocrx_word' id='word_1_78' title='bbox 382 801 456 842; x_wconf 87' lang='lat' dir='ltr'>uni</span> <span class='ocrx_word' id='word_1_79' title='bbox 492 800 641 842; x_wconf 84' lang='lat' dir='ltr'>forsan</span> <span class='ocrx_word' id='word_1_80' title='bbox 679 801 802 855; x_wconf 79' lang='lat' dir='ltr'>potui</span> <span class='ocrx_word' id='word_1_81' title='bbox 836 800 1111 843; x_wconf 85' lang='lat' dir='ltr'>succumbere</span> <span class='ocrx_word' id='word_1_82' title='bbox 1148 801 1309 855; x_wconf 88' lang='lat' dir='ltr'>culpae.</span> 
     </span>
    </p>
   </div>
   <div class='ocr_carea' id='block_1_6' title="bbox 226 927 1023 1379">
    <p class='ocr_par' dir='ltr' id='par_1_12' title="bbox 226 927 1023 1379">
     <span class='ocr_line' id='line_1_14' title="bbox 228 927 1020 967; baseline 0.001 -9"><span class='ocrx_word' id='word_1_83' title='bbox 228 932 271 959; x_wconf 86' lang='lat' dir='ltr'>al.</span> <span class='ocrx_word' id='word_1_84' title='bbox 320 931 437 958; x_wconf 81' lang='lat' dir='ltr'>Forma</span> <span class='ocrx_word' id='word_1_85' title='bbox 468 931 502 959; x_wconf 92' lang='lat' dir='ltr'>in</span> <span class='ocrx_word' id='word_1_86' title='bbox 534 927 580 967; x_wconf 78' lang='lat' dir='ltr'>is,</span> <span class='ocrx_word' id='word_1_87' title='bbox 608 938 624 959; x_wconf 88' lang='lat' dir='ltr'>e</span> <span class='ocrx_word' id='word_1_88' title='bbox 658 934 685 959; x_wconf 91' lang='lat' dir='ltr'>et</span> <span class='ocrx_word' id='word_1_89' title='bbox 719 938 772 960; x_wconf 81' lang='lat' dir='ltr'>us.</span> <span class='ocrx_word' id='word_1_90' title='bbox 800 938 834 963; x_wconf 85' lang='lat' dir='ltr'>a,</span> <span class='ocrx_word' id='word_1_91' title='bbox 863 938 918 959; x_wconf 79' lang='lat' dir='ltr'>um</span> <span class='ocrx_word' id='word_1_92' title='bbox 945 931 1020 966; x_wconf 76' lang='lat' dir='ltr'>vgl.</span> 
     </span>
     <span class='ocr_line' id='line_1_15' title="bbox 228 976 1022 1005; baseline -0.001 0"><span class='ocrx_word' id='word_1_93' title='bbox 228 977 330 1005; x_wconf 91' lang='lat' dir='ltr'>utitur</span> <span class='ocrx_word' id='word_1_94' title='bbox 363 980 391 1005; x_wconf 88' lang='lat' dir='ltr'>et</span> <span class='ocrx_word' id='word_1_95' title='bbox 428 977 499 1005; x_wconf 85' lang='lat' dir='ltr'>soni</span> <span class='ocrx_word' id='word_1_96' title='bbox 528 977 704 1005; x_wconf 79' lang='lat' dir='ltr'>suavitatis</span> <span class='ocrx_word' id='word_1_97' title='bbox 736 980 765 1005; x_wconf 86' lang='lat' dir='ltr'>et</span> <span class='ocrx_word' id='word_1_98' title='bbox 795 976 1022 1005; x_wconf 72' lang='lat' dir='ltr'>concinnitatis</span> 
     </span>
     <span class='ocr_line' id='line_1_16' title="bbox 228 1022 1022 1057; baseline 0 -7"><span class='ocrx_word' id='word_1_99' title='bbox 228 1023 352 1051; x_wconf 86' lang='lat' dir='ltr'>ratione</span> <span class='ocrx_word' id='word_1_100' title='bbox 383 1024 511 1057; x_wconf 83' lang='lat' dir='ltr'>habita,</span> <span class='ocrx_word' id='word_1_101' title='bbox 533 1029 763 1057; x_wconf 86' lang='lat' dir='ltr'>nonnunquam</span> <span class='ocrx_word' id='word_1_102' title='bbox 789 1023 886 1051; x_wconf 85' lang='lat' dir='ltr'>etiam</span> <span class='ocrx_word' id='word_1_103' title='bbox 909 1022 1022 1057; x_wconf 77' lang='lat' dir='ltr'>metri3</span> 
     </span>
     <span class='ocr_line' id='line_1_17' title="bbox 228 1065 1022 1106; baseline -0.004 -8"><span class='ocrx_word' id='word_1_104' title='bbox 228 1069 267 1098; x_wconf 81' lang='lat' dir='ltr'>cf.</span> <span class='ocrx_word' id='word_1_105' title='bbox 299 1065 330 1102; x_wconf 91' lang='lat' dir='ltr'>l,</span> <span class='ocrx_word' id='word_1_106' title='bbox 357 1066 420 1095; x_wconf 65' lang='lat'>439</span> <span class='ocrx_word' id='word_1_107' title='bbox 457 1066 653 1097; x_wconf 66' lang='lat' dir='ltr'>esanimum</span> <span class='ocrx_word' id='word_1_108' title='bbox 688 1076 812 1106; x_wconf 80' lang='lat' dir='ltr'>corpus</span> <span class='ocrx_word' id='word_1_109' title='bbox 842 1072 870 1096; x_wconf 85' lang='lat' dir='ltr'>et</span> <span class='ocrx_word' id='word_1_110' title='bbox 903 1067 934 1104; x_wconf 93' lang='lat'>5,</span> <span class='ocrx_word' id='word_1_111' title='bbox 956 1065 1022 1095; x_wconf 88' lang='lat'>517</span> 
     </span>
     <span class='ocr_line' id='line_1_18' title="bbox 227 1111 1023 1151; baseline -0.003 -8"><span class='ocrx_word' id='word_1_112' title='bbox 227 1111 398 1143; x_wconf 68' lang='lat' dir='ltr'>exanimis</span> <span class='ocrx_word' id='word_1_113' title='bbox 436 1112 612 1151; x_wconf 84' lang='lat' dir='ltr'>columba,</span> <span class='ocrx_word' id='word_1_114' title='bbox 661 1113 700 1144; x_wconf 88' lang='grc'>5,</span> <span class='ocrx_word' id='word_1_115' title='bbox 733 1112 796 1140; x_wconf 89' lang='grc'>669</span> <span class='ocrx_word' id='word_1_116' title='bbox 835 1111 1023 1142; x_wconf 68' lang='lat' dir='ltr'>exanimes</span> 
     </span>
     <span class='ocr_line' id='line_1_19' title="bbox 227 1156 1023 1198; baseline -0.003 -10"><span class='ocrx_word' id='word_1_117' title='bbox 227 1157 419 1198; x_wconf 66' lang='lat' dir='ltr'>magistri,</span> <span class='ocrx_word' id='word_1_118' title='bbox 465 1157 589 1192; x_wconf 87' lang='grc'><strong>6,161</strong></span> <span class='ocrx_word' id='word_1_119' title='bbox 633 1156 773 1188; x_wconf 85' lang='lat' dir='ltr'>socium</span> <span class='ocrx_word' id='word_1_120' title='bbox 805 1156 1023 1193; x_wconf 64' lang='lat' dir='ltr'>exanimem,</span> 
     </span>
     <span class='ocr_line' id='line_1_20' title="bbox 227 1202 1020 1240; baseline -0.003 -7"><span class='ocrx_word' id='word_1_121' title='bbox 227 1203 258 1239; x_wconf 81' lang='lat'>2,</span> <span class='ocrx_word' id='word_1_122' title='bbox 284 1203 320 1233; x_wconf 93' lang='grc'>51</span> <span class='ocrx_word' id='word_1_123' title='bbox 351 1203 518 1234; x_wconf 75' lang='lat' dir='ltr'>iuvenem</span> <span class='ocrx_word' id='word_1_124' title='bbox 551 1203 778 1240; x_wconf 64' lang='lat' dir='ltr'>exanimum,</span> <span class='ocrx_word' id='word_1_125' title='bbox 818 1202 848 1238; x_wconf 84' lang='lat'>4,</span> <span class='ocrx_word' id='word_1_126' title='bbox 875 1202 937 1232; x_wconf 71' lang='lat'>686</span> <span class='ocrx_word' id='word_1_127' title='bbox 969 1212 1020 1231; x_wconf 79' lang='lat' dir='ltr'>se-</span> 
     </span>
     <span class='ocr_line' id='line_1_21' title="bbox 226 1246 1021 1291; baseline -0.003 -12"><span class='ocrx_word' id='word_1_128' title='bbox 226 1248 435 1279; x_wconf 73' lang='lat' dir='ltr'>mianimem</span> <span class='ocrx_word' id='word_1_129' title='bbox 463 1258 699 1291; x_wconf 73' lang='lat' dir='ltr'>germanam,</span> <span class='ocrx_word' id='word_1_130' title='bbox 739 1248 770 1285; x_wconf 80' lang='lat'>2,</span> <span class='ocrx_word' id='word_1_131' title='bbox 791 1248 834 1278; x_wconf 88' lang='grc'>30</span> <span class='ocrx_word' id='word_1_132' title='bbox 862 1246 1021 1278; x_wconf 69' lang='lat' dir='ltr'>exanimi</span> 
     </span>
     <span class='ocr_line' id='line_1_22' title="bbox 230 1292 1020 1333; baseline -0.004 -7"><span class='ocrx_word' id='word_1_133' title='bbox 230 1293 441 1330; x_wconf 57' lang='lat' dir='ltr'>Pallantie,</span> <span class='ocrx_word' id='word_1_134' title='bbox 466 1297 504 1326; x_wconf 83' lang='lat' dir='ltr'>cf.</span> <span class='ocrx_word' id='word_1_135' title='bbox 533 1298 583 1325; x_wconf 85' lang='lat' dir='ltr'>Gr.</span> <span class='ocrx_word' id='word_1_136' title='bbox 610 1296 631 1331; x_wconf 67' lang='lat' dir='ltr'>g</span> <span class='ocrx_word' id='word_1_137' title='bbox 660 1293 733 1333; x_wconf 89' lang='lat'>110,</span> <span class='ocrx_word' id='word_1_138' title='bbox 756 1297 820 1325; x_wconf 83' lang='lat' dir='ltr'>An.</span> <span class='ocrx_word' id='word_1_139' title='bbox 857 1311 893 1315; x_wconf 91' lang='lat'>-—</span> <span class='ocrx_word' id='word_1_140' title='bbox 928 1292 1020 1324; x_wconf 83' lang='lat' dir='ltr'>male</span> 
     </span>
     <span class='ocr_line' id='line_1_23' title="bbox 227 1340 527 1379; baseline -0.003 -7"><span class='ocrx_word' id='word_1_141' title='bbox 227 1351 316 1372; x_wconf 84' lang='lat' dir='ltr'>sana</span> <span class='ocrx_word' id='word_1_142' title='bbox 338 1342 376 1372; x_wconf 86' lang='lat' dir='ltr'>cf.</span> <span class='ocrx_word' id='word_1_143' title='bbox 402 1340 431 1379; x_wconf 79' lang='lat'>2,</span> <span class='ocrx_word' id='word_1_144' title='bbox 450 1340 527 1371; x_wconf 79' lang='lat'>735.</span> 
     </span>
    </p>
   </div>
   <div class='ocr_carea' id='block_1_7' title="bbox 226 1394 1019 1794">
    <p class='ocr_par' dir='ltr' id='par_1_13' title="bbox 226 1394 1019 1794">
     <span class='ocr_line' id='line_1_24' title="bbox 273 1394 1019 1439; baseline -0.003 -12"><span class='ocrx_word' id='word_1_145' title='bbox 273 1397 302 1428; x_wconf 84' lang='lat'>9.</span> <span class='ocrx_word' id='word_1_146' title='bbox 330 1407 532 1439; x_wconf 61' lang='lat' dir='ltr'>suspensam</span> <span class='ocrx_word' id='word_1_147' title='bbox 574 1399 613 1428; x_wconf 85' lang='lat' dir='ltr'>cf.</span> <span class='ocrx_word' id='word_1_148' title='bbox 654 1396 691 1431; x_wconf 79' lang='lat'>2,</span> <span class='ocrx_word' id='word_1_149' title='bbox 725 1394 799 1426; x_wconf 78' lang='lat'>114.</span> <span class='ocrx_word' id='word_1_150' title='bbox 852 1412 889 1417; x_wconf 88' lang='lat'><em>-</em></span> <span class='ocrx_word' id='word_1_151' title='bbox 944 1399 1019 1433; x_wconf 78' lang='lat' dir='ltr'>,Jn-</span> 
     </span>
     <span class='ocr_line' id='line_1_25' title="bbox 226 1438 1016 1478; baseline -0.003 -4"><span class='ocrx_word' id='word_1_152' title='bbox 226 1446 385 1474; x_wconf 87' lang='lat' dir='ltr'>somnium</span> <span class='ocrx_word' id='word_1_153' title='bbox 421 1438 626 1478; x_wconf 76' lang='grc' dir='ltr'>(ἐνύπνιον)</span> <span class='ocrx_word' id='word_1_154' title='bbox 664 1448 729 1478; x_wconf 89' lang='lat' dir='ltr'>est,</span> <span class='ocrx_word' id='word_1_155' title='bbox 775 1444 900 1478; x_wconf 79' lang='lat' dir='ltr'>quoties</span> <span class='ocrx_word' id='word_1_156' title='bbox 938 1451 1016 1473; x_wconf 86' lang='lat' dir='ltr'>cura</span> 
     </span>
     <span class='ocr_line' id='line_1_26' title="bbox 227 1489 1014 1527; baseline -0.004 -7"><span class='ocrx_word' id='word_1_157' title='bbox 227 1492 376 1526; x_wconf 77' lang='lat' dir='ltr'>oppressi</span> <span class='ocrx_word' id='word_1_158' title='bbox 407 1491 507 1519; x_wconf 75' lang='lat' dir='ltr'>¹animi</span> <span class='ocrx_word' id='word_1_159' title='bbox 541 1490 726 1524; x_wconf 77' lang='lat' dir='ltr'>corporisve</span> <span class='ocrx_word' id='word_1_160' title='bbox 759 1490 831 1518; x_wconf 84' lang='lat' dir='ltr'>sive</span> <span class='ocrx_word' id='word_1_161' title='bbox 859 1489 1014 1527; x_wconf 79' lang='lat' dir='ltr'>fortunae,</span> 
     </span>
     <span class='ocr_line' id='line_1_27' title="bbox 227 1535 1014 1571; baseline -0.003 -6"><span class='ocrx_word' id='word_1_162' title='bbox 227 1538 334 1571; x_wconf 82' lang='lat' dir='ltr'>qualis</span> <span class='ocrx_word' id='word_1_163' title='bbox 368 1537 557 1570; x_wconf 62' lang='lat' dir='ltr'>vigilantem</span> <span class='ocrx_word' id='word_1_164' title='bbox 592 1535 804 1571; x_wconf 76' lang='lat' dir='ltr'>fatigaverat,</span> <span class='ocrx_word' id='word_1_165' title='bbox 850 1537 947 1563; x_wconf 82' lang='lat' dir='ltr'>talem</span> <span class='ocrx_word' id='word_1_166' title='bbox 980 1544 1014 1563; x_wconf 84' lang='lat' dir='ltr'>se</span> 
     </span>
     <span class='ocr_line' id='line_1_28' title="bbox 226 1578 1015 1619; baseline -0.003 -9"><span class='ocrx_word' id='word_1_167' title='bbox 226 1583 341 1619; x_wconf 70' lang='lat' dir='ltr'>ingerit</span> <span class='ocrx_word' id='word_1_168' title='bbox 370 1580 568 1611; x_wconf 70' lang='lat' dir='ltr'>dorniienti“.</span> <span class='ocrx_word' id='word_1_169' title='bbox 617 1583 704 1610; x_wconf 86' lang='lat' dir='ltr'>Haec</span> <span class='ocrx_word' id='word_1_170' title='bbox 725 1583 825 1609; x_wconf 81' lang='lat' dir='ltr'>Macr.</span> <span class='ocrx_word' id='word_1_171' title='bbox 851 1583 956 1609; x_wconf 86' lang='lat' dir='ltr'>Somn.</span> <span class='ocrx_word' id='word_1_172' title='bbox 984 1578 1015 1618; x_wconf 84' lang='lat'>1,</span> 
     </span>
     <span class='ocr_line' id='line_1_29' title="bbox 227 1626 1014 1662; baseline -0.004 -6"><span class='ocrx_word' id='word_1_173' title='bbox 227 1626 257 1656; x_wconf 87' lang='lat'>3.</span> <span class='ocrx_word' id='word_1_174' title='bbox 299 1629 353 1662; x_wconf 79' lang='lat' dir='ltr'>qui</span> <span class='ocrx_word' id='word_1_175' title='bbox 390 1633 557 1662; x_wconf 83' lang='lat' dir='ltr'>postquam</span> <span class='ocrx_word' id='word_1_176' title='bbox 591 1627 790 1662; x_wconf 74' lang='lat' dir='ltr'>accuratius,</span> <span class='ocrx_word' id='word_1_177' title='bbox 833 1627 944 1661; x_wconf 80' lang='lat' dir='ltr'>qttalia</span> <span class='ocrx_word' id='word_1_178' title='bbox 982 1626 1014 1654; x_wconf 90' lang='lat' dir='ltr'>in</span> 
     </span>
     <span class='ocr_line' id='line_1_30' title="bbox 228 1672 1012 1708; baseline -0.003 -7"><span class='ocrx_word' id='word_1_179' title='bbox 228 1682 337 1702; x_wconf 85' lang='lat' dir='ltr'>sonmo</span> <span class='ocrx_word' id='word_1_180' title='bbox 359 1675 436 1702; x_wconf 91' lang='lat' dir='ltr'>oriri</span> <span class='ocrx_word' id='word_1_181' title='bbox 460 1676 610 1702; x_wconf 75' lang='lat' dir='ltr'>solerent.</span> <span class='ocrx_word' id='word_1_182' title='bbox 631 1673 789 1708; x_wconf 77' lang='lat' dir='ltr'>exposuit.</span> <span class='ocrx_word' id='word_1_183' title='bbox 814 1674 894 1701; x_wconf 85' lang='lat' dir='ltr'>haec</span> <span class='ocrx_word' id='word_1_184' title='bbox 910 1672 1012 1700; x_wconf 88' lang='lat' dir='ltr'>addit:</span> 
     </span>
     <span class='ocr_line' id='line_1_31' title="bbox 228 1719 1014 1757; baseline -0.003 -9"><span class='ocrx_word' id='word_1_185' title='bbox 228 1721 337 1757; x_wconf 59' lang='lat' dir='ltr'>„Haec</span> <span class='ocrx_word' id='word_1_186' title='bbox 368 1727 433 1748; x_wconf 82' lang='lat' dir='ltr'>una</span> <span class='ocrx_word' id='word_1_187' title='bbox 463 1728 535 1749; x_wconf 89' lang='lat' dir='ltr'>cum</span> <span class='ocrx_word' id='word_1_188' title='bbox 563 1727 673 1747; x_wconf 84' lang='lat' dir='ltr'>somno</span> <span class='ocrx_word' id='word_1_189' title='bbox 708 1719 840 1747; x_wconf 75' lang='lat' dir='ltr'>avolant</span> <span class='ocrx_word' id='word_1_190' title='bbox 874 1723 903 1747; x_wconf 86' lang='lat' dir='ltr'>et</span> <span class='ocrx_word' id='word_1_191' title='bbox 934 1724 1014 1746; x_wconf 81' lang='lat' dir='ltr'>eva-</span> 
     </span>
     <span class='ocr_line' id='line_1_32' title="bbox 226 1764 389 1794; baseline 0.006 -1"><span class='ocrx_word' id='word_1_192' title='bbox 226 1764 389 1794; x_wconf 56' lang='lat' dir='ltr'>nescunst‘.</span> 
     </span>
    </p>
   </div>
   <div class='ocr_carea' id='block_1_8' title="bbox 275 1824 652 1867">
    <p class='ocr_par' dir='ltr' id='par_1_14' title="bbox 275 1824 652 1867">
     <span class='ocr_line' id='line_1_33' title="bbox 275 1824 652 1867; baseline -0.003 -12"><span class='ocrx_word' id='word_1_193' title='bbox 275 1826 324 1855; x_wconf 84' lang='lat'>10.</span> <span class='ocrx_word' id='word_1_194' title='bbox 353 1824 429 1867; x_wconf 82' lang='lat' dir='ltr'>quis</span> <span class='ocrx_word' id='word_1_195' title='bbox 455 1827 493 1855; x_wconf 85' lang='lat' dir='ltr'>cf.</span> <span class='ocrx_word' id='word_1_196' title='bbox 519 1825 549 1863; x_wconf 82' lang='lat'>6,</span> <span class='ocrx_word' id='word_1_197' title='bbox 576 1824 652 1854; x_wconf 81' lang='grc'><strong>561.</strong></span> 
     </span>
    </p>
   </div>
   <div class='ocr_carea' id='block_1_9' title="bbox 222 1884 1018 3063">
    <p class='ocr_par' dir='ltr' id='par_1_15' title="bbox 222 1884 1018 3063">
     <span class='ocr_line' id='line_1_34' title="bbox 272 1884 1018 1925; baseline -0.003 -8"><span class='ocrx_word' id='word_1_198' title='bbox 272 1886 323 1917; x_wconf 87' lang='lat' dir='ltr'>tt.</span> <span class='ocrx_word' id='word_1_199' title='bbox 350 1897 422 1917; x_wconf 71' lang='lat' dir='ltr'>sese</span> <span class='ocrx_word' id='word_1_200' title='bbox 447 1896 504 1916; x_wconf 85' lang='lat' dir='ltr'>ore</span> <span class='ocrx_word' id='word_1_201' title='bbox 526 1887 664 1925; x_wconf 80' lang='lat' dir='ltr'>ferens.-</span> <span class='ocrx_word' id='word_1_202' title='bbox 701 1890 780 1916; x_wconf 78' lang='lat' dir='ltr'>Nam</span> <span class='ocrx_word' id='word_1_203' title='bbox 804 1892 869 1916; x_wconf 87' lang='lat' dir='ltr'>erat</span> <span class='ocrx_word' id='word_1_204' title='bbox 895 1895 931 1916; x_wconf 89' lang='lat' dir='ltr'>os</span> <span class='ocrx_word' id='word_1_205' title='bbox 955 1884 1018 1916; x_wconf 80' lang='grc' dir='ltr'><em>Ῐιιι-</em></span> 
     </span>
     <span class='ocr_line' id='line_1_35' title="bbox 224 1930 1018 1973; baseline -0.003 -10"><span class='ocrx_word' id='word_1_206' title='bbox 224 1941 403 1973; x_wconf 67' lang='lat' dir='ltr'>merocqne</span> <span class='ocrx_word' id='word_1_207' title='bbox 432 1931 493 1961; x_wconf 76' lang='lat' dir='ltr'>deo</span> <span class='ocrx_word' id='word_1_208' title='bbox 521 1930 645 1962; x_wconf 66' lang='lat' dir='ltr'>similis</span> <span class='ocrx_word' id='word_1_209' title='bbox 676 1933 713 1961; x_wconf 83' lang='lat' dir='ltr'>cf.</span> <span class='ocrx_word' id='word_1_210' title='bbox 740 1930 770 1967; x_wconf 87' lang='lat'>1,</span> <span class='ocrx_word' id='word_1_211' title='bbox 797 1931 872 1961; x_wconf 66' lang='lat'>589.</span> <span class='ocrx_word' id='word_1_212' title='bbox 911 1949 948 1952; x_wconf 97' lang='lat'><strong>—</strong></span> <span class='ocrx_word' id='word_1_213' title='bbox 988 1935 1018 1961; x_wconf 74' lang='lat' dir='ltr'>et</span> 
     </span>
     <span class='ocr_line' id='line_1_36' title="bbox 225 1975 1017 2011; baseline -0.004 -3"><span class='ocrx_word' id='word_1_214' title='bbox 225 1977 345 2011; x_wconf 66' lang='lat' dir='ltr'>armis,</span> <span class='ocrx_word' id='word_1_215' title='bbox 368 1989 411 2008; x_wconf 84' lang='lat' dir='ltr'>sc.</span> <span class='ocrx_word' id='word_1_216' title='bbox 432 1979 567 2008; x_wconf 79' lang='lat' dir='ltr'>fortibus</span> <span class='ocrx_word' id='word_1_217' title='bbox 589 1979 627 2008; x_wconf 85' lang='lat' dir='ltr'>cf.</span> <span class='ocrx_word' id='word_1_218' title='bbox 649 1977 725 2007; x_wconf 73' lang='lat'>588.</span> <span class='ocrx_word' id='word_1_219' title='bbox 778 1975 897 2007; x_wconf 70' lang='lat' dir='ltr'>Fortia</span> <span class='ocrx_word' id='word_1_220' title='bbox 918 1986 1017 2006; x_wconf 82' lang='lat' dir='ltr'>arma</span> 
     </span>
     <span class='ocr_line' id='line_1_37' title="bbox 225 2021 1015 2060; baseline -0.003 -7"><span class='ocrx_word' id='word_1_221' title='bbox 225 2026 307 2054; x_wconf 82' lang='lat' dir='ltr'>dixit</span> <span class='ocrx_word' id='word_1_222' title='bbox 350 2024 405 2058; x_wconf 89' lang='grc'>10,</span> <span class='ocrx_word' id='word_1_223' title='bbox 439 2023 514 2053; x_wconf 87' lang='grc'>735.</span> <span class='ocrx_word' id='word_1_224' title='bbox 557 2026 614 2053; x_wconf 80' lang='lat' dir='ltr'>Ov.</span> <span class='ocrx_word' id='word_1_225' title='bbox 644 2027 685 2053; x_wconf 86' lang='lat' dir='ltr'>M.</span> <span class='ocrx_word' id='word_1_226' title='bbox 720 2021 758 2060; x_wconf 90' lang='grc'>7,</span> <span class='ocrx_word' id='word_1_227' title='bbox 783 2021 858 2052; x_wconf 81' lang='grc'>865.</span> <span class='ocrx_word' id='word_1_228' title='bbox 899 2024 1015 2058; x_wconf 82' lang='lat' dir='ltr'>quibus</span> 
     </span>
     <span class='ocr_line' id='line_1_38' title="bbox 225 2067 1016 2107; baseline -0.001 -8"><span class='ocrx_word' id='word_1_229' title='bbox 225 2071 298 2106; x_wconf 87' lang='lat' dir='ltr'>quis</span> <span class='ocrx_word' id='word_1_230' title='bbox 339 2070 428 2099; x_wconf 83' lang='lat' dir='ltr'>fortis</span> <span class='ocrx_word' id='word_1_231' title='bbox 475 2071 591 2107; x_wconf 90' lang='lat' dir='ltr'>utitur,</span> <span class='ocrx_word' id='word_1_232' title='bbox 641 2070 780 2099; x_wconf 85' lang='lat' dir='ltr'>Schiller</span> <span class='ocrx_word' id='word_1_233' title='bbox 815 2067 1016 2107; x_wconf 72' lang='lat' dir='ltr'>Jungfrau:</span> 
     </span>
     <span class='ocr_line' id='line_1_39' title="bbox 224 2112 1015 2155; baseline 0 -11"><span class='ocrx_word' id='word_1_234' title='bbox 224 2114 361 2155; x_wconf 59' lang='lat' dir='ltr'>tapfres-</span> <span class='ocrx_word' id='word_1_235' title='bbox 399 2112 562 2145; x_wconf 62' lang='lat' dir='ltr'>Schwerl.</span> <span class='ocrx_word' id='word_1_236' title='bbox 619 2117 727 2149; x_wconf 66' lang='lat' dir='ltr'>„Bene</span> <span class='ocrx_word' id='word_1_237' title='bbox 761 2115 890 2144; x_wconf 77' lang='lat' dir='ltr'>virtutis</span> <span class='ocrx_word' id='word_1_238' title='bbox 930 2124 1015 2144; x_wconf 90' lang='lat' dir='ltr'>com-</span> 
     </span>
     <span class='ocr_line' id='line_1_40' title="bbox 226 2162 1014 2196; baseline -0.004 -5"><span class='ocrx_word' id='word_1_239' title='bbox 226 2163 454 2191; x_wconf 82' lang='lat' dir='ltr'>memoratione</span> <span class='ocrx_word' id='word_1_240' title='bbox 478 2166 610 2191; x_wconf 83' lang='lat' dir='ltr'>excusat</span> <span class='ocrx_word' id='word_1_241' title='bbox 634 2162 851 2196; x_wconf 75' lang='lat' dir='ltr'>supradictam</span> <span class='ocrx_word' id='word_1_242' title='bbox 874 2162 1014 2196; x_wconf 84' lang='lat' dir='ltr'>pulchri-</span> 
     </span>
     <span class='ocr_line' id='line_1_41' title="bbox 224 2204 1013 2237; baseline -0.004 -1"><span class='ocrx_word' id='word_1_243' title='bbox 224 2208 346 2237; x_wconf 82' lang='lat' dir='ltr'>tudinis</span> <span class='ocrx_word' id='word_1_244' title='bbox 378 2209 537 2236; x_wconf 74' lang='lat' dir='ltr'>laude1n.“</span> <span class='ocrx_word' id='word_1_245' title='bbox 568 2210 598 2236; x_wconf 95' lang='lat' dir='ltr'>S.</span> <span class='ocrx_word' id='word_1_246' title='bbox 652 2204 709 2236; x_wconf 71' lang='lat' dir='ltr'>Sk.</span> <span class='ocrx_word' id='word_1_247' title='bbox 744 2215 805 2235; x_wconf 90' lang='lat' dir='ltr'>non</span> <span class='ocrx_word' id='word_1_248' title='bbox 837 2214 935 2234; x_wconf 80' lang='lat' dir='ltr'>arma</span> <span class='ocrx_word' id='word_1_249' title='bbox 963 2207 1013 2234; x_wconf 89' lang='lat' dir='ltr'>in-</span> 
     </span>
     <span class='ocr_line' id='line_1_42' title="bbox 224 2250 1013 2287; baseline -0.003 -5"><span class='ocrx_word' id='word_1_250' title='bbox 224 2254 338 2287; x_wconf 68' lang='lat' dir='ltr'>telligit</span> <span class='ocrx_word' id='word_1_251' title='bbox 363 2255 417 2281; x_wconf 74' lang='lat' dir='ltr'>sed</span> <span class='ocrx_word' id='word_1_252' title='bbox 442 2262 566 2287; x_wconf 74' lang='lat' dir='ltr'>armas,</span> <span class='ocrx_word' id='word_1_253' title='bbox 592 2254 765 2287; x_wconf 79' lang='lat' dir='ltr'>laudatque</span> <span class='ocrx_word' id='word_1_254' title='bbox 792 2250 843 2287; x_wconf 88' lang='lat'>11,</span> <span class='ocrx_word' id='word_1_255' title='bbox 870 2250 933 2279; x_wconf 72' lang='lat'>645</span> <span class='ocrx_word' id='word_1_256' title='bbox 958 2253 1013 2281; x_wconf 87' lang='lat' dir='ltr'>uhi</span> 
     </span>
     <span class='ocr_line' id='line_1_43' title="bbox 225 2294 1010 2334; baseline -0.003 -6"><span class='ocrx_word' id='word_1_257' title='bbox 225 2300 331 2333; x_wconf 71' lang='lat' dir='ltr'>agitur</span> <span class='ocrx_word' id='word_1_258' title='bbox 368 2307 422 2334; x_wconf 81' lang='lat' dir='ltr'>per</span> <span class='ocrx_word' id='word_1_259' title='bbox 459 2306 566 2328; x_wconf 79' lang='lat' dir='ltr'>armos</span> <span class='ocrx_word' id='word_1_260' title='bbox 600 2299 710 2327; x_wconf 80' lang='lat' dir='ltr'>hasta!</span> <span class='ocrx_word' id='word_1_261' title='bbox 759 2299 812 2327; x_wconf 83' lang='lat' dir='ltr'>Sic</span> <span class='ocrx_word' id='word_1_262' title='bbox 846 2298 911 2326; x_wconf 87' lang='lat' dir='ltr'>iam</span> <span class='ocrx_word' id='word_1_263' title='bbox 947 2294 1010 2326; x_wconf 78' lang='lat' dir='ltr'>Ld.</span> 
     </span>
     <span class='ocr_line' id='line_1_44' title="bbox 231 2335 1012 2383; baseline -0.004 -10"><span class='ocrx_word' id='word_1_264' title='bbox 231 2343 316 2383; x_wconf 75' lang='lat' dir='ltr'>lVg.</span> <span class='ocrx_word' id='word_1_265' title='bbox 363 2345 416 2379; x_wconf 81' lang='lat' dir='ltr'>qui</span> <span class='ocrx_word' id='word_1_266' title='bbox 463 2345 580 2373; x_wconf 72' lang='lat' dir='ltr'>confert</span> <span class='ocrx_word' id='word_1_267' title='bbox 625 2337 818 2382; x_wconf 69' lang='grc' dir='ltr'><em>εὐρύτερος</em></span> <span class='ocrx_word' id='word_1_268' title='bbox 861 2335 1012 2381; x_wconf 80' lang='grc' dir='ltr'><em>ὤμοισιν</em></span> 
     </span>
     <span class='ocr_line' id='line_1_45' title="bbox 223 2384 1010 2427; baseline -0.005 -8"><span class='ocrx_word' id='word_1_269' title='bbox 223 2385 275 2419; x_wconf 67' lang='grc' dir='ltr'>ἰὸὲ</span> <span class='ocrx_word' id='word_1_270' title='bbox 308 2384 505 2427; x_wconf 77' lang='grc' dir='ltr'><em>στέρνοισιν</em></span> <span class='ocrx_word' id='word_1_271' title='bbox 539 2384 685 2418; x_wconf 73' lang='grc' dir='ltr'><em>ἰδέσθαι</em></span> <span class='ocrx_word' id='word_1_272' title='bbox 724 2390 761 2417; x_wconf 89' lang='lat' dir='ltr'>H.</span> <span class='ocrx_word' id='word_1_273' title='bbox 797 2390 834 2416; x_wconf 94' lang='lat' dir='ltr'>Il.</span> <span class='ocrx_word' id='word_1_274' title='bbox 867 2386 901 2424; x_wconf 88' lang='grc'>3,</span> <span class='ocrx_word' id='word_1_275' title='bbox 934 2385 1010 2416; x_wconf 76' lang='lat'>1941</span> 
     </span>
     <span class='ocr_line' id='line_1_46' title="bbox 223 2436 1012 2470; baseline -0.004 -6"><span class='ocrx_word' id='word_1_276' title='bbox 223 2437 267 2464; x_wconf 88' lang='lat' dir='ltr'>At</span> <span class='ocrx_word' id='word_1_277' title='bbox 292 2444 356 2464; x_wconf 89' lang='lat' dir='ltr'>non</span> <span class='ocrx_word' id='word_1_278' title='bbox 381 2440 507 2470; x_wconf 89' lang='lat' dir='ltr'>propter</span> <span class='ocrx_word' id='word_1_279' title='bbox 530 2437 629 2464; x_wconf 82' lang='lat' dir='ltr'>latum</span> <span class='ocrx_word' id='word_1_280' title='bbox 656 2438 767 2469; x_wconf 84' lang='lat' dir='ltr'>pectus</span> <span class='ocrx_word' id='word_1_281' title='bbox 798 2438 826 2462; x_wconf 89' lang='lat' dir='ltr'>et</span> <span class='ocrx_word' id='word_1_282' title='bbox 862 2436 1012 2462; x_wconf 88' lang='lat' dir='ltr'>humeros</span> 
     </span>
     <span class='ocr_line' id='line_1_47' title="bbox 225 2479 1012 2515; baseline -0.005 -5"><span class='ocrx_word' id='word_1_283' title='bbox 225 2486 310 2510; x_wconf 85' lang='lat' dir='ltr'>amat</span> <span class='ocrx_word' id='word_1_284' title='bbox 340 2480 433 2515; x_wconf 75' lang='lat' dir='ltr'>(nam</span> <span class='ocrx_word' id='word_1_285' title='bbox 465 2481 493 2508; x_wconf 76' lang='lat' dir='ltr'>si</span> <span class='ocrx_word' id='word_1_286' title='bbox 521 2481 602 2509; x_wconf 88' lang='lat' dir='ltr'>armi</span> <span class='ocrx_word' id='word_1_287' title='bbox 627 2484 700 2509; x_wconf 87' lang='lat' dir='ltr'>sunt</span> <span class='ocrx_word' id='word_1_288' title='bbox 724 2480 883 2514; x_wconf 78' lang='lat' dir='ltr'>corporis,</span> <span class='ocrx_word' id='word_1_289' title='bbox 915 2479 1012 2507; x_wconf 86' lang='lat' dir='ltr'>etiam</span> 
     </span>
     <span class='ocr_line' id='line_1_48' title="bbox 222 2521 1011 2562; baseline -0.005 -7"><span class='ocrx_word' id='word_1_290' title='bbox 222 2532 333 2561; x_wconf 80' lang='lat' dir='ltr'>pectus</span> <span class='ocrx_word' id='word_1_291' title='bbox 361 2527 428 2562; x_wconf 83' lang='lat' dir='ltr'>est]</span> <span class='ocrx_word' id='word_1_292' title='bbox 453 2528 507 2555; x_wconf 84' lang='lat' dir='ltr'>sed</span> <span class='ocrx_word' id='word_1_293' title='bbox 533 2530 659 2561; x_wconf 83' lang='lat' dir='ltr'>propter</span> <span class='ocrx_word' id='word_1_294' title='bbox 690 2526 849 2553; x_wconf 77' lang='lat' dir='ltr'>virtutem.</span> <span class='ocrx_word' id='word_1_295' title='bbox 902 2521 1011 2562; x_wconf 75' lang='lat' dir='ltr'>&#39;l&#39;apf-</span> 
     </span>
     <span class='ocr_line' id='line_1_49' title="bbox 222 2567 1010 2609; baseline -0.005 -9"><span class='ocrx_word' id='word_1_296' title='bbox 222 2580 277 2601; x_wconf 83' lang='lat' dir='ltr'>rer</span> <span class='ocrx_word' id='word_1_297' title='bbox 307 2570 405 2601; x_wconf 57' lang='lat' dir='ltr'>„unrh</span> <span class='ocrx_word' id='word_1_298' title='bbox 429 2571 579 2606; x_wconf 76' lang='lat' dir='ltr'>spectus)</span> <span class='ocrx_word' id='word_1_299' title='bbox 615 2569 684 2599; x_wconf 80' lang='lat' dir='ltr'>nm!</span> <span class='ocrx_word' id='word_1_300' title='bbox 708 2569 824 2609; x_wconf 73' lang='lat' dir='ltr'>tapfre</span> <span class='ocrx_word' id='word_1_301' title='bbox 852 2567 1010 2607; x_wconf 74' lang='lat' dir='ltr'>IVaffen:</span> 
     </span>
     <span class='ocr_line' id='line_1_50' title="bbox 225 2616 1011 2652; baseline -0.004 -7"><span class='ocrx_word' id='word_1_302' title='bbox 225 2618 244 2645; x_wconf 85' lang='lat' dir='ltr'>i.</span> <span class='ocrx_word' id='word_1_303' title='bbox 281 2627 307 2646; x_wconf 87' lang='lat' dir='ltr'>e.</span> <span class='ocrx_word' id='word_1_304' title='bbox 347 2622 375 2646; x_wconf 82' lang='lat' dir='ltr'>et</span> <span class='ocrx_word' id='word_1_305' title='bbox 408 2622 531 2652; x_wconf 82' lang='lat' dir='ltr'>pectore</span> <span class='ocrx_word' id='word_1_306' title='bbox 564 2616 700 2651; x_wconf 80' lang='lat' dir='ltr'>concipit</span> <span class='ocrx_word' id='word_1_307' title='bbox 731 2616 945 2644; x_wconf 79' lang='lat' dir='ltr'>fortitudinem</span> <span class='ocrx_word' id='word_1_308' title='bbox 983 2619 1011 2643; x_wconf 89' lang='lat' dir='ltr'>et</span> 
     </span>
     <span class='ocr_line' id='line_1_51' title="bbox 224 2661 1011 2697; baseline -0.003 -6"><span class='ocrx_word' id='word_1_309' title='bbox 224 2664 323 2691; x_wconf 83' lang='lat' dir='ltr'>armis</span> <span class='ocrx_word' id='word_1_310' title='bbox 356 2664 550 2697; x_wconf 76' lang='lat' dir='ltr'>exsequitur.</span> <span class='ocrx_word' id='word_1_311' title='bbox 600 2664 634 2690; x_wconf 89' lang='lat' dir='ltr'>Id</span> <span class='ocrx_word' id='word_1_312' title='bbox 668 2662 807 2690; x_wconf 85' lang='lat' dir='ltr'>firmatur</span> <span class='ocrx_word' id='word_1_313' title='bbox 839 2661 936 2689; x_wconf 82' lang='lat' dir='ltr'>etiam</span> <span class='ocrx_word' id='word_1_314' title='bbox 971 2669 1011 2689; x_wconf 86' lang='lat' dir='ltr'>ex</span> 
     </span>
     <span class='ocr_line' id='line_1_52' title="bbox 224 2706 1011 2743; baseline -0.001 -8"><span class='ocrx_word' id='word_1_315' title='bbox 224 2708 277 2740; x_wconf 78' lang='lat' dir='ltr'>iis,</span> <span class='ocrx_word' id='word_1_316' title='bbox 306 2716 387 2742; x_wconf 79' lang='lat' dir='ltr'>quae</span> <span class='ocrx_word' id='word_1_317' title='bbox 414 2715 596 2743; x_wconf 77' lang='lat' dir='ltr'>sequuntur.</span> <span class='ocrx_word' id='word_1_318' title='bbox 623 2708 675 2736; x_wconf 82' lang='lat' dir='ltr'>uhi</span> <span class='ocrx_word' id='word_1_319' title='bbox 701 2707 882 2736; x_wconf 83' lang='lat' dir='ltr'>constantia</span> <span class='ocrx_word' id='word_1_320' title='bbox 909 2710 937 2734; x_wconf 84' lang='lat' dir='ltr'>et</span> <span class='ocrx_word' id='word_1_321' title='bbox 963 2706 1011 2734; x_wconf 88' lang='lat' dir='ltr'>in-</span> 
     </span>
     <span class='ocr_line' id='line_1_53' title="bbox 224 2754 1011 2788; baseline -0.003 -7"><span class='ocrx_word' id='word_1_322' title='bbox 224 2754 364 2788; x_wconf 77' lang='lat' dir='ltr'>trepidus</span> <span class='ocrx_word' id='word_1_323' title='bbox 395 2756 595 2788; x_wconf 78' lang='lat' dir='ltr'>praedicatur</span> <span class='ocrx_word' id='word_1_324' title='bbox 619 2754 763 2787; x_wconf 86' lang='lat' dir='ltr'>animus,</span> <span class='ocrx_word' id='word_1_325' title='bbox 803 2760 864 2780; x_wconf 86' lang='lat' dir='ltr'>non</span> <span class='ocrx_word' id='word_1_326' title='bbox 897 2760 1011 2785; x_wconf 85' lang='lat' dir='ltr'>corpus</span> 
     </span>
     <span class='ocr_line' id='line_1_54' title="bbox 223 2796 1009 2834; baseline -0.003 -7"><span class='ocrx_word' id='word_1_327' title='bbox 223 2799 348 2834; x_wconf 75' lang='lat' dir='ltr'>ingens.</span> <span class='ocrx_word' id='word_1_328' title='bbox 396 2800 526 2828; x_wconf 75' lang='lat' dir='ltr'>Accedit</span> <span class='ocrx_word' id='word_1_329' title='bbox 559 2801 640 2834; x_wconf 81' lang='lat' dir='ltr'>quod</span> <span class='ocrx_word' id='word_1_330' title='bbox 669 2796 758 2827; x_wconf 76' lang='lat' dir='ltr'>armi</span> <span class='ocrx_word' id='word_1_331' title='bbox 787 2802 859 2826; x_wconf 86' lang='lat' dir='ltr'>sunt</span> <span class='ocrx_word' id='word_1_332' title='bbox 891 2798 1009 2825; x_wconf 83' lang='lat' dir='ltr'>bestia-</span> 
     </span>
     <span class='ocr_line' id='line_1_55' title="bbox 225 2842 1009 2880; baseline -0.001 -9"><span class='ocrx_word' id='word_1_333' title='bbox 225 2852 311 2875; x_wconf 83' lang='lat' dir='ltr'>rum,</span> <span class='ocrx_word' id='word_1_334' title='bbox 330 2845 490 2873; x_wconf 86' lang='lat' dir='ltr'>hominum</span> <span class='ocrx_word' id='word_1_335' title='bbox 512 2842 661 2880; x_wconf 81' lang='lat' dir='ltr'>humeri,</span> <span class='ocrx_word' id='word_1_336' title='bbox 683 2844 763 2878; x_wconf 85' lang='lat' dir='ltr'>quod</span> <span class='ocrx_word' id='word_1_337' title='bbox 788 2844 873 2871; x_wconf 77' lang='lat' dir='ltr'>docet</span> <span class='ocrx_word' id='word_1_338' title='bbox 895 2844 952 2871; x_wconf 62' lang='grc' dir='ltr'>ΟΥ.</span> <span class='ocrx_word' id='word_1_339' title='bbox 966 2845 1009 2870; x_wconf 79' lang='lat' dir='ltr'>M.</span> 
     </span>
     <span class='ocr_line' id='line_1_56' title="bbox 222 2886 1009 2926; baseline -0.001 -10"><span class='ocrx_word' id='word_1_340' title='bbox 222 2887 275 2925; x_wconf 85' lang='lat'>10,</span> <span class='ocrx_word' id='word_1_341' title='bbox 301 2887 365 2916; x_wconf 82' lang='lat'>700</span> <span class='ocrx_word' id='word_1_342' title='bbox 409 2887 461 2918; x_wconf 72' lang='lat' dir='ltr'>Ex</span> <span class='ocrx_word' id='word_1_343' title='bbox 493 2887 643 2918; x_wconf 76' lang='lat' dir='ltr'>humeris</span> <span class='ocrx_word' id='word_1_344' title='bbox 676 2886 766 2917; x_wconf 84' lang='lat' dir='ltr'>armi</span> <span class='ocrx_word' id='word_1_345' title='bbox 792 2886 888 2926; x_wconf 71' lang='lat' dir='ltr'>finnt</span> <span class='ocrx_word' id='word_1_346' title='bbox 932 2888 951 2916; x_wconf 93' lang='lat' dir='ltr'>i.</span> <span class='ocrx_word' id='word_1_347' title='bbox 983 2895 1009 2915; x_wconf 81' lang='lat' dir='ltr'>e.</span> 
     </span>
     <span class='ocr_line' id='line_1_57' title="bbox 223 2934 1009 2967; baseline -0.001 -5"><span class='ocrx_word' id='word_1_348' title='bbox 223 2936 316 2962; x_wconf 88' lang='lat' dir='ltr'>homo</span> <span class='ocrx_word' id='word_1_349' title='bbox 341 2940 480 2963; x_wconf 84' lang='lat' dir='ltr'>mutatur</span> <span class='ocrx_word' id='word_1_350' title='bbox 511 2936 543 2962; x_wconf 88' lang='lat' dir='ltr'>in</span> <span class='ocrx_word' id='word_1_351' title='bbox 572 2937 708 2964; x_wconf 85' lang='lat' dir='ltr'>beluam.</span> <span class='ocrx_word' id='word_1_352' title='bbox 757 2935 863 2962; x_wconf 83' lang='lat' dir='ltr'>Potest</span> <span class='ocrx_word' id='word_1_353' title='bbox 884 2934 1009 2967; x_wconf 80' lang='lat' dir='ltr'>quidem</span> 
     </span>
     <span class='ocr_line' id='line_1_58' title="bbox 223 2980 1008 3015; baseline 0.001 -9"><span class='ocrx_word' id='word_1_354' title='bbox 223 2980 396 3013; x_wconf 77' lang='lat' dir='ltr'>aliquando</span> <span class='ocrx_word' id='word_1_355' title='bbox 437 2981 470 3008; x_wconf 89' lang='lat' dir='ltr'>in</span> <span class='ocrx_word' id='word_1_356' title='bbox 508 2982 634 3009; x_wconf 87' lang='lat' dir='ltr'>homine</span> <span class='ocrx_word' id='word_1_357' title='bbox 676 2984 855 3015; x_wconf 87' lang='lat' dir='ltr'>portentoso</span> <span class='ocrx_word' id='word_1_358' title='bbox 900 2987 1008 3008; x_wconf 81' lang='lat' dir='ltr'>armus</span> 
     </span>
     <span class='ocr_line' id='line_1_59' title="bbox 223 3024 1007 3063; baseline 0.001 -11"><span class='ocrx_word' id='word_1_359' title='bbox 223 3024 303 3061; x_wconf 83' lang='lat' dir='ltr'>dici,</span> <span class='ocrx_word' id='word_1_360' title='bbox 340 3030 368 3053; x_wconf 87' lang='lat' dir='ltr'>et</span> <span class='ocrx_word' id='word_1_361' title='bbox 393 3026 506 3054; x_wconf 87' lang='lat' dir='ltr'>dicitur</span> <span class='ocrx_word' id='word_1_362' title='bbox 530 3033 550 3055; x_wconf 84' lang='lat' dir='ltr'>a</span> <span class='ocrx_word' id='word_1_363' title='bbox 574 3027 687 3063; x_wconf 72' lang='lat' dir='ltr'>Vglio,</span> <span class='ocrx_word' id='word_1_364' title='bbox 713 3027 769 3054; x_wconf 85' lang='lat' dir='ltr'>sed</span> <span class='ocrx_word' id='word_1_365' title='bbox 792 3033 855 3054; x_wconf 88' lang='lat' dir='ltr'>non</span> <span class='ocrx_word' id='word_1_366' title='bbox 878 3025 911 3054; x_wconf 91' lang='lat' dir='ltr'>in</span> <span class='ocrx_word' id='word_1_367' title='bbox 936 3026 1007 3060; x_wconf 85' lang='lat' dir='ltr'>pul-</span> 
     </span>
    </p>
   </div>
   <div class='ocr_carea' id='block_1_10' title="bbox 1061 924 1862 1506">
    <p class='ocr_par' dir='ltr' id='par_1_16' title="bbox 1068 924 1862 1015">
     <span class='ocr_line' id='line_1_60' title="bbox 1070 924 1862 964; baseline -0.001 -5"><span class='ocrx_word' id='word_1_368' title='bbox 1070 930 1281 959; x_wconf 86' lang='lat' dir='ltr'>chritudinem</span> <span class='ocrx_word' id='word_1_369' title='bbox 1302 929 1445 964; x_wconf 84' lang='lat' dir='ltr'>corporis</span> <span class='ocrx_word' id='word_1_370' title='bbox 1474 928 1617 958; x_wconf 86' lang='lat' dir='ltr'>humani.</span> <span class='ocrx_word' id='word_1_371' title='bbox 1646 924 1698 958; x_wconf 91' lang='lat' dir='ltr'>Pl.</span> <span class='ocrx_word' id='word_1_372' title='bbox 1720 932 1757 959; x_wconf 84' lang='lat' dir='ltr'>ut</span> <span class='ocrx_word' id='word_1_373' title='bbox 1779 929 1862 958; x_wconf 86' lang='lat' dir='ltr'>vitet</span> 
     </span>
     <span class='ocr_line' id='line_1_61' title="bbox 1068 973 1859 1015; baseline -0.003 -11"><span class='ocrx_word' id='word_1_374' title='bbox 1068 976 1271 1005; x_wconf 83' lang='lat' dir='ltr'>difficultates</span> <span class='ocrx_word' id='word_1_375' title='bbox 1285 984 1395 1004; x_wconf 87' lang='lat' dir='ltr'>omnes</span> <span class='ocrx_word' id='word_1_376' title='bbox 1405 974 1458 1011; x_wconf 63' lang='grc' dir='ltr'>(ἓ)</span> <span class='ocrx_word' id='word_1_377' title='bbox 1474 975 1557 1004; x_wconf 91' lang='lat' dir='ltr'>coni.</span> <span class='ocrx_word' id='word_1_378' title='bbox 1567 982 1665 1014; x_wconf 83' lang='lat' dir='ltr'>quem</span> <span class='ocrx_word' id='word_1_379' title='bbox 1678 973 1710 1011; x_wconf 90' lang='lat' dir='ltr'>f.</span> <span class='ocrx_word' id='word_1_380' title='bbox 1726 983 1763 1015; x_wconf 85' lang='lat' dir='ltr'>p.</span> <span class='ocrx_word' id='word_1_381' title='bbox 1779 982 1806 1003; x_wconf 86' lang='lat' dir='ltr'>e.</span> <span class='ocrx_word' id='word_1_382' title='bbox 1825 983 1859 1006; x_wconf 87' lang='lat' dir='ltr'>a.</span> 
     </span>
    </p>

    <p class='ocr_par' dir='ltr' id='par_1_17' title="bbox 1068 1018 1861 1152">
     <span class='ocr_line' id='line_1_62' title="bbox 1115 1018 1861 1059; baseline -0.001 -10"><span class='ocrx_word' id='word_1_383' title='bbox 1115 1019 1167 1049; x_wconf 76' lang='lat'>12.</span> <span class='ocrx_word' id='word_1_384' title='bbox 1198 1018 1268 1050; x_wconf 70' lang='lat' dir='ltr'>Nec</span> <span class='ocrx_word' id='word_1_385' title='bbox 1294 1029 1387 1050; x_wconf 81' lang='lat' dir='ltr'>vana</span> <span class='ocrx_word' id='word_1_386' title='bbox 1407 1018 1503 1059; x_wconf 83' lang='lat' dir='ltr'>fides</span> <span class='ocrx_word' id='word_1_387' title='bbox 1536 1020 1556 1048; x_wconf 91' lang='lat' dir='ltr'>i.</span> <span class='ocrx_word' id='word_1_388' title='bbox 1579 1029 1605 1050; x_wconf 89' lang='lat' dir='ltr'>e.</span> <span class='ocrx_word' id='word_1_389' title='bbox 1633 1020 1728 1050; x_wconf 86' lang='lat' dir='ltr'>certis</span> <span class='ocrx_word' id='word_1_390' title='bbox 1749 1020 1861 1049; x_wconf 87' lang='lat' dir='ltr'>nititur</span> 
     </span>
     <span class='ocr_line' id='line_1_63' title="bbox 1068 1063 1860 1106; baseline -0.003 -10"><span class='ocrx_word' id='word_1_391' title='bbox 1068 1068 1144 1097; x_wconf 83' lang='lat' dir='ltr'>fides</span> <span class='ocrx_word' id='word_1_392' title='bbox 1165 1067 1373 1103; x_wconf 76' lang='lat' dir='ltr'>argumentis.</span> <span class='ocrx_word' id='word_1_393' title='bbox 1401 1081 1439 1086; x_wconf 91' lang='lat'>—-</span> <span class='ocrx_word' id='word_1_394' title='bbox 1465 1073 1578 1106; x_wconf 78' lang='lat' dir='ltr'>genus</span> <span class='ocrx_word' id='word_1_395' title='bbox 1603 1063 1764 1095; x_wconf 78' lang='lat' dir='ltr'>deorum:</span> <span class='ocrx_word' id='word_1_396' title='bbox 1787 1074 1860 1095; x_wconf 89' lang='lat' dir='ltr'>eum</span> 
     </span>
     <span class='ocr_line' id='line_1_64' title="bbox 1069 1109 1589 1152; baseline -0.006 -10"><span class='ocrx_word' id='word_1_397' title='bbox 1069 1121 1091 1142; x_wconf 83' lang='lat' dir='ltr'>a</span> <span class='ocrx_word' id='word_1_398' title='bbox 1119 1110 1181 1141; x_wconf 82' lang='lat' dir='ltr'>deo</span> <span class='ocrx_word' id='word_1_399' title='bbox 1209 1110 1328 1152; x_wconf 81' lang='lat' dir='ltr'>aliqua</span> <span class='ocrx_word' id='word_1_400' title='bbox 1353 1117 1454 1141; x_wconf 88' lang='lat' dir='ltr'>ortum</span> <span class='ocrx_word' id='word_1_401' title='bbox 1479 1109 1510 1147; x_wconf 93' lang='grc'>7,</span> <span class='ocrx_word' id='word_1_402' title='bbox 1536 1109 1589 1140; x_wconf 79' lang='grc'>98.</span> 
     </span>
    </p>

    <p class='ocr_par' dir='ltr' id='par_1_18' title="bbox 1065 1155 1860 1238">
     <span class='ocr_line' id='line_1_65' title="bbox 1119 1155 1860 1198; baseline 0.001 -12"><span class='ocrx_word' id='word_1_403' title='bbox 1119 1156 1168 1186; x_wconf 82' lang='grc'><strong>13.</strong></span> <span class='ocrx_word' id='word_1_404' title='bbox 1199 1155 1361 1198; x_wconf 74' lang='lat' dir='ltr'>Degener</span> <span class='ocrx_word' id='word_1_405' title='bbox 1385 1166 1452 1187; x_wconf 72' lang='lat' dir='ltr'>vox</span> <span class='ocrx_word' id='word_1_406' title='bbox 1478 1158 1613 1186; x_wconf 80' lang='lat' dir='ltr'>inventa</span> <span class='ocrx_word' id='word_1_407' title='bbox 1629 1161 1663 1186; x_wconf 89' lang='lat' dir='ltr'>ut</span> <span class='ocrx_word' id='word_1_408' title='bbox 1688 1157 1816 1187; x_wconf 71' lang='lat' dir='ltr'>videtur</span> <span class='ocrx_word' id='word_1_409' title='bbox 1839 1164 1860 1187; x_wconf 81' lang='lat' dir='ltr'>a</span> 
     </span>
     <span class='ocr_line' id='line_1_66' title="bbox 1065 1204 1408 1238; baseline -0.003 -6"><span class='ocrx_word' id='word_1_410' title='bbox 1065 1204 1222 1238; x_wconf 65' lang='lat' dir='ltr'>virgilio,</span> <span class='ocrx_word' id='word_1_411' title='bbox 1247 1205 1408 1233; x_wconf 76' lang='lat' dir='ltr'>entarlet.</span> 
     </span>
    </p>

    <p class='ocr_par' dir='ltr' id='par_1_19' title="bbox 1061 1246 1860 1506">
     <span class='ocr_line' id='line_1_67' title="bbox 1112 1246 1860 1284; baseline -0.001 -7"><span class='ocrx_word' id='word_1_412' title='bbox 1112 1247 1162 1277; x_wconf 76' lang='lat'>14.</span> <span class='ocrx_word' id='word_1_413' title='bbox 1193 1246 1295 1278; x_wconf 82' lang='lat' dir='ltr'>Bella</span> <span class='ocrx_word' id='word_1_414' title='bbox 1319 1246 1489 1278; x_wconf 63' lang='lat' dir='ltr'>exhausta</span> <span class='ocrx_word' id='word_1_415' title='bbox 1514 1249 1637 1284; x_wconf 81' lang='lat' dir='ltr'>primus</span> <span class='ocrx_word' id='word_1_416' title='bbox 1663 1248 1788 1277; x_wconf 79' lang='lat' dir='ltr'>dixisse</span> <span class='ocrx_word' id='word_1_417' title='bbox 1806 1248 1860 1277; x_wconf 86' lang='lat' dir='ltr'>vi-</span> 
     </span>
     <span class='ocr_line' id='line_1_68' title="bbox 1065 1291 1857 1331; baseline 0 -8"><span class='ocrx_word' id='word_1_418' title='bbox 1065 1295 1156 1323; x_wconf 86' lang='lat' dir='ltr'>detur</span> <span class='ocrx_word' id='word_1_419' title='bbox 1188 1296 1261 1331; x_wconf 70' lang='lat' dir='ltr'>Vgl.</span> <span class='ocrx_word' id='word_1_420' title='bbox 1298 1292 1420 1330; x_wconf 81' lang='grc'>10,57.</span> <span class='ocrx_word' id='word_1_421' title='bbox 1461 1296 1520 1324; x_wconf 83' lang='lat' dir='ltr'>Ov.</span> <span class='ocrx_word' id='word_1_422' title='bbox 1545 1297 1587 1324; x_wconf 98' lang='lat' dir='ltr'>M.</span> <span class='ocrx_word' id='word_1_423' title='bbox 1624 1292 1676 1331; x_wconf 77' lang='lat'>12,</span> <span class='ocrx_word' id='word_1_424' title='bbox 1704 1291 1764 1322; x_wconf 92' lang='grc'>161</span> <span class='ocrx_word' id='word_1_425' title='bbox 1801 1302 1857 1323; x_wconf 68' lang='lat' dir='ltr'>es-</span> 
     </span>
     <span class='ocr_line' id='line_1_69' title="bbox 1063 1336 1858 1379; baseline -0.001 -10"><span class='ocrx_word' id='word_1_426' title='bbox 1063 1337 1191 1369; x_wconf 75' lang='lat' dir='ltr'>hausta</span> <span class='ocrx_word' id='word_1_427' title='bbox 1211 1338 1392 1379; x_wconf 75' lang='lat' dir='ltr'>pericula,·</span> <span class='ocrx_word' id='word_1_428' title='bbox 1425 1338 1475 1375; x_wconf 83' lang='lat' dir='ltr'>tt,</span> <span class='ocrx_word' id='word_1_429' title='bbox 1503 1338 1566 1368; x_wconf 83' lang='grc'>256</span> <span class='ocrx_word' id='word_1_430' title='bbox 1589 1337 1778 1369; x_wconf 60' lang='lat' dir='ltr'>exhaustus</span> <span class='ocrx_word' id='word_1_431' title='bbox 1805 1336 1858 1368; x_wconf 86' lang='lat' dir='ltr'>la-</span> 
     </span>
     <span class='ocr_line' id='line_1_70' title="bbox 1066 1382 1858 1424; baseline 0 -10"><span class='ocrx_word' id='word_1_432' title='bbox 1066 1383 1145 1421; x_wconf 82' lang='lat' dir='ltr'>bor,·</span> <span class='ocrx_word' id='word_1_433' title='bbox 1192 1388 1270 1415; x_wconf 82' lang='lat' dir='ltr'>Stat.</span> <span class='ocrx_word' id='word_1_434' title='bbox 1304 1387 1399 1415; x_wconf 81' lang='lat' dir='ltr'>Tliel).</span> <span class='ocrx_word' id='word_1_435' title='bbox 1436 1386 1467 1420; x_wconf 97' lang='lat'>5,</span> <span class='ocrx_word' id='word_1_436' title='bbox 1493 1383 1558 1414; x_wconf 76' lang='lat'>420</span> <span class='ocrx_word' id='word_1_437' title='bbox 1599 1382 1670 1414; x_wconf 74' lang='lat' dir='ltr'>esh.</span> <span class='ocrx_word' id='word_1_438' title='bbox 1702 1382 1858 1424; x_wconf 75' lang='lat' dir='ltr'>flamina</span> 
     </span>
     <span class='ocr_line' id='line_1_71' title="bbox 1063 1429 1857 1470; baseline -0.001 -10"><span class='ocrx_word' id='word_1_439' title='bbox 1063 1437 1249 1467; x_wconf 65' lang='lat' dir='ltr'>ventorum,</span> <span class='ocrx_word' id='word_1_440' title='bbox 1275 1429 1469 1469; x_wconf 78' lang='lat' dir='ltr'>1.·1v.33,1t</span> <span class='ocrx_word' id='word_1_441' title='bbox 1496 1429 1587 1461; x_wconf 81' lang='lat' dir='ltr'>dura</span> <span class='ocrx_word' id='word_1_442' title='bbox 1610 1433 1714 1470; x_wconf 79' lang='lat' dir='ltr'>atque</span> <span class='ocrx_word' id='word_1_443' title='bbox 1733 1439 1857 1470; x_wconf 83' lang='lat' dir='ltr'>aspera</span> 
     </span>
     <span class='ocr_line' id='line_1_72' title="bbox 1061 1474 1361 1506; baseline 0 0"><span class='ocrx_word' id='word_1_444' title='bbox 1061 1474 1142 1506; x_wconf 79' lang='lat' dir='ltr'>belli</span> <span class='ocrx_word' id='word_1_445' title='bbox 1166 1474 1361 1506; x_wconf 69' lang='lat' dir='ltr'>exhaurire.</span> 
     </span>
    </p>
   </div>
   <div class='ocr_carea' id='block_1_11' title="bbox 1061 1531 1856 1617">
    <p class='ocr_par' dir='ltr' id='par_1_20' title="bbox 1061 1531 1856 1617">
     <span class='ocr_line' id='line_1_73' title="bbox 1108 1531 1856 1573; baseline 0 -12"><span class='ocrx_word' id='word_1_446' title='bbox 1108 1531 1160 1562; x_wconf 84' lang='lat'>15.</span> <span class='ocrx_word' id='word_1_447' title='bbox 1187 1531 1281 1562; x_wconf 79' lang='lat' dir='ltr'>sedet</span> <span class='ocrx_word' id='word_1_448' title='bbox 1313 1531 1430 1562; x_wconf 84' lang='lat' dir='ltr'>am&#39;mo</span> <span class='ocrx_word' id='word_1_449' title='bbox 1467 1534 1507 1564; x_wconf 88' lang='lat' dir='ltr'>cf.</span> <span class='ocrx_word' id='word_1_450' title='bbox 1547 1533 1584 1571; x_wconf 90' lang='lat'>5,</span> <span class='ocrx_word' id='word_1_451' title='bbox 1618 1531 1694 1563; x_wconf 79' lang='lat'>418.</span> <span class='ocrx_word' id='word_1_452' title='bbox 1740 1532 1856 1573; x_wconf 69' lang='lat' dir='ltr'>fixum</span> 
     </span>
     <span class='ocr_line' id='line_1_74' title="bbox 1061 1577 1379 1617; baseline -0.003 -9"><span class='ocrx_word' id='word_1_453' title='bbox 1061 1577 1155 1609; x_wconf 78' lang='lat' dir='ltr'>sedet</span> <span class='ocrx_word' id='word_1_454' title='bbox 1181 1580 1219 1609; x_wconf 87' lang='lat' dir='ltr'>cf.</span> <span class='ocrx_word' id='word_1_455' title='bbox 1247 1577 1277 1617; x_wconf 81' lang='lat'>2,</span> <span class='ocrx_word' id='word_1_456' title='bbox 1305 1577 1379 1608; x_wconf 86' lang='grc'><strong>169.</strong></span> 
     </span>
    </p>
   </div>
   <div class='ocr_carea' id='block_1_12' title="bbox 1063 1633 1856 1764">
    <p class='ocr_par' dir='ltr' id='par_1_21' title="bbox 1063 1633 1856 1764">
     <span class='ocr_line' id='line_1_75' title="bbox 1108 1633 1854 1675; baseline 0 -11"><span class='ocrx_word' id='word_1_457' title='bbox 1108 1633 1159 1665; x_wconf 86' lang='grc'>17.</span> <span class='ocrx_word' id='word_1_458' title='bbox 1188 1634 1365 1675; x_wconf 78' lang='lat' dir='ltr'>deceptam</span> <span class='ocrx_word' id='word_1_459' title='bbox 1401 1638 1509 1665; x_wconf 75' lang='lat' dir='ltr'>marte</span> <span class='ocrx_word' id='word_1_460' title='bbox 1543 1636 1665 1665; x_wconf 75' lang='lat' dir='ltr'>fefellit.</span> <span class='ocrx_word' id='word_1_461' title='bbox 1719 1637 1766 1666; x_wconf 76' lang='lat' dir='ltr'>Cf.</span> <span class='ocrx_word' id='word_1_462' title='bbox 1800 1634 1854 1665; x_wconf 74' lang='lat'>22.</span> 
     </span>
     <span class='ocr_line' id='line_1_76' title="bbox 1064 1679 1856 1719; baseline 0.004 -10"><span class='ocrx_word' id='word_1_463' title='bbox 1064 1697 1101 1701; x_wconf 95' lang='lat'><strong>—</strong></span> <span class='ocrx_word' id='word_1_464' title='bbox 1119 1679 1233 1719; x_wconf 67' lang='lat' dir='ltr'>fixum</span> <span class='ocrx_word' id='word_1_465' title='bbox 1261 1680 1283 1709; x_wconf 89' lang='lat' dir='ltr'>i.</span> <span class='ocrx_word' id='word_1_466' title='bbox 1310 1690 1358 1710; x_wconf 88' lang='lat' dir='ltr'>s..·</span> <span class='ocrx_word' id='word_1_467' title='bbox 1390 1683 1491 1719; x_wconf 82' lang='lat' dir='ltr'>„Cogi</span> <span class='ocrx_word' id='word_1_468' title='bbox 1517 1690 1552 1711; x_wconf 87' lang='lat' dir='ltr'>se</span> <span class='ocrx_word' id='word_1_469' title='bbox 1578 1687 1674 1719; x_wconf 82' lang='lat' dir='ltr'>optat,</span> <span class='ocrx_word' id='word_1_470' title='bbox 1701 1690 1784 1718; x_wconf 82' lang='lat' dir='ltr'>quae</span> <span class='ocrx_word' id='word_1_471' title='bbox 1807 1683 1856 1712; x_wconf 89' lang='lat' dir='ltr'>sic</span> 
     </span>
     <span class='ocr_line' id='line_1_77' title="bbox 1063 1725 1241 1764; baseline 0 -9"><span class='ocrx_word' id='word_1_472' title='bbox 1063 1725 1192 1764; x_wconf 80' lang='lat' dir='ltr'>negat.“</span> <span class='ocrx_word' id='word_1_473' title='bbox 1211 1729 1241 1755; x_wconf 88' lang='lat' dir='ltr'>S.</span> 
     </span>
    </p>
   </div>
   <div class='ocr_carea' id='block_1_13' title="bbox 1064 1780 1855 2048">
    <p class='ocr_par' dir='ltr' id='par_1_22' title="bbox 1064 1780 1855 2048">
     <span class='ocr_line' id='line_1_78' title="bbox 1110 1780 1854 1821; baseline 0.001 -10"><span class='ocrx_word' id='word_1_474' title='bbox 1110 1780 1163 1812; x_wconf 74' lang='lat'>18.</span> <span class='ocrx_word' id='word_1_475' title='bbox 1190 1785 1277 1818; x_wconf 83' lang='lat' dir='ltr'>Quod</span> <span class='ocrx_word' id='word_1_476' title='bbox 1308 1785 1389 1813; x_wconf 89' lang='lat' dir='ltr'>idem</span> <span class='ocrx_word' id='word_1_477' title='bbox 1419 1784 1553 1818; x_wconf 85' lang='lat' dir='ltr'>saepius</span> <span class='ocrx_word' id='word_1_478' title='bbox 1579 1784 1731 1819; x_wconf 87' lang='lat' dir='ltr'>repetitur</span> <span class='ocrx_word' id='word_1_479' title='bbox 1759 1784 1797 1813; x_wconf 88' lang='lat' dir='ltr'>cf.</span> <span class='ocrx_word' id='word_1_480' title='bbox 1825 1781 1854 1821; x_wconf 89' lang='lat'>1,</span> 
     </span>
     <span class='ocr_line' id='line_1_79' title="bbox 1064 1827 1854 1864; baseline 0.003 -7"><span class='ocrx_word' id='word_1_481' title='bbox 1064 1827 1141 1858; x_wconf 75' lang='lat'>547.</span> <span class='ocrx_word' id='word_1_482' title='bbox 1166 1845 1203 1849; x_wconf 89' lang='lat'>—</span> <span class='ocrx_word' id='word_1_483' title='bbox 1228 1827 1368 1858; x_wconf 79' lang='lat' dir='ltr'>Taedae</span> <span class='ocrx_word' id='word_1_484' title='bbox 1387 1838 1430 1858; x_wconf 88' lang='lat' dir='ltr'>sc.</span> <span class='ocrx_word' id='word_1_485' title='bbox 1452 1830 1626 1864; x_wconf 84' lang='lat' dir='ltr'>nuptialis:</span> <span class='ocrx_word' id='word_1_486' title='bbox 1649 1830 1751 1858; x_wconf 85' lang='lat' dir='ltr'>taedis</span> <span class='ocrx_word' id='word_1_487' title='bbox 1768 1831 1854 1859; x_wconf 92' lang='lat' dir='ltr'>enim</span> 
     </span>
     <span class='ocr_line' id='line_1_80' title="bbox 1065 1875 1854 1911; baseline 0.001 -8"><span class='ocrx_word' id='word_1_488' title='bbox 1065 1876 1212 1904; x_wconf 82' lang='lat' dir='ltr'>accensis</span> <span class='ocrx_word' id='word_1_489' title='bbox 1250 1882 1371 1910; x_wconf 87' lang='lat' dir='ltr'>sponsa</span> <span class='ocrx_word' id='word_1_490' title='bbox 1411 1875 1540 1909; x_wconf 82' lang='lat' dir='ltr'>vesperi</span> <span class='ocrx_word' id='word_1_491' title='bbox 1581 1882 1601 1904; x_wconf 86' lang='lat' dir='ltr'>a</span> <span class='ocrx_word' id='word_1_492' title='bbox 1638 1876 1783 1911; x_wconf 80' lang='lat' dir='ltr'>cognatis</span> <span class='ocrx_word' id='word_1_493' title='bbox 1820 1877 1854 1905; x_wconf 88' lang='lat' dir='ltr'>in</span> 
     </span>
     <span class='ocr_line' id='line_1_81' title="bbox 1065 1921 1855 1956; baseline 0.001 -7"><span class='ocrx_word' id='word_1_494' title='bbox 1065 1922 1177 1956; x_wconf 85' lang='lat' dir='ltr'>sponsi</span> <span class='ocrx_word' id='word_1_495' title='bbox 1203 1922 1327 1950; x_wconf 88' lang='lat' dir='ltr'>domum</span> <span class='ocrx_word' id='word_1_496' title='bbox 1353 1922 1536 1950; x_wconf 80' lang='lat' dir='ltr'>ducebatur.</span> <span class='ocrx_word' id='word_1_497' title='bbox 1564 1936 1602 1940; x_wconf 94' lang='lat'><strong>—</strong></span> <span class='ocrx_word' id='word_1_498' title='bbox 1631 1921 1715 1950; x_wconf 88' lang='lat' dir='ltr'>Hinc</span> <span class='ocrx_word' id='word_1_499' title='bbox 1742 1923 1855 1950; x_wconf 79' lang='lat' dir='ltr'>laedae</span> 
     </span>
     <span class='ocr_line' id='line_1_82' title="bbox 1064 1964 1853 2003; baseline 0 -8"><span class='ocrx_word' id='word_1_500' title='bbox 1064 1967 1084 1995; x_wconf 90' lang='lat' dir='ltr'>i.</span> <span class='ocrx_word' id='word_1_501' title='bbox 1113 1976 1140 2001; x_wconf 58' lang='grc' dir='ltr'>(χ.</span> <span class='ocrx_word' id='word_1_502' title='bbox 1166 1967 1296 2002; x_wconf 80' lang='lat' dir='ltr'>nuptiae</span> <span class='ocrx_word' id='word_1_503' title='bbox 1318 1965 1392 1995; x_wconf 78' lang='lat'>338.</span> <span class='ocrx_word' id='word_1_504' title='bbox 1422 1964 1452 2002; x_wconf 84' lang='lat'>7,</span> <span class='ocrx_word' id='word_1_505' title='bbox 1478 1964 1542 1994; x_wconf 74' lang='lat'>388</span> <span class='ocrx_word' id='word_1_506' title='bbox 1589 1968 1647 1995; x_wconf 87' lang='lat' dir='ltr'>Ov.</span> <span class='ocrx_word' id='word_1_507' title='bbox 1671 1969 1714 1994; x_wconf 88' lang='lat' dir='ltr'>M.</span> <span class='ocrx_word' id='word_1_508' title='bbox 1743 1965 1772 2003; x_wconf 70' lang='lat'>4,</span> <span class='ocrx_word' id='word_1_509' title='bbox 1800 1966 1853 1996; x_wconf 84' lang='lat'>60.</span> 
     </span>
     <span class='ocr_line' id='line_1_83' title="bbox 1065 2010 1855 2048; baseline 0.003 -9"><span class='ocrx_word' id='word_1_510' title='bbox 1065 2010 1095 2045; x_wconf 91' lang='grc'>9,</span> <span class='ocrx_word' id='word_1_511' title='bbox 1118 2010 1193 2041; x_wconf 81' lang='grc'><strong>721.</strong></span> <span class='ocrx_word' id='word_1_512' title='bbox 1236 2011 1286 2047; x_wconf 75' lang='grc'>15,</span> <span class='ocrx_word' id='word_1_513' title='bbox 1306 2010 1380 2040; x_wconf 66' lang='grc'>826.</span> <span class='ocrx_word' id='word_1_514' title='bbox 1421 2028 1458 2032; x_wconf 95' lang='grc'><strong>-</strong></span> <span class='ocrx_word' id='word_1_515' title='bbox 1499 2013 1627 2048; x_wconf 84' lang='lat' dir='ltr'>„Pudor</span> <span class='ocrx_word' id='word_1_516' title='bbox 1656 2014 1795 2041; x_wconf 81' lang='lat' dir='ltr'>retardat</span> <span class='ocrx_word' id='word_1_517' title='bbox 1824 2017 1855 2041; x_wconf 83' lang='lat' dir='ltr'>et</span> 
     </span>
    </p>
   </div>
   <div class='ocr_carea' id='block_1_14' title="bbox 1060 2058 1877 2095">
    <p class='ocr_par' dir='ltr' id='par_1_23' title="bbox 1060 2058 1877 2095">
     <span class='ocr_line' id='line_1_84' title="bbox 1060 2058 1877 2095; baseline 0.001 -9"><span class='ocrx_word' id='word_1_518' title='bbox 1060 2058 1208 2092; x_wconf 81' lang='lat' dir='ltr'>impedit,</span> <span class='ocrx_word' id='word_1_519' title='bbox 1231 2059 1401 2092; x_wconf 82' lang='lat' dir='ltr'>quominus</span> <span class='ocrx_word' id='word_1_520' title='bbox 1427 2058 1535 2086; x_wconf 85' lang='lat' dir='ltr'>statim</span> <span class='ocrx_word' id='word_1_521' title='bbox 1555 2060 1737 2095; x_wconf 82' lang='lat' dir='ltr'>eloquatur,</span> <span class='ocrx_word' id='word_1_522' title='bbox 1771 2060 1853 2093; x_wconf 85' lang='lat' dir='ltr'>quod</span> <span class='ocrx_word' id='word_1_523' title='bbox 1874 2086 1877 2088; x_wconf 89' lang='grc'>,</span> 
     </span>
    </p>
   </div>
   <div class='ocr_carea' id='block_1_15' title="bbox 1059 2103 1852 2179">
    <p class='ocr_par' dir='ltr' id='par_1_24' title="bbox 1059 2103 1852 2179">
     <span class='ocr_line' id='line_1_85' title="bbox 1061 2103 1852 2139; baseline 0.001 -7"><span class='ocrx_word' id='word_1_524' title='bbox 1061 2104 1165 2132; x_wconf 85' lang='lat' dir='ltr'>sentit.</span> <span class='ocrx_word' id='word_1_525' title='bbox 1214 2105 1288 2133; x_wconf 79' lang='lat' dir='ltr'>Vox</span> <span class='ocrx_word' id='word_1_526' title='bbox 1314 2104 1391 2132; x_wconf 89' lang='lat' dir='ltr'>novi</span> <span class='ocrx_word' id='word_1_527' title='bbox 1414 2104 1555 2139; x_wconf 90' lang='lat' dir='ltr'>coniugii</span> <span class='ocrx_word' id='word_1_528' title='bbox 1575 2103 1669 2139; x_wconf 85' lang='lat' dir='ltr'>quasi</span> <span class='ocrx_word' id='word_1_529' title='bbox 1694 2103 1727 2132; x_wconf 90' lang='lat' dir='ltr'>in</span> <span class='ocrx_word' id='word_1_530' title='bbox 1747 2103 1852 2133; x_wconf 84' lang='lat' dir='ltr'>fauci-</span> 
     </span>
     <span class='ocr_line' id='line_1_86' title="bbox 1059 2146 1354 2179; baseline 0 -1"><span class='ocrx_word' id='word_1_531' title='bbox 1059 2151 1120 2178; x_wconf 85' lang='lat' dir='ltr'>bus</span> <span class='ocrx_word' id='word_1_532' title='bbox 1144 2148 1275 2178; x_wconf 79' lang='lat' dir='ltr'>haeret“</span> <span class='ocrx_word' id='word_1_533' title='bbox 1303 2146 1354 2179; x_wconf 84' lang='lat' dir='ltr'>Pl.</span> 
     </span>
    </p>
   </div>
   <div class='ocr_carea' id='block_1_16' title="bbox 1054 2203 1853 3064">
    <p class='ocr_par' dir='ltr' id='par_1_25' title="bbox 1054 2203 1853 3064">
     <span class='ocr_line' id='line_1_87' title="bbox 1107 2203 1852 2245; baseline 0.001 -11"><span class='ocrx_word' id='word_1_534' title='bbox 1107 2204 1325 2243; x_wconf 83' lang='lat' dir='ltr'>19.s0rsan.</span> <span class='ocrx_word' id='word_1_535' title='bbox 1367 2205 1462 2239; x_wconf 86' lang='lat' dir='ltr'>quasi</span> <span class='ocrx_word' id='word_1_536' title='bbox 1485 2206 1610 2234; x_wconf 86' lang='lat' dir='ltr'>dubitet.</span> <span class='ocrx_word' id='word_1_537' title='bbox 1653 2221 1690 2224; x_wconf 97' lang='lat'><strong>—</strong></span> <span class='ocrx_word' id='word_1_538' title='bbox 1734 2203 1852 2245; x_wconf 77' lang='lat' dir='ltr'>potui:</span> 
     </span>
     <span class='ocr_line' id='line_1_88' title="bbox 1058 2249 1853 2287; baseline 0.001 -7"><span class='ocrx_word' id='word_1_539' title='bbox 1058 2253 1261 2281; x_wconf 80' lang='lat' dir='ltr'>Indicativus</span> <span class='ocrx_word' id='word_1_540' title='bbox 1301 2251 1431 2286; x_wconf 84' lang='lat' dir='ltr'>perfecti</span> <span class='ocrx_word' id='word_1_541' title='bbox 1473 2250 1511 2279; x_wconf 86' lang='lat' dir='ltr'>cf.</span> <span class='ocrx_word' id='word_1_542' title='bbox 1545 2249 1581 2287; x_wconf 76' lang='lat'>2,</span> <span class='ocrx_word' id='word_1_543' title='bbox 1605 2250 1659 2279; x_wconf 88' lang='lat'>55.</span> <span class='ocrx_word' id='word_1_544' title='bbox 1723 2252 1853 2281; x_wconf 84' lang='lat' dir='ltr'>Scilicet</span> 
     </span>
     <span class='ocr_line' id='line_1_89' title="bbox 1059 2296 1850 2327; baseline 0 -1"><span class='ocrx_word' id='word_1_545' title='bbox 1059 2298 1285 2327; x_wconf 89' lang='lat' dir='ltr'>conditionalis</span> <span class='ocrx_word' id='word_1_546' title='bbox 1323 2296 1477 2324; x_wconf 82' lang='lat' dir='ltr'>orationis</span> <span class='ocrx_word' id='word_1_547' title='bbox 1516 2296 1618 2325; x_wconf 83' lang='lat' dir='ltr'>forma</span> <span class='ocrx_word' id='word_1_548' title='bbox 1653 2298 1850 2326; x_wconf 76' lang='lat' dir='ltr'>convertitur</span> 
     </span>
     <span class='ocr_line' id='line_1_90' title="bbox 1057 2340 1852 2371; baseline 0 0"><span class='ocrx_word' id='word_1_549' title='bbox 1057 2343 1091 2371; x_wconf 86' lang='lat' dir='ltr'>in</span> <span class='ocrx_word' id='word_1_550' title='bbox 1117 2343 1250 2371; x_wconf 82' lang='lat' dir='ltr'>formam</span> <span class='ocrx_word' id='word_1_551' title='bbox 1274 2342 1438 2370; x_wconf 79' lang='lat' dir='ltr'>narrandi.</span> <span class='ocrx_word' id='word_1_552' title='bbox 1467 2356 1510 2360; x_wconf 91' lang='lat'><strong>—</strong></span> <span class='ocrx_word' id='word_1_553' title='bbox 1536 2340 1752 2371; x_wconf 72' lang='lat' dir='ltr'>sut-cumbere</span> <span class='ocrx_word' id='word_1_554' title='bbox 1779 2341 1852 2371; x_wconf 87' lang='lat' dir='ltr'>cu!-</span> 
     </span>
     <span class='ocr_line' id='line_1_91' title="bbox 1056 2384 1851 2427; baseline 0 -11"><span class='ocrx_word' id='word_1_555' title='bbox 1056 2396 1134 2427; x_wconf 84' lang='lat' dir='ltr'>pae.</span> <span class='ocrx_word' id='word_1_556' title='bbox 1185 2388 1231 2416; x_wconf 84' lang='lat' dir='ltr'>Cf.</span> <span class='ocrx_word' id='word_1_557' title='bbox 1256 2389 1313 2416; x_wconf 83' lang='lat' dir='ltr'>Ov.</span> <span class='ocrx_word' id='word_1_558' title='bbox 1339 2390 1381 2415; x_wconf 89' lang='lat' dir='ltr'>M.</span> <span class='ocrx_word' id='word_1_559' title='bbox 1404 2384 1434 2420; x_wconf 86' lang='grc'>7,</span> <span class='ocrx_word' id='word_1_560' title='bbox 1459 2385 1523 2414; x_wconf 77' lang='lat'>749</span> <span class='ocrx_word' id='word_1_561' title='bbox 1551 2389 1581 2416; x_wconf 77' lang='lat' dir='ltr'>et</span> <span class='ocrx_word' id='word_1_562' title='bbox 1605 2385 1762 2427; x_wconf 76' lang='lat' dir='ltr'>poluisse</span> <span class='ocrx_word' id='word_1_563' title='bbox 1786 2385 1851 2416; x_wconf 81' lang='lat' dir='ltr'>da-</span> 
     </span>
     <span class='ocr_line' id='line_1_92' title="bbox 1056 2429 1852 2473; baseline 0 -11"><span class='ocrx_word' id='word_1_564' title='bbox 1056 2430 1102 2463; x_wconf 81' lang='lat' dir='ltr'>tis</span> <span class='ocrx_word' id='word_1_565' title='bbox 1126 2430 1233 2462; x_wconf 82' lang='lat' dir='ltr'>simili</span> <span class='ocrx_word' id='word_1_566' title='bbox 1257 2429 1472 2461; x_wconf 79' lang='lat' dir='ltr'>succumbere</span> <span class='ocrx_word' id='word_1_567' title='bbox 1497 2429 1620 2472; x_wconf 79' lang='lat' dir='ltr'>culpae</span> <span class='ocrx_word' id='word_1_568' title='bbox 1641 2441 1693 2461; x_wconf 83' lang='lat' dir='ltr'>me</span> <span class='ocrx_word' id='word_1_569' title='bbox 1717 2441 1852 2473; x_wconf 83' lang='lat' dir='ltr'>quoque</span> 
     </span>
     <span class='ocr_line' id='line_1_93' title="bbox 1057 2475 1851 2517; baseline 0.003 -11"><span class='ocrx_word' id='word_1_570' title='bbox 1057 2476 1256 2507; x_wconf 79' lang='lat' dir='ltr'>muneribus</span> <span class='ocrx_word' id='word_1_571' title='bbox 1306 2493 1335 2496; x_wconf 97' lang='lat'><strong>—</strong></span> <span class='ocrx_word' id='word_1_572' title='bbox 1381 2475 1525 2517; x_wconf 80' lang='lat' dir='ltr'>Culpam</span> <span class='ocrx_word' id='word_1_573' title='bbox 1553 2478 1638 2507; x_wconf 84' lang='lat' dir='ltr'>enim</span> <span class='ocrx_word' id='word_1_574' title='bbox 1663 2481 1756 2508; x_wconf 80' lang='lat' dir='ltr'>habet</span> <span class='ocrx_word' id='word_1_575' title='bbox 1780 2483 1851 2514; x_wconf 80' lang='lat' dir='ltr'>post</span> 
     </span>
     <span class='ocr_line' id='line_1_94' title="bbox 1057 2524 1849 2554; baseline 0.001 -1"><span class='ocrx_word' id='word_1_576' title='bbox 1057 2525 1207 2553; x_wconf 87' lang='lat' dir='ltr'>maritum</span> <span class='ocrx_word' id='word_1_577' title='bbox 1239 2524 1381 2553; x_wconf 87' lang='lat' dir='ltr'>occisum</span> <span class='ocrx_word' id='word_1_578' title='bbox 1418 2531 1528 2552; x_wconf 85' lang='lat' dir='ltr'>amare</span> <span class='ocrx_word' id='word_1_579' title='bbox 1564 2526 1709 2553; x_wconf 86' lang='lat' dir='ltr'>alterum.</span> <span class='ocrx_word' id='word_1_580' title='bbox 1757 2526 1849 2554; x_wconf 82' lang='lat' dir='ltr'>Adde</span> 
     </span>
     <span class='ocr_line' id='line_1_95' title="bbox 1059 2567 1848 2608; baseline 0.001 -11"><span class='ocrx_word' id='word_1_581' title='bbox 1059 2572 1149 2599; x_wconf 81' lang='lat' dir='ltr'>Serv.</span> <span class='ocrx_word' id='word_1_582' title='bbox 1175 2570 1247 2604; x_wconf 81' lang='lat' dir='ltr'>qui:</span> <span class='ocrx_word' id='word_1_583' title='bbox 1276 2567 1439 2608; x_wconf 80' lang='lat' dir='ltr'>.,(&#39;n!pae</span> <span class='ocrx_word' id='word_1_584' title='bbox 1464 2574 1589 2604; x_wconf 87' lang='lat' dir='ltr'>propter</span> <span class='ocrx_word' id='word_1_585' title='bbox 1611 2570 1778 2604; x_wconf 84' lang='lat' dir='ltr'>antiquum</span> <span class='ocrx_word' id='word_1_586' title='bbox 1804 2571 1848 2600; x_wconf 85' lang='lat' dir='ltr'>ri-</span> 
     </span>
     <span class='ocr_line' id='line_1_96' title="bbox 1058 2615 1845 2650; baseline 0 -7"><span class='ocrx_word' id='word_1_587' title='bbox 1058 2620 1140 2648; x_wconf 88' lang='lat' dir='ltr'>tum,</span> <span class='ocrx_word' id='word_1_588' title='bbox 1182 2624 1243 2650; x_wconf 72' lang='lat' dir='ltr'>quo</span> <span class='ocrx_word' id='word_1_589' title='bbox 1267 2617 1504 2649; x_wconf 83' lang='lat' dir='ltr'>repellebantur</span> <span class='ocrx_word' id='word_1_590' title='bbox 1527 2622 1547 2644; x_wconf 86' lang='lat' dir='ltr'>a</span> <span class='ocrx_word' id='word_1_591' title='bbox 1571 2615 1748 2644; x_wconf 86' lang='lat' dir='ltr'>sacerdotio</span> <span class='ocrx_word' id='word_1_592' title='bbox 1771 2616 1791 2643; x_wconf 84' lang='lat' dir='ltr'>i.</span> <span class='ocrx_word' id='word_1_593' title='bbox 1819 2624 1845 2644; x_wconf 89' lang='lat' dir='ltr'>e.</span> 
     </span>
     <span class='ocr_line' id='line_1_97' title="bbox 1057 2660 1842 2690; baseline -0.001 -1"><span class='ocrx_word' id='word_1_594' title='bbox 1057 2662 1216 2690; x_wconf 81' lang='lat' dir='ltr'>fortunam</span> <span class='ocrx_word' id='word_1_595' title='bbox 1250 2661 1437 2689; x_wconf 78' lang='lat' dir='ltr'>muliebrem</span> <span class='ocrx_word' id='word_1_596' title='bbox 1468 2669 1531 2689; x_wconf 87' lang='lat' dir='ltr'>non</span> <span class='ocrx_word' id='word_1_597' title='bbox 1567 2663 1759 2690; x_wconf 80' lang='lat' dir='ltr'>coronabant</span> <span class='ocrx_word' id='word_1_598' title='bbox 1792 2660 1842 2689; x_wconf 86' lang='lat' dir='ltr'>his</span> 
     </span>
     <span class='ocr_line' id='line_1_98' title="bbox 1057 2704 1847 2742; baseline -0.001 -7"><span class='ocrx_word' id='word_1_599' title='bbox 1057 2709 1207 2742; x_wconf 63' lang='lat' dir='ltr'>nuptae.n</span> <span class='ocrx_word' id='word_1_600' title='bbox 1254 2707 1345 2735; x_wconf 79' lang='lat' dir='ltr'>Adde</span> <span class='ocrx_word' id='word_1_601' title='bbox 1369 2707 1461 2735; x_wconf 84' lang='lat' dir='ltr'>Dion.</span> <span class='ocrx_word' id='word_1_602' title='bbox 1482 2708 1553 2735; x_wconf 84' lang='lat' dir='ltr'>Hal.</span> <span class='ocrx_word' id='word_1_603' title='bbox 1570 2704 1601 2742; x_wconf 79' lang='lat'>8,</span> <span class='ocrx_word' id='word_1_604' title='bbox 1623 2704 1677 2741; x_wconf 85' lang='lat'>56,</span> <span class='ocrx_word' id='word_1_605' title='bbox 1709 2707 1790 2734; x_wconf 84' lang='lat' dir='ltr'>unde</span> <span class='ocrx_word' id='word_1_606' title='bbox 1814 2709 1847 2734; x_wconf 79' lang='lat' dir='ltr'>ut</span> 
     </span>
     <span class='ocr_line' id='line_1_99' title="bbox 1058 2751 1845 2781; baseline -0.004 0"><span class='ocrx_word' id='word_1_607' title='bbox 1058 2761 1097 2781; x_wconf 81' lang='lat' dir='ltr'>ex</span> <span class='ocrx_word' id='word_1_608' title='bbox 1127 2753 1203 2781; x_wconf 82' lang='lat' dir='ltr'>aliis</span> <span class='ocrx_word' id='word_1_609' title='bbox 1232 2753 1313 2781; x_wconf 85' lang='lat' dir='ltr'>locis</span> <span class='ocrx_word' id='word_1_610' title='bbox 1340 2752 1389 2780; x_wconf 79' lang='lat' dir='ltr'>bis</span> <span class='ocrx_word' id='word_1_611' title='bbox 1420 2755 1538 2780; x_wconf 83' lang='lat' dir='ltr'>nubere</span> <span class='ocrx_word' id='word_1_612' title='bbox 1567 2751 1755 2780; x_wconf 85' lang='lat' dir='ltr'>mulieribus</span> <span class='ocrx_word' id='word_1_613' title='bbox 1780 2752 1845 2779; x_wconf 84' lang='lat' dir='ltr'>Ro-</span> 
     </span>
     <span class='ocr_line' id='line_1_100' title="bbox 1057 2797 1843 2831; baseline -0.004 -5"><span class='ocrx_word' id='word_1_614' title='bbox 1057 2799 1162 2826; x_wconf 85' lang='lat' dir='ltr'>manis</span> <span class='ocrx_word' id='word_1_615' title='bbox 1192 2806 1254 2826; x_wconf 89' lang='lat' dir='ltr'>non</span> <span class='ocrx_word' id='word_1_616' title='bbox 1283 2799 1430 2826; x_wconf 86' lang='lat' dir='ltr'>decorum</span> <span class='ocrx_word' id='word_1_617' title='bbox 1460 2798 1567 2826; x_wconf 72' lang='lat' dir='ltr'>visum</span> <span class='ocrx_word' id='word_1_618' title='bbox 1590 2804 1662 2825; x_wconf 83' lang='lat' dir='ltr'>esse</span> <span class='ocrx_word' id='word_1_619' title='bbox 1688 2797 1843 2831; x_wconf 69' lang='lat' dir='ltr'>intelligi-</span> 
     </span>
     <span class='ocr_line' id='line_1_101' title="bbox 1056 2838 1847 2880; baseline 0 -9"><span class='ocrx_word' id='word_1_620' title='bbox 1056 2852 1138 2872; x_wconf 86' lang='lat' dir='ltr'>mus.</span> <span class='ocrx_word' id='word_1_621' title='bbox 1178 2858 1215 2862; x_wconf 90' lang='lat'>—</span> <span class='ocrx_word' id='word_1_622' title='bbox 1255 2840 1335 2871; x_wconf 77' lang='lat' dir='ltr'>huic</span> <span class='ocrx_word' id='word_1_623' title='bbox 1362 2840 1424 2870; x_wconf 85' lang='lat' dir='ltr'>uni</span> <span class='ocrx_word' id='word_1_624' title='bbox 1447 2864 1480 2871; x_wconf 92' lang='lat'>..</span> <span class='ocrx_word' id='word_1_625' title='bbox 1510 2839 1645 2880; x_wconf 82' lang='lat' dir='ltr'>culpae·</span> <span class='ocrx_word' id='word_1_626' title='bbox 1698 2839 1735 2870; x_wconf 76' lang='lat'>111</span> <span class='ocrx_word' id='word_1_627' title='bbox 1766 2838 1847 2871; x_wconf 79' lang='lat' dir='ltr'>huic</span> 
     </span>
     <span class='ocr_line' id='line_1_102' title="bbox 1057 2883 1846 2928; baseline 0 -12"><span class='ocrx_word' id='word_1_628' title='bbox 1057 2886 1118 2917; x_wconf 83' lang='lat' dir='ltr'>uui</span> <span class='ocrx_word' id='word_1_629' title='bbox 1152 2885 1274 2928; x_wconf 79' lang='lat' dir='ltr'>culpae</span> <span class='ocrx_word' id='word_1_630' title='bbox 1311 2888 1414 2917; x_wconf 81' lang='lat' dir='ltr'>haesit</span> <span class='ocrx_word' id='word_1_631' title='bbox 1452 2884 1522 2921; x_wconf 91' lang='lat' dir='ltr'>PI.,</span> <span class='ocrx_word' id='word_1_632' title='bbox 1559 2890 1588 2914; x_wconf 89' lang='lat' dir='ltr'>et</span> <span class='ocrx_word' id='word_1_633' title='bbox 1622 2887 1732 2915; x_wconf 80' lang='lat' dir='ltr'>retinet</span> <span class='ocrx_word' id='word_1_634' title='bbox 1767 2883 1846 2916; x_wconf 80' lang='lat' dir='ltr'>haic</span> 
     </span>
     <span class='ocr_line' id='line_1_103' title="bbox 1055 2930 1847 2973; baseline 0 -11"><span class='ocrx_word' id='word_1_635' title='bbox 1055 2931 1117 2962; x_wconf 80' lang='lat' dir='ltr'>uni</span> <span class='ocrx_word' id='word_1_636' title='bbox 1150 2933 1274 2969; x_wconf 63' lang='lat' dir='ltr'>sors-an</span> <span class='ocrx_word' id='word_1_637' title='bbox 1317 2930 1417 2973; x_wconf 77' lang='lat' dir='ltr'>potui</span> <span class='ocrx_word' id='word_1_638' title='bbox 1469 2937 1497 2961; x_wconf 87' lang='lat' dir='ltr'>et</span> <span class='ocrx_word' id='word_1_639' title='bbox 1537 2932 1714 2966; x_wconf 68' lang='lat' dir='ltr'>intelligere</span> <span class='ocrx_word' id='word_1_640' title='bbox 1760 2932 1847 2962; x_wconf 77' lang='lat' dir='ltr'>iubet</span> 
     </span>
     <span class='ocr_line' id='line_1_104' title="bbox 1056 2977 1845 3015; baseline -0.003 -7"><span class='ocrx_word' id='word_1_641' title='bbox 1056 2980 1162 3008; x_wconf 71' lang='lat' dir='ltr'>vinclo</span> <span class='ocrx_word' id='word_1_642' title='bbox 1198 2979 1300 3015; x_wconf 83' lang='lat' dir='ltr'>iugali</span> <span class='ocrx_word' id='word_1_643' title='bbox 1329 2979 1475 3014; x_wconf 86' lang='lat' dir='ltr'>sociare,</span> <span class='ocrx_word' id='word_1_644' title='bbox 1511 2981 1541 3005; x_wconf 82' lang='lat' dir='ltr'>et</span> <span class='ocrx_word' id='word_1_645' title='bbox 1571 2977 1657 3006; x_wconf 88' lang='lat' dir='ltr'>eiicit</span> <span class='ocrx_word' id='word_1_646' title='bbox 1688 2985 1845 3006; x_wconf 85' lang='lat' dir='ltr'>succum-</span> 
     </span>
     <span class='ocr_line' id='line_1_105' title="bbox 1054 3021 1844 3064; baseline -0.001 -11"><span class='ocrx_word' id='word_1_647' title='bbox 1054 3021 1131 3053; x_wconf 84' lang='lat' dir='ltr'>bere</span> <span class='ocrx_word' id='word_1_648' title='bbox 1168 3021 1301 3064; x_wconf 83' lang='lat' dir='ltr'>culpae.</span> <span class='ocrx_word' id='word_1_649' title='bbox 1357 3023 1459 3053; x_wconf 86' lang='lat' dir='ltr'>Ceteri</span> <span class='ocrx_word' id='word_1_650' title='bbox 1498 3026 1609 3051; x_wconf 82' lang='lat' dir='ltr'>tacent.</span> <span class='ocrx_word' id='word_1_651' title='bbox 1663 3024 1705 3052; x_wconf 88' lang='lat' dir='ltr'>At</span> <span class='ocrx_word' id='word_1_652' title='bbox 1740 3023 1844 3059; x_wconf 86' lang='lat' dir='ltr'>expli-</span> 
     </span>
    </p>
   </div>
  </div>
 </body>
</html>
