2023 3350
302 97 383 137 624

864 98 901 128 Ρ.
931 97 1123 130 VIRGILII
1148 99 1354 133 MARONtS

298 210 415 251 Inter
452 223 495 249 sc
530 207 678 248 coiisse
715 207 846 260 viros,
885 212 927 250 et
969 223 1138 252 cernere
1168 211 1292 254 ferro.

297 269 437 319 Atque
472 265 553 315 illi,
587 268 636 305 ut
674 278 807 307 vacuo
851 270 1082 320 patuerunt
1120 281 1303 322 aequore
1345 272 1495 326 campi,

1834 272 1915 311 710

297 324 507 364 Procul-su
545 321 717 375 rapidO,
751 323 953 365 coniectis
989 324 1150 366 eminus
1184 325 1331 377 hastis,

297 379 507 421 Invadunt
534 378 715 420 Martem
754 380 899 434 clipeis
935 385 1064 435 atque
1095 395 1193 424 aere
1232 396 1397 425 sonoro.

296 438 381 477 Dat
416 436 616 489 gemitum
655 436 791 478 tellus.

849 438 953 479 Tum
989 439 1161 480 crebros
1197 439 1365 482 ensibus
1399 441 1508 483 ictus

296 493 619 545 Congeniinant3
654 493 743 536 fors
775 498 817 536 et
853 496 986 538 virtus
1023 497 1252 538 miscentur
1288 497 1332 538 in
1365 512 1505 540 unum.

294 551 355 591 Ac
394 550 508 591 velut
544 551 706 604 ingenti
745 552 832 594 Sila
869 556 1082 595 summove
1118 554 1316 596 Taburno

1831 556 1912 595 715

294 607 430 657 Quum
467 607 552 649 duo
590 609 802 651 conversis
837 610 1010 653 inimica
1044 611 1088 652 in
1128 611 1291 665 proelia
1328 611 1443 652 tauri

291 664 520 706 Frontibus
557 665 802 719 incurrunt;
836 668 979 721 pavidi
1012 682 1175 710 cessere
1213 668 1420 722 magistri,

292 723 388 764 Stat
423 736 550 776 pecus
592 737 714 766 omne
744 728 858 766 metu
894 730 1075 777 mutum,
1110 730 1388 779 mussantque
1419 725 1634 778 iuvencae,

292 779 393 829 Quis
426 780 587 821 nemori
623 781 856 834 imperitet,
892 797 1018 837 quem
1052 787 1146 825 tota
1181 787 1376 825 armenta
1410 787 1663 837 sequantur3

290 837 359 877 Illi
390 837 502 879 inter
538 851 629 879 sese
659 839 793 880 multa
830 840 870 881 vi
911 841 1085 883 volnera
1124 841 1314 892 miscent,

1827 840 1910 879 720

289 894 541 949 Cornuaque
573 894 718 937 obnixi
748 896 930 951 infigunt
967 902 1008 940 et
1044 899 1249 952 sanguine
1286 898 1409 951 largo

289 951 408 994 Colla
436 966 663 1006 armosque
696 954 859 1007 lavant3
897 957 1056 1010 gemitu
1092 970 1241 998 nemus
1277 968 1399 997 omne
1436 954 1636 1008 remugit:

286 1009 383 1050 Non
420 1010 546 1052 aliter
581 1010 686 1052 Tros
721 1012 884 1054 Aeneas
917 1017 959 1054 et
994 1014 1186 1055 Daunius
1227 1013 1354 1055 heros

287 1066 554 1109 Concurrunt
594 1068 765 1122 clipeis,
802 1069 949 1124 ingens
981 1071 1127 1125 fragor
1163 1071 1339 1113 aethera
1376 1068 1570 1123 complet.

285 1124 477 1180 Iuppiter
515 1126 607 1179 ipse
646 1126 751 1168 duas
785 1132 967 1182 aequato
1006 1129 1198 1171 examine
1235 1128 1379 1170 lances

328 1300 405 1330 709.
432 1299 522 1331 coire
545 1311 593 1332 sc.
618 1304 657 1331 ad
682 1309 846 1333 certamen
865 1304 911 1334 cf.
939 1303 970 1341 5,
994 1302 1072 1334 379.

283 1362 327 1366 —
352 1355 488 1376 cernere
524 1347 621 1383 ferro
650 1352 744 1377 Serv.
777 1358 833 1384 pro
877 1348 1070 1386 decernere,

283 1393 366 1427 quod
399 1398 448 1421 est
481 1393 512 1422 in
538 1393 709 1433 Mmflybc
740 1394 896 1429 (cernere
931 1396 964 1424 in
990 1396 1068 1431 Pl.)

281 1443 383 1466 metro
400 1446 570 1476 perverso,
598 1444 629 1468 ut
654 1446 811 1474 appareat
834 1442 983 1470 librarios
1001 1442 1069 1470 usi-

281 1487 382 1511 tatum
419 1481 598 1513 decernere
629 1492 689 1513 suo
721 1488 824 1514 Marte
859 1487 1069 1515 substituisse

280 1529 432 1557 inusitato
459 1536 611 1564 cernere3
643 1531 702 1558 sed
725 1538 860 1560 cernere
883 1533 969 1567 apud
996 1533 1070 1561 Vir-

280 1574 391 1609 gilium
403 1575 526 1603 invenit
550 1578 625 1604 Sen.
640 1577 698 1610 Ep.
715 1575 769 1605 56.
806 1577 860 1605 Sic
875 1578 997 1606 Ennius
1012 1586 1065 1613 ap.

281 1620 347 1649 Cic.
370 1621 427 1648 Off.
447 1620 472 1657 1,
489 1620 526 1648 12
544 1618 658 1656 Ferro,
684 1630 752 1650 non
770 1630 856 1651 auro
872 1621 979 1652 vitam
996 1631 1067 1651 cer-

279 1674 403 1693 namus
441 1663 588 1704 utrt'que.
636 1668 732 1695 Lucr.
762 1665 794 1703 4,
831 1667 895 1696 966
931 1676 1067 1697 cernere

279 1707 414 1739 bellum.
441 1711 585 1746 (plaut.)
607 1713 723 1746 Amph.
758 1720 826 1747 arg.
857 1712 878 1741 2
907 1710 973 1742 Pro
1001 1721 1067 1752 pa-

278 1753 348 1784 tria
389 1753 594 1795 Amphitruo
630 1754 710 1785 (lum
749 1755 857 1786 cernit
893 1767 968 1787 cum
1005 1755 1066 1788 ho-

278 1798 397 1829 stibus.

322 1857 399 1886 710.
430 1856 584 1886 Vacuum
594 1860 839 1895 aequorcatnpi,
852 1862 935 1889 unde
951 1869 1064 1890 omnes

276 1904 329 1932 alii
357 1909 575 1932 recesserant.
606 1906 654 1933 Ita
679 1913 791 1934 uacua
812 1904 907 1934 atria
933 1906 964 1942 2,
985 1906 1064 1935 528.

279 1964 316 1968 ——
346 1957 475 1989 aequor
498 1949 538 1978 cf.
563 1949 594 1985 5,
620 1949 696 1979 456.

319 2005 395 2034 712.
420 2003 593 2035 invadunt
646 2004 811 2047 Martem,
859 2012 890 2036 ut
932 2006 963 2045 9,
1003 2008 1063 2038 186

271 2059 432 2090 pugnam
465 2049 640 2081 invadere.
688 2055 790 2087 Quum
824 2055 939 2083 hastas
970 2055 1063 2090 cupi-

273 2097 346 2125 dius
386 2097 606 2126 coniecissent
648 2106 753 2132 neque
779 2100 962 2134 tetigissent
1004 2101 1062 2135 (de

273 2143 407 2170 Aeneae
438 2145 532 2171 hasta
559 2141 643 2178 772)
670 2145 909 2181 adversarium,
953 2147 1061 2174 statim

271 2189 420 2216 cominus
451 2194 594 2223 pugnant
620 2190 735 2224 clipeis
762 2191 975 2226 compressis.
1011 2189 1060 2220 Pl.

271 2234 325 2267 qui
350 2234 451 2262 addit:
473 2256 492 2270 ,‚
509 2231 547 2263 ⁸1.
564 2232 736 2264 invadunt
761 2234 1059 2275 clipeisintellectu

271 2279 397 2308 difficile
415 2287 475 2308 nec
501 2287 560 2308 suo
582 2282 655 2309 loco
682 2282 831 2316 positum.
871 2280 940 2311 Dat
958 2280 1061 2312 tellus

269 2323 438 2365 gemitum
470 2327 508 2354 ab
541 2327 602 2355 hoc
634 2328 707 2355 loco
735 2328 876 2356 alienum
907 2334 968 2366 est,
1000 2329 1059 2357 im·

269 2371 379 2405 primis
405 2379 501 2405 quum
526 2379 603 2400 mox
627 2379 800 2406 sequatur:
826 2371 952 2414 ingens
971 2372 1000 2410 f.
1027 2383 1060 2404 a.

269 2416 321 2445 e.“
365 2416 478 2452 (724)
525 2423 554 2445 et
600 2419 695 2447 eiecit
730 2416 852 2458 clipeis
876 2434 919 2439 —
942 2416 1056 2449 tellus.

268 2463 360 2491 Vana
397 2465 479 2491 haec
520 2467 595 2492 sunt
636 2464 752 2492 omnia.
819 2465 921 2493 Gemit
970 2470 1058 2494 terra

267 2510 364 2543 pulsu
389 2510 505 2544 pedum
531 2513 564 2537 ut
589 2507 666 2537 334.
693 2509 733 2538 cf.
761 2508 791 2545 3,
814 2510 889 2539 555.

314 2552 388 2582 714.
414 2557 555 2583 Fortuna
579 2559 609 2582 et
632 2555 735 2584 virtus
763 2556 860 2584 simul
892 2556 1053 2585 dimicant.

266 2601 324 2629 His
352 2600 462 2628 verbis
487 2601 549 2629 iam
570 2600 610 2635 iS,
637 2601 690 2634 qui
716 2601 823 2630 victus
850 2602 919 2639 erit,
950 2610 1054 2631 excu-

266 2651 366 2675 satur.
420 2647 525 2680 Quare
564 2647 648 2674 male
684 2643 732 2675 ΡΙ.
772 2647 856 2675 coni.
899 2654 956 2676 ars
995 2656 1052 2683 pro

258 2691 349 2730 sors.
383 2692 490 2725 aitque
517 2689 627 2728 „Fors
649 2700 712 2721 non
736 2697 787 2721 est
815 2693 846 2721 in
877 2698 1053 2727 protestate

264 2735 487 2766 certantium.“
539 2739 656 2766 Verum
685 2739 715 2767 id
757 2739 895 2775 quidem,
936 2741 994 2768 sed
1021 2740 1051 2767 id

263 2784 368 2817 ipsum
400 2783 563 2817 spectavit
589 2784 660 2818 vgl.
711 2799 755 2803 —-
798 2781 986 2813 miscentur
1015 2782 1050 2813 in

266 2838 366 2857 unum
390 2829 431 2857 cf.
458 2830 489 2863 9,
510 2828 586 2856 801.

310 2874 384 2902 715.
412 2883 459 2908 sq.
483 2875 657 2910 Splendida
687 2874 814 2911 imago,
853 2883 1048 2910 quamquam

266 2920 302 2947 ad
328 2924 472 2948 nostrum
497 2928 631 2950 sensum
663 2929 727 2950 non
757 2925 954 2958 comparata,
995 2922 1049 2956 qui

264 2964 341 2991 talia
360 2967 482 2998 proelia
507 2967 620 2995 videre
646 2974 708 2995 non
735 2968 892 2995 solemus.
909 2982 952 2987 —
970 2964 1048 2995 Sita

265 3009 351 3037 silva
383 3013 432 3037 est
464 3012 496 3039 in
529 3012 674 3041 Bruttiis.
722 3012 802 3041 Plin.
837 3013 903 3041 NH.
937 3011 968 3049 3,
999 3011 1048 3041 to.

1827 1125 1908 1165 725

1120 1307 1237 1340 Georg.
1253 1304 1283 1341 3,
1297 1303 1378 1333 219.
1395 1318 1432 1323 —-
1456 1299 1649 1339 Taburnus,
1664 1308 1758 1330 mons
1775 1299 1908 1337 Samnii,

1118 1359 1182 1380 non
1209 1352 1322 1386 procul
1347 1357 1366 1379 a
1387 1348 1525 1378 furculis
1551 1347 1717 1377 Caudinis.

1163 1416 1241 1447 717.
1277 1416 1446 1459 Magistri
1470 1417 1599 1454 pecoris
1622 1420 1774 1452 pastores
1804 1421 1906 1450 saepe

1116 1464 1267 1492 dicuntur
1290 1464 1330 1493 cf.
1356 1466 1393 1493 E.
1417 1464 1449 1501 ’2,
1475 1463 1528 1493 33.
1553 1463 1585 1501 3,
1614 1461 1690 1491 101.
1725 1462 1785 1490 Ον.
1811 1462 1846 1490 1³⁸.
1873 1459 1905 1498 4,

1115 1506 1191 1537 747.
1218 1510 1286 1538 Tib.
1314 1508 1345 1547 2,
1370 1509 1402 1546 5,
1429 1508 1482 1538 35.

1159 1563 1235 1593 718.
1260 1568 1416 1595 mussant
1447 1565 1487 1595 cs.
1524 1564 1580 1602 tt,
1611 1563 1688 1594 345.
1717 1580 1761 1584 —
1791 1565 1905 1599 Itaque

1113 1613 1242 1640 Turnus
1274 1616 1338 1640 tam
1371 1619 1430 1647 par
1466 1615 1515 1640 est
1546 1612 1695 1648 Aeneae,
1736 1614 1767 1639 ut
1805 1610 1904 1639 dubia

1113 1657 1263 1685 videatur
1284 1665 1361 1686 esse
1388 1657 1534 1686 victoria.

1159 1710 1234 1742 719.
1261 1711 1339 1752 quis
1375 1722 1438 1742 non
1476 1717 1629 1741 accurate
1662 1713 1799 1748 dictum,
1842 1721 1900 1748 pro

1112 1761 1190 1787 uter
1214 1765 1245 1786 ut
1276 1756 1341 1786 727
1366 1766 1474 1797 quem.
1514 1758 1568 1787 Sic
1592 1759 1687 1788 Caes.
1713 1759 1779 1787 BG.
1800 1758 1832 1796 5,
1857 1757 1901 1787 44

1112 1803 1234 1840 (Pulfio
1267 1809 1297 1832 et
1332 1804 1505 1839 Varenus]
1542 1807 1718 1839 perpetuas
1749 1804 1832 1833 inter
1862 1812 1901 1833 se

1111 1849 1359 1878 controversias
1405 1851 1582 1887 habebant,
1628 1849 1757 1884 quinam
1807 1854 1900 1878 ante-

1110 1895 1258 1924 ferretur.

1156 1950 1232 1981 723.
1260 1955 1331 1981 Non
1366 1951 1437 1980 sine
1472 1951 1613 1981 consilio
1646 1955 1816 1987 utrumque
1852 1951 1900 1981 si-

1110 1998 1219 2033 gnavit
1244 2003 1341 2033 poeta
1365 1998 1504 2032 origine.
1544 1997 1585 2026 cf.
1611 1996 1689 2026 707.

1155 2054 1232 2084 725.
1259 2057 1312 2085 Ad
1325 2056 1452 2084 modum
1468 2055 1599 2084 Homeri
1609 2055 1679 2089 vgl.
1694 2054 1768 2083 facit
1782 2055 1897 2084 Iovem

1108 2101 1175 2130 fata
1209 2101 1422 2136 pugnantium
1457 2101 1608 2130 lancibus
1645 2101 1896 2135 expendentem.

1107 2147 1148 2175 cf.
1178 2149 1215 2176 It.
1245 2147 1299 2184 22,
1328 2145 1395 2175 209
1426 2155 1474 2181 sq.
1520 2145 1667 2182 Iuppiter
1705 2145 1789 2174 enim
1832 2154 1897 2175 non

1106 2193 1178 2227 ipse
1204 2194 1257 2221 dat
1284 2193 1362 2227 fata,
1390 2194 1449 2221 sed
1468 2192 1639 2227 cognoscit
1662 2192 1756 2220 modo
1778 2195 1809 2219 et
1833 2199 1894 2220 ex-

1107 2239 1255 2272 sequitur
1290 2239 1359 2267 Fati
1398 2240 1600 2266 voluntatem
1628 2236 1689 2272 (cf.
1721 2236 1753 2273 3,
1783 2236 1894 2274 2503

1106 2292 1207 2318 quare
1248 2284 1398 2312 homines
1437 2289 1526 2312 recte
1561 2283 1658 2312 etiam
1690 2282 1781 2311 Iovis
1815 2290 1894 2312 esse

1106 2329 1171 2358 fata
1208 2330 1333 2364 dicunt;
1382 2336 1456 2358 nam
1494 2337 1551 2364 per
1574 2330 1687 2357 Iovem
1719 2328 1891 2364 accipiunt.

1105 2378 1185 2404 Sero
1211 2380 1319 2404 tamen
1343 2377 1451 2404 lovem
1478 2374 1579 2403 fatum
1595 2375 1780 2412 exquirere,
1807 2375 1893 2409 quod

1103 2421 1166 2449 iam
1186 2428 1216 2450 v.
1233 2420 1295 2449 150
1308 2423 1389 2450 Iuno
1415 2420 1525 2457 sciret,
1550 2420 1674 2449 notavit
1699 2422 1840 2449 Macrob.
1860 2420 1893 2457 5,

1107 2465 1158 2495 13.
1205 2467 1246 2495 At
1277 2471 1390 2503 poeta,
1429 2473 1524 2501 quum
1557 2466 1808 2501 congrediantur
1832 2467 1891 2494 ho—

1102 2513 1217 2546 mines,
1261 2513 1410 2547 insignes
1449 2512 1574 2540 viribus
1620 2516 1651 2540 et
1693 2510 1892 2546 fortitudine,

1100 2558 1207 2593 ipsum
1227 2560 1350 2595 lovem,
1364 2565 1459 2591 quum
1474 2565 1532 2586 eos
1558 2557 1640 2586 inter
1662 2564 1698 2586 se
1714 2562 1891 2595 comparet,

1100 2604 1230 2632 dubium
1261 2612 1340 2632 esse
1370 2603 1467 2638 fingit,
1508 2603 1567 2631 utri
1600 2603 1740 2631 victoria
1767 2603 1809 2632 sit
1833 2604 1891 2632 de-

1098 2649 1227 2678 stinata.
1271 2652 1396 2678 Tantus
1423 2648 1451 2676 ei
1475 2650 1605 2678 Turnus
1630 2649 1767 2677 videtur.
1801 2650 1890 2678 'ran-

1099 2700 1208 2729 topere
1237 2694 1333 2728 igitur
1370 2699 1536 2729 praestant
1576 2694 1597 2722 ii
1637 2694 1713 2732 viri,
1756 2697 1788 2722 ut
1823 2701 1889 2723 nott

1099 2743 1205 2769 solum
1231 2741 1348 2769 milites
1392 2747 1504 2768 omnes
1534 2739 1626 2768 anxii
1662 2739 1886 2773 constiterint;

1098 2787 1156 2814 sed
1180 2786 1252 2820 ipse
1277 2790 1407 2820 stupeat
1431 2785 1581 2821 Latinus,
1606 2789 1636 2813 et
1659 2793 1718 2814 rex
1736 2791 1884 2814 summus

1097 2833 1249 2868 deorum,
1291 2831 1430 2860 fatorum
1471 2835 1579 2860 rector
1618 2835 1650 2859 et
1687 2832 1883 2866 gubernator

1095 2881 1282 2913 moveatur,
1316 2884 1448 2911 remque
1474 2876 1538 2905 iam
1563 2880 1638 2905 ante
1664 2875 1881 2904 certissimam

1092 2923 1207 2951 iterum
1250 2924 1408 2957 exploret.
1453 2922 1607 2957 „Frigent
1651 2923 1750 2956 haec,
1809 2927 1883 2949 vss.

1094 2965 1272 2996 725—27“
1287 2965 1370 3008 Wg.
1380 2969 1430 2996 ed.
1442 2968 1517 2996 min.
1528 2981 1569 2986 —
1580 2963 1752 2996 examine:
1771 2967 1883 3001 „sxa-

1094 3021 1167 3043 men
1178 3013 1306 3049 proprie
1315 3017 1365 3042 est
1375 3013 1460 3042 filum
1471 3020 1534 3048 quo
1544 3011 1661 3041 trutina
1669 3010 1822 3046 reguum
1850 3013 1882 3040 S.
