2023 3350
701 82 939 116 AENEIDOS
968 84 1054 117 LIB.
1086 84 1165 117 vll.

1676 83 1758 123 379

99 197 264 241 Accola
295 196 522 248 Volturni,
563 197 816 251 pariterque
853 197 1069 240 Saticulus
1106 212 1246 253 asper,

101 257 399 310 Oscorumque
433 269 598 296 manus.

658 255 831 297 Teretes
867 260 968 298 sunt
1006 255 1170 298 aclides
1207 256 1294 298 illis

1679 258 1760 296 730

100 315 226 366 Tela,
269 314 345 356 sed
380 313 488 355 haec
522 313 642 354 lento
683 328 777 355 mos
815 319 879 355 est
914 317 1068 368 aptare
1104 314 1292 368 flagello.

100 373 266 415 Laevas
304 374 426 413 cetra
463 371 593 424 tegit;
636 370 787 414 falcati
825 373 1062 413 comminus
1097 386 1230 414 enses.

216 431 306 471 Nec
344 433 394 470 tu
435 428 700 471 carminibus
732 430 895 472 nostris
932 430 1120 472 indictus
1157 429 1310 481 abibis,

101 487 282 539 Oebale,
325 500 454 541 quem
492 500 720 540 generasse
750 488 883 530 Telon
920 487 1152 530 Sebethide
1186 488 1377 542 nympha

99 546 276 597 Fertur,
319 543 552 586 Teleboum
595 545 785 599 Capreas
825 560 956 600 quum
997 559 1132 600 regna
1169 549 1348 598 teneret,
1679 552 1715 589 7·
1741 552 1755 559 ”

1708 552 1730 590 02

1737 563 1760 589 Ε]

100 605 191 645 Iam
234 602 399 653 senior;
438 603 595 657 patriis
632 603 707 645 sed
743 618 829 646 non
863 607 905 645 et
941 603 1055 645 filius
1097 604 1212 645 arvis

101 661 340 704 Contentus
378 660 467 702 late
502 661 590 702 iam
628 665 720 703 tum
753 662 923 704 dicione
959 661 1185 716 premebat

101 718 328 774 Sarrastes
361 718 547 772 populos
585 722 628 760 et
666 733 779 773 quae
815 721 934 774 rigat
970 733 1165 773 aequora
1203 719 1377 769 Sarnus,

101 777 271 831 Quique
306 776 464 818 Rufras
503 777 796 832 Batulumque
833 781 982 820 tenent
1021 781 1152 831 atque
1192 791 1296 818 arva
1329 777 1565 829 Celemnae,

100 835 158 876 Et
194 849 303 889 quos
338 834 564 876 maliferae
600 835 857 890 despectant
891 836 1062 877 moenia
1094 835 1294 877 Abellae:

1679 840 1762 878 740

102 893 337 936 Teutonico
378 893 466 934 ritu
502 893 621 934 soliti
654 899 859 949 torquere
899 893 1083 946 cateias;

102 1021 178 1053 456.
201 1039 239 1044 —
259 1024 323 1052 Per
342 1025 420 1053 hoc:
449 1021 578 1063 quique
602 1022 636 1053 C.
664 1021 708 1060 l.‚·
731 1030 806 1054 ante
826 1026 909 1060 quod

101 1078 159 1099 eos
201 1070 360 1099 omissum
399 1078 441 1099 ex
479 1078 567 1099 more
603 1075 667 1106 est,
718 1071 827 1100 facilis
860 1075 908 1099 est

100 1117 260 1145 transitus
280 1117 320 1144 ad
340 1116 573 1145 nominativos.
594 1125 692 1151 quum
713 1117 794 1145 illud
815 1114 909 1155 rapit

101 1171 133 1191 v.
152 1160 218 1190 725
241 1162 471 1191 accusativum
487 1163 640 1197 requirat.
680 1163 908 1191 Nominativus

101 1209 148 1237 ita
170 1209 204 1237 ln
232 1208 439 1237 enarratione
463 1210 653 1244 absolutus3
689 1209 728 1238 cf.
758 1207 795 1244 2,
833 1206 907 1237 170.

104 1270 143 1274 —
186 1252 305 1290 Cales,
346 1253 467 1289 [Calvi
504 1255 538 1282 in
571 1259 656 1283 terra
693 1256 726 1283 di
756 1255 906 1290 Lavoro]

102 1303 181 1330 urbs
208 1301 426 1336 Campaniae;
455 1300 682 1335 municipium.

147 1344 224 1375 729.
259 1344 454 1375 Vulturnus
481 1342 715 1384 (Volturno).
744 1361 782 1366 —
811 1343 908 1374 Sali-

101 1390 201 1421 culus
221 1389 374 1432 populus
398 1393 573 1421 Ausonum
599 1393 631 1420 in
652 1392 853 1427 Campaniae
880 1396 909 1420 et

102 1438 229 1467 Samnii
256 1438 435 1468 confinibus
475 1438 508 1466 in
540 1440 703 1467 montibus
743 1438 907 1467 habitans.

102 1485 188 1514 Urbs
214 1485 377 1520 Saticula,
417 1485 449 1513 in
476 1491 574 1518 quam
601 1486 751 1514 Romana
779 1485 908 1514 colonia

102 1532 239 1561 deducta
270 1535 318 1560 est
347 1531 432 1559 Veli.
466 1527 500 1566 1,
535 1527 597 1567 14,
639 1540 724 1560 inune
760 1528 907 1560 caserta

108 1573 271 1613 lf'ecchio,
308 1580 363 1605 aut
401 1574 625 1615 Sauignano.
669 1593 707 1597 -—
745 1577 834 1611 Quod
875 1577 908 1605 in

100 1623 267 1652 montibus
287 1623 446 1660 habitant,
474 1623 584 1658 asperi
609 1623 770 1652 dicuntur.
815 1625 908 1652 Serv.

100 1670 244 1704 explicat
272 1676 376 1709 asper
396 1666 551 1697 moribus
577 1674 609 1698 ut
638 1667 714 1698 647.

149 1713 226 1744 730.
259 1711 425 1743 Oscorum
472 1723 598 1744 manus
641 1715 795 1751 intelligit
838 1715 910 1743 sine

103 1761 199 1789 dubio
231 1762 364 1795 Capuae
400 1760 537 1789 incolas.
583 1776 621 1780 —
667 1758 806 1789 Aclicles
845 1762 910 1789 tela

103 1811 195 1842 sunt,
221 1811 254 1834 ut
279 1815 322 1835 ex
347 1806 490 1842 Virgilio
516 1811 618 1842 patet,
644 1814 727 1841 quae
750 1808 819 1835 loro
843 1807 911 1834 illi-

103 1857 181 1888 gata
206 1852 378 1881 iaciuntur.
429 1854 521 1880 Serv.
547 1852 592 1880 ita
617 1853 780 1886 explicat:
826 1853 911 1887 „Le-

103 1899 207 1935 gitur,
240 1899 323 1933 quod
353 1899 419 1926 sint
450 1899 568 1927 clavae
600 1898 706 1926 cubito
733 1898 832 1927 semis
861 1898 911 1927 fa-

103 1950 192 1981 ctae,
226 1944 442 1972 eminentibus
471 1944 546 1973 hinc
578 1948 608 1972 et
641 1945 716 1973 hinc
748 1945 912 1973 acumini-

103 1993 183 2026 bus,
217 1998 300 2025 quae
330 1991 376 2018 ita
397 1990 431 2017 in
455 1992 581 2018 hostem
602 1990 767 2019 iaciuntur
790 1991 911 2025 religa-

103 2041 156 2066 tae
186 2038 254 2065 loro
287 2037 342 2064 vel
367 2036 451 2071 lino,
488 2040 521 2064 ut
552 2036 693 2070 peractis
717 2037 910 2065 vulneribus

104 2083 232 2118 possint
250 2083 291 2111 ad
313 2082 460 2111 dominos
479 2083 616 2110 redire*
643 2084 674 2110 S.
716 2079 838 2110 Aclisle
860 2079 911 2110 vel

106 2126 202 2158 tenui
220 2136 372 2166 pugnax
388 2125 522 2156 instare
540 2130 669 2156 veruto.
709 2128 767 2156 Sil.
786 2126 816 2163 3,
835 2126 910 2157 363.

151 2172 229 2202 732.
263 2172 367 2203 Cetra
397 2179 548 2206 „scutum
577 2175 701 2202 loreum
727 2182 788 2209 quo
814 2179 913 2203 utun-

104 2224 157 2249 tur
187 2220 263 2249 Afri
294 2224 324 2249 et
351 2220 526 2254 Hispani.“
565 2222 595 2248 S.
653 2221 769 2251 ..Pelia
805 2225 912 2249 cetrae

105 2268 192 2295 hand
222 2266 396 2294 dissimilis
428 2266 499 2295 est-⁵
531 2266 604 2294 Liv.
640 2264 699 2301 28,
737 2266 766 2294 5.
817 2268 913 2296 Cetra

106 2312 166 2341 fuit
182 2313 402 2347 Hispanorum
419 2313 512 2341 Caes.
533 2313 596 2341 BC.
620 2310 649 2343 1,
675 2310 727 2341 39.
753 2309 806 2341 48.
853 2313 911 2341 Sil.

108 2356 161 2393 10,
182 2356 259 2386 230.
308 2358 467 2387 Afrorum
485 2359 544 2387 Sil.
567 2357 597 2395 3,
621 2356 697 2386 278.
739 2359 914 2387 Britanno-

106 2412 179 2434 rum
202 2405 279 2433 Tac.
307 2405 385 2440 Agr.
421 2403 473 2433 36.
518 2406 733 2434 Macedonum
757 2405 832 2433 Liv.
862 2403 915 2441 33,

106 2448 137 2479 S.
193 2451 401 2479 Achaeorum
426 2449 486 2483 35,
522 2449 575 2479 30.
625 2453 744 2480 Postea
771 2453 827 2480 vel
855 2452 915 2480 im-

106 2501 236 2532 perator
263 2497 368 2532 gessit
393 2497 547 2533 Caligula
578 2497 617 2526 ef.
649 2499 736 2526 Suet.
777 2495 825 2525 19.
876 2498 917 2526 Ut

107 2548 197 2572 cetra
228 2542 371 2571 maxime
405 2545 616 2572 barbarorum
641 2544 771 2572 videtur
801 2543 915 2575 fnisse.

106 2590 154 2618 ita
177 2589 277 2618 etiam
308 2588 423 2617 falcati
454 2597 566 2625 enses,

106 2637 192 2671 apud
218 2634 321 2664 Afros
348 2635 406 2663 Sil.
436 2635 457 2663 1.
492 2636 513 2663 l.
564 2636 662 2664 Getas
686 2637 764 2664 Stat.
792 2637 915 2665 Achill.

109 2680 146 2716 2,
181 2679 258 2710 419.
307 2681 413 2709 Etiam
449 2688 502 2715 ap.
534 2682 761 2710 salernitanos
792 2682 850 2710 Sil.
882 2680 914 2718 8,

109 2726 186 2763 585,
213 2727 268 2762 qui
293 2732 369 2755 sunt
392 2727 478 2755 Osci.
505 2741 542 2746 —
564 2724 699 2764 falcati
724 2726 916 2756 comminus

107 2782 216 2802 enses.
266 2773 441 2802 Affectavit
463 2772 673 2808 varietate1n3
699 2780 776 2802 nam
800 2782 916 2803 couse-

106 2828 211 2854 quens
235 2820 343 2848 fuerat
367 2823 400 2848 ut
425 2819 561 2848 diceret:
606 2816 750 2848 dextras
772 2822 916 2850 armant

107 2863 230 2906 gladii
249 2864 305 2904 f.“
331 2867 362 2894 S.
391 2865 431 2895 cf.
458 2862 535 2893 728.

295 2943 511 2975 733—743.
563 2941 730 2975 Oebalus.

141 3000 232 3058 ⁶733.
261 3000 417 3034 indictus
448 3000 560 3033 abibis
591 3003 631 3032 cf.
659 3001 697 3041 2,
732 3000 808 3032 169.
862 3001 920 3033 In-

614 2590 670 2624 qui
696 2594 917 2619 memorantur

957 1023 1074 1055 dictus
1105 1026 1151 1055 ita
1173 1033 1272 1060 saepe
1297 1033 1349 1059 ap.
1376 1024 1467 1061 Liv.,
1500 1026 1556 1059 qui
1583 1026 1682 1055 etiam
1709 1025 1763 1059 22,

957 1070 998 1100 39
1022 1079 1074 1100 me
1099 1069 1274 1100 indicente
1297 1071 1425 1099 videtur
1447 1071 1584 1107 dixisse,
1612 1075 1694 1107 quod
1717 1075 1764 1102 le-

955 1119 1042 1154 gitur
1065 1125 1116 1152 ap.
1144 1119 1215 1146 Ter.
1240 1117 1302 1145 Ad.
1332 1114 1367 1152 3,
1396 1114 1433 1151 4,
1460 1114 1502 1144 62
1535 1126 1603 1146 non
1631 1127 1684 1147 me
1710 1117 1764 1147 in-

957 1161 1093 1192 dicente
1117 1160 1203 1191 haec
1226 1160 1336 1202 fiunt.
1387 1163 1434 1191 cf.
1462 1160 1597 1192 indicta
1625 1173 1763 1193 caussa.

1002 1207 1079 1237 735.
1113 1206 1302 1237 Teleboae:
1345 1209 1479 1245 Pelasgi
1504 1210 1616 1240 relicta
1641 1212 1764 1246 Tapho,

956 1263 1024 1284 una
1073 1264 1115 1284 ex
1158 1255 1380 1284 Echinadibus
1428 1256 1554 1291 insula,
1604 1257 1765 1291 Capream

957 1297 1118 1339 (Capri)
1156 1302 1301 1330 insulam
1328 1302 1516 1330 Surrentino
1547 1304 1765 1337 promontorio

955 1348 1138 1382 oppositam
1169 1355 1380 1382 occupavere.
1429 1349 1550 1377 Eorum
1580 1357 1637 1377 rex
1663 1351 1764 1378 Telon

956 1402 998 1422 ex
1025 1394 1195 1423 Sebethide
1219 1396 1366 1429 nympha
1401 1393 1494 1422 fluvii
1519 1396 1667 1426 Sebethi.
1709 1396 1765 1431 qui

955 1440 997 1468 ad
1022 1440 1181 1475 Neapolin
1208 1444 1255 1468 est
1282 1439 1390 1475 (nunc
1420 1437 1566 1470 Sebcllto
1597 1446 1626 1470 et
1651 1440 1765 1480 fiumc

957 1482 1052 1514 della
1085 1483 1345 1522 vaddoleno),
1380 1488 1536 1516 Oebalum
1569 1489 1765 1524 procreavit,

956 1532 1011 1566 qui
1037 1540 1101 1560 non
1122 1537 1291 1561 contentus
1316 1533 1421 1567 patrio
1448 1541 1564 1569 regno,
1595 1536 1766 1563 continen-

955 1578 998 1606 tis
1036 1578 1156 1607 Italiae
1198 1580 1335 1614 populos
1377 1580 1515 1615 subegit.
1580 1582 1669 1610 Haec
1711 1582 1765 1610 dat

957 1629 1069 1659 poeta;
1102 1625 1235 1653 aliunde
1266 1625 1349 1653 nihil
1386 1625 1535 1654 innotuit.
1585 1627 1686 1656 Alius
1717 1632 1765 1656 est

957 1672 1101 1699 Oebalus
1131 1680 1191 1700 rex
1214 1672 1564 1707 Lacedaemoniorum,
1595 1680 1614 1702 a
1648 1675 1767 1708 quibus

958 1724 1057 1751 quum
1093 1717 1208 1745 Sabini
1240 1718 1301 1745 orti
1332 1725 1406 1746 esse
1441 1718 1638 1757 dicerentur,
1686 1720 1767 1749 Ovi-

959 1762 1032 1790 dius
1065 1763 1100 1791 T.
1131 1763 1261 1791 Tatium
1291 1763 1486 1792 Sabinorum
1522 1773 1630 1798 regem
1672 1769 1767 1795 vocat

965 1804 1150 1836 Oebalium
1177 1809 1265 1836 Fast.
1298 1806 1329 1843 l,
1357 1806 1421 1835 260
1449 1814 1477 1837 et
1501 1811 1669 1839 Romanas
1695 1819 1767 1840 ma-

959 1858 1069 1882 tronas
1099 1850 1284 1882 Oebalides
1309 1856 1441 1882 matres
1465 1853 1500 1890 3,
1529 1853 1604 1885 230.

1006 1896 1082 1927 737.
1111 1896 1249 1927 dicione
1275 1907 1431 1939 premere
1458 1901 1496 1930 cf.
1526 1898 1584 1935 10,
1612 1900 1665 1931 54.

1005 1943 1082 1973 738.
1114 1942 1298 1973 Sarrastes
1321 1953 1341 1974 a
1362 1948 1465 1975 Sarno
1489 1948 1690 1983 Campaniae
1708 1949 1767 1978 flu-

960 1991 1015 2020 vio
1043 1988 1212 2029 (Sarno)
1239 1992 1342 2020 dictos
1374 1993 1492 2027 accipit
1521 1995 1677 2029 Servius;
1721 2000 1767 2025 te—

958 2038 1039 2066 stari
1071 2038 1157 2066 enim
1191 2038 1370 2070 Cononem,
1404 2040 1563 2075 Pelasgos
1596 2050 1637 2070 ex
1668 2043 1767 2070 Pelo-

959 2092 1102 2118 ponneso
1126 2084 1167 2111 ad
1194 2092 1267 2112 enm
1292 2085 1400 2113 locum
1426 2086 1575 2118 venisse:
1603 2088 1658 2122 qui
1685 2088 1767 2117 inter

960 2130 1029 2158 alia
1071 2130 1189 2164 oppida
1227 2131 1400 2159 Nuceriam
1437 2132 1636 2161 condiderint
1667 2131 1767 2172 (No-

961 2172 1074 2212 cera).
1125 2177 1282 2204 Memorat
1307 2184 1362 2204 eos
1388 2177 1446 2205 Sil.
1472 2176 1510 2214 8,
1538 2176 1615 2207 538.

1007 2218 1084 2249 739.
1116 2217 1252 2257 Rufrae
1311 2218 1553 2261 Batulumque
1607 2227 1770 2257 „castella

962 2266 1164 2301 Campaniae
1189 2264 1297 2295 sunt.“
1316 2283 1355 2287 —
1382 2265 1478 2296 Arva
1500 2265 1674 2298 Celerinae
1698 2273 1769 2305 „lo-

961 2321 1020 2343 cus
1045 2316 1093 2341 est
1118 2313 1319 2347 Campaniae
1344 2314 1461 2341 Iunoni
1487 2316 1614 2343 sacer.“
1649 2318 1679 2344 S.
1730 2319 1768 2345 In

963 2359 1174 2394 Hirpinorum
1200 2359 1318 2387 finibus
1341 2364 1369 2387 et
1391 2360 1587 2389 Samnitium
1611 2366 1769 2396 potestate

963 2406 1115 2434 videntur
1139 2405 1254 2433 fuisse.
1290 2420 1329 2424 —
1365 2402 1549 2434 Celemnae
1572 2405 1678 2437 M2Rc
1704 2417 1768 2437 rec.

966 2448 1029 2480 Rb.
1063 2447 1124 2479 Ld.
1182 2448 1305 2480 Celene
1329 2448 1395 2479 311.
1452 2448 1624 2481 Celerinae
1647 2456 1738 2491 vulg.

1009 2494 1087 2525 740.
1115 2504 1200 2536 quos
1219 2494 1433 2536 despectant.
1458 2498 1513 2532 qui
1532 2500 1652 2528 circum
1668 2501 1770 2530 Abel-

962 2545 1030 2572 lam
1064 2543 1222 2572 habitant.
1257 2559 1294 2562 —
1330 2540 1474 2572 Abellae
1505 2545 1699 2575 Samnitium
1735 2547 1770 2575 in

962 2595 1070 2619 monte
1088 2593 1288 2618 exstructum
1306 2585 1456 2623 (Avella
1483 2587 1654 2630 l’ccchia)
1672 2601 1770 2627 prope

964 2638 1096 2671 Nolam3
1130 2636 1214 2664 inter
1242 2635 1508 2663 Chalcidensium
1542 2638 1688 2667 colonias
1719 2648 1770 2667 re-

963 2683 1064 2711 fertur
1095 2689 1116 2711 a
1139 2683 1218 2710 lust.
1246 2679 1305 2716 20,
1341 2677 1367 2709 l.
1416 2682 1494 2710 Inde
1524 2691 1639 2712 nomen
1670 2685 1771 2713 traxit

962 2737 1033 2758 nux
1058 2729 1247 2761 Avellana,
1281 2727 1478 2756 Haseluuss.
1535 2730 1597 2758 Pro
1625 2727 1771 2759 Abellae

963 2783 1027 2804 rec.
1063 2771 1127 2802 Rb.
1171 2781 1287 2802 nomen
1324 2774 1421 2807 plane
1457 2774 1600 2810 ignotum
1636 2772 1770 2813 Bonae,

963 2821 1046 2855 quod
1080 2822 1197 2848 habent
1236 2819 1334 2857 „libri
1372 2823 1524 2855 quotquot
1563 2822 1771 2851 innotuerunt.

963 2864 1108 2896 omnes“.

1011 2908 1089 2940 741.
1117 2907 1214 2940 soliti
1244 2919 1288 2940 sc.
1322 2915 1398 2939 sunt
1431 2915 1459 2940 et
1491 2913 1617 2952 raptus
1649 2920 1694 2941 sc.
1724 2916 1773 2941 est

965 2959 1005 2988 cf.
1033 2957 1063 2993 5,
1089 2955 1164 2985 362.
1191 2972 1229 2977 -—
1256 2953 1400 2986 Careiae
1425 2959 1511 2991 „tela
1537 2958 1668 2987 Gallica
1687 2959 1772 2987 unde

967 3009 997 3034 et
1022 3004 1235 3033 Teutonicum
1259 3004 1357 3032 ritum
1382 3001 1498 3033 dixit.“
1521 3006 1553 3033 S.
1604 3005 1694 3039 Quae
1719 3012 1773 3034 se-
