2023 3350
633 74 862 108 AENEIDOS
892 78 974 110 LIB.
1006 79 1084 111 XII.

52 182 215 229 Pabula
255 201 388 242 parva
422 187 564 240 legens
599 186 793 241 nidisque
831 189 1079 243 loquacibus
1117 206 1254 245 escas,

1590 87 1668 128 611

1587 201 1668 239 475

52 245 109 286 Et
140 259 251 286 nunc
289 243 524 299 porticibus
556 244 719 294 vacuis,
757 260 865 287 nunc
900 247 1074 290 humida
1112 250 1270 292 circum

53 303 215 356 Stagna
253 305 397 344 sonat:
433 300 582 342 similis
619 301 779 344 medios
820 304 999 347 Iuturna
1038 319 1115 359 per
1150 307 1294 349 hostes

52 360 206 401 Fertur
239 359 377 413 equis,
417 357 653 412 rapidoque
692 360 839 403 volans
879 362 969 403 obit
1007 363 1150 405 omnia
1183 378 1331 417 curru3

51 417 229 471 Iamque
259 416 328 457 hic
362 427 628 468 germanum,
664 417 833 471 iamque
865 418 936 460 hic
975 424 1163 462 ostentat
1196 425 1402 474 ovantem,

50 475 138 516 Nec
174 472 364 515 conferre
405 486 576 514 manum
611 474 794 527 patitur:
831 476 947 518 volat
979 477 1075 518 avia
1110 478 1246 532 longe.

1587 485 1670 523 480

50 530 178 572 Haud
210 530 347 570 minus
386 529 550 571 Aeneas
585 534 722 573 tortos
762 533 866 586 legit
903 533 1050 575 obvius
1093 534 1227 587 orbes,

49 588 328 640 Vestigatque
362 587 498 628 virum
533 591 576 629 et
615 588 793 631 disiecta
831 604 908 644 per
944 592 1114 644 agmina
1152 606 1307 646 magna

49 646 162 687 Voce
197 648 333 686 vocat.

395 644 597 694 Quotiens
631 647 775 688 oculos
811 648 989 689 coniecit
1023 649 1066 689 in
1098 649 1276 700 hostem,

46 700 360 755 Alipedumque
400 701 545 756 fugam
583 718 708 745 cursu
741 705 922 746 tentavit
957 719 1172 758 equorum,

46 760 229 801 Aversos
268 759 426 801 totiens
462 774 610 802 currus
648 762 827 802 Iuturna
858 763 1044 804 retorsit.

45 816 160 868 Heu,
201 816 303 871 quid
336 820 438 870 agat
449 818 468 857 ἶ)
513 818 640 859 Vario
678 819 964 873 nequidquam
1002 819 1182 861 fluctuat
1218 823 1351 871 aestu,

45 875 332 928 Diversaeque
366 880 521 916 vocant
550 876 736 917 animum
772 877 814 918 in
850 878 1066 918 contraria
1102 890 1238 918 curae.

45 932 158 973 Huic
196 932 435 986 Messapus,
474 933 537 974 uti
578 933 698 975 laeva
736 933 818 975 duo
859 933 969 976 forte
1004 934 1180 988 gerebat

43 989 196 1041 Lenta,
230 989 333 1031 levis
368 1004 512 1041 cursu,
551 990 741 1044 praefixa
780 991 953 1033 hastilia
983 991 1108 1042 ferro,

44 1046 207 1088 Horum
242 1061 370 1088 unum
407 1051 522 1088 certo
561 1052 846 1101 contorquens
880 1050 1027 1103 dirigit
1067 1050 1167 1090 ictu.

45 1103 248 1147 Substitit
285 1106 467 1156 Aeneas,
505 1109 548 1147 et
577 1119 622 1146 se
656 1106 830 1159 collegit

873 1107 880 1114 .
1586 1052 1668 1090 490

869 1122 913 1148 in
948 1121 1079 1157 arma,

43 1162 214 1216 Poplite
247 1161 488 1214 subsidens3
527 1163 690 1217 apicem
725 1168 868 1205 tamen
904 1164 1036 1206 incita
1072 1176 1282 1205 summum

43 1219 181 1261 Hasta
212 1219 331 1272 tulit,
362 1234 633 1274 summasque
670 1221 854 1262 excussit
892 1222 1050 1263 vertice
1089 1222 1252 1262 cristas.

42 1277 148 1318 Tum
186 1291 285 1318 vero
321 1277 556 1331 adsurgunt
595 1278 705 1328 irae,
740 1278 992 1332 insidiisque
1031 1278 1244 1327 subactus,

87 1451 162 1482 475.
186 1450 320 1493 pabula
350 1462 463 1492 parva
490 1451 628 1493 legens‚·
667 1454 712 1481 ita
735 1454 831 1482 etiam

41 1500 170 1529 Turnus
191 1502 254 1528 huc
282 1501 362 1528 illuc
394 1507 430 1527 se
455 1500 605 1528 vertendo
632 1502 662 1527 et
683 1499 831 1535 singulos

39 1545 279 1581 intercipiendo,
303 1545 486 1573 hirundinis
510 1545 543 1572 in
575 1545 712 1580 modum,
752 1553 831 1573 nus-

39 1599 135 1626 quam
160 1591 279 1626 perficit
304 1591 495 1626 quidquam,
534 1591 616 1625 quod
644 1591 752 1627 magni
788 1591 831 1619 sit

39 1637 199 1666 momenti.
253 1636 396 1665 Hirundo
435 1641 543 1665 autem
583 1637 675 1672 „sola
718 1637 830 1665 avium

40 1691 103 1712 non
117 1683 185 1712 nisi
197 1682 233 1711 in
248 1683 359 1711 volatu
372 1680 538 1717 pascitur²²
560 1683 608 1710 Pl.
625 1683 690 1710 NH.
709 1680 757 1718 10,
773 1681 824 1710 35.

85 1737 163 1768 475.
186 1736 281 1768 nidis
299 1737 512 1778 loquacibus,
536 1739 636 1774 pullis
650 1738 687 1767 cf.
710 1738 735 1775 1,
755 1736 830 1766 355.

41 1788 90 1815 Ita
113 1787 173 1814 ov.
197 1785 278 1813 Med.
300 1786 375 1814 Fac.
393 1782 434 1812 77
460 1783 624 1824 querulus
646 1781 760 1813 nidus.
794 1785 832 1812 In

42 1838 142 1861 versu
166 1831 311 1859 Montani
343 1831 407 1859 Iuli
436 1838 487 1865 ap.
515 1832 587 1858 Sen.
613 1831 668 1864 Ep.
698 1826 832 1857 12212-

40 1878 126 1913 gitur
160 1873 333 1915 ,‚hirundo
371 1873 513 1916 argutis
544 1872 703 1904 reditura
743 1872 834 1903 cibos

41 1920 225 1951 immittere
247 1918 342 1950 nidis
366 1919 522 1961 incipit.“
568 1922 681 1949 Iuven.
709 1920 741 1955 5,
770 1919 831 1948 142

41 1965 182 2007 loquaci
206 1964 389 2007 gaudebat
410 1965 504 1995 nido.
530 1967 584 1996 Sic
602 1963 653 2003 11,
679 1964 745 1994 458
756 1967 832 1995 dant

40 2014 182 2043 sonitum
212 2013 304 2042 rauci
328 2021 384 2047 per
407 2017 524 2049 stagna
546 2012 695 2047 loquacia
723 2013 830 2046 cycni.

39 2060 132 2089 Adde
153 2066 236 2094 quae
261 2059 302 2087 ad
326 2057 356 2095 2,
384 2056 460 2087 488.

85 2102 161 2133 476.
193 2103 314 2134 l'acua
330 2109 415 2141 sunt,
440 2112 522 2139 quae
540 2107 649 2133 carent
666 2103 830 2132 hominum

40 2152 134 2180 turba
157 2150 196 2180 cf.
221 2149 252 2188 2,
278 2148 354 2179 528.
394 2152 443 2179 Ita
467 2151 594 2179 Turnus
619 2157 680 2178 non
704 2149 735 2177 in
763 2157 829 2178 me-

41 2197 127 2226 diam
151 2197 250 2226 fertur
271 2196 390 2232 aciem,
431 2197 488 2224 sed
513 2200 670 2232 vagantes
699 2195 765 2223 adit
790 2202 830 2223 ac

41 2244 198 2278 palantes.
224 2257 262 2262 —-
286 2243 436 2271 Porticus
451 2242 545 2270 atriis
569 2242 739 2270 adiunctas
756 2248 830 2269 esse

40 2293 174 2324 apparet
197 2292 232 2317 ut.
257 2286 288 2324 2,
317 2286 401 2323 5283
435 2292 553 2324 stagna
572 2287 669 2324 igitur
697 2286 829 2315 humida

40 2341 144 2370 aquas
169 2335 291 2364 Lerscli
322 2334 483 2363 intellexit
511 2334 544 2362 in
576 2333 759 2367 compluvio
788 2340 829 2361 ex

41 2380 166 2416 pluviis
198 2384 359 2409 restantes
393 2380 428 2408 in
466 2379 568 2408 labris
601 2379 738 2407 fortasse
776 2379 830 2406 vel

41 2430 135 2461 puteo
169 2427 332 2456 collectas.
381 2427 490 2460 Neque
523 2430 630 2454 tamen
655 2424 829 2459 quidquam

41 2471 360 2507 impedit,quominus
372 2478 451 2500 vera
463 2476 581 2508 stagna
594 2470 829 2507 intelligamus,

41 2524 125 2551 quae
143 2525 240 2552 prope
258 2518 360 2546 villae
384 2518 480 2546 aedes
498 2521 588 2552 sunt;
613 2517 650 2544 de
674 2516 717 2544 iis
733 2516 829 2551 enim,

41 2570 106 2591 non
141 2563 180 2591 de
212 2564 347 2592 aedibus
386 2563 521 2592 urbanis
559 2570 664 2591 sermo
703 2562 831 2591 videtur

42 2616 126 2638 esse.

88 2651 165 2682 479.
188 2655 322 2689 Iamque
344 2654 413 2691 liic,
454 2653 583 2688 iamque
613 2654 666 2682 hic
695 2656 833 2682 ostentat

42 2704 195 2729 ovantem
225 2707 428 2735 germanum;
477 2700 532 2728 sed
568 2699 706 2728 ostendit
730 2699 832 2735 modo,

42 2754 106 2775 non
131 2745 295 2782 permittit,
321 2749 356 2774 ut
380 2752 456 2774 acre
478 2748 639 2773 certamen
662 2745 759 2773 ineat.

89 2788 166 2820 481.
191 2791 324 2820 Aeneas
348 2791 491 2820 Turnum
519 2797 677 2824 quaerens
707 2792 772 2819 huc
803 2792 834 2817 et

43 2837 124 2867 illuc
140 2840 265 2872 torquet
289 2835 424 2872 [flectit]
450 2835 550 2872 viam,
577 2835 632 2864 ubi
653 2843 726 2864 eum
743 2838 832 2871 putat

44 2883 188 2918 reperiri.

88 2926 168 2957 482.
191 2925 432 2969 vestigatque:
475 2925 639 2964 ‚,inquitit,
665 2926 833 2955 translatio

45 2981 67 3002 a
88 2974 234 3004 canibus.
261 2989 299 2994 -
330 2970 479 3003 disiecta
502 2979 566 3012 per
584 2968 746 3012 agmina,
766 2971 834 3000 dis-

878 1453 986 1487 sipata
1010 1453 1149 1480 adventu
1176 1448 1340 1480 Aeneae.“
1366 1453 1397 1478 S.
1442 1452 1558 1479 Omnes
1581 1452 1666 1481 enim

878 1498 991 1533 trepidi
1013 1498 1190 1534 diffugiunt.

924 1542 998 1571 483.
1024 1544 1153 1578 Quoties
1177 1542 1344 1578 conspexit
1359 1542 1501 1570 Turnum
1525 1547 1554 1571 et
1569 1551 1665 1572 cursu

877 1598 949 1618 eum
973 1589 1105 1624 assequi
1129 1590 1243 1625 studet,
1283 1589 1417 1616 Iuturna
1451 1596 1549 1622 equos
1574 1589 1667 1618 defle-

877 1636 942 1664 ctit.
989 1635 1121 1664 Aeneas
1146 1640 1252 1664 autem
1275 1635 1372 1669 pedes
1395 1634 1522 1662 incedit.

923 1689 998 1719 484.
1031 1689 1080 1720 Pl.
1106 1700 1161 1726 pro
1189 1689 1335 1720 tentavit
1363 1690 1444 1719 coni.
1474 1688 1667 1729 affectavit.

879 1739 946 1765 Non
971 1741 1063 1774 recte,
1089 1744 1162 1766 nam
1184 1737 1381 1771 simulatque
1397 1737 1539 1765 Turnum
1562 1740 1667 1771 petere

878 1784 1010 1811 Aeneas
1049 1783 1143 1812 visus
1181 1788 1245 1819 est,
1294 1784 1429 1810 Iuturna
1468 1781 1533 1810 iam
1566 1790 1667 1817 equos

878 1829 1006 1857 avertit.

924 1872 999 1902 485.
1024 1881 1163 1902 aversos
1201 1869 1341 1902 retorsit
1380 1871 1419 1901 cf.
1457 1869 1496 1909 4,
1541 1870 1595 1901 22.
1626 1888 1663 1892 —

878 1921 961 1948 Dum
1000 1920 1075 1954 quid
1111 1919 1211 1948 faciat
1248 1918 1364 1954 nescit,
1403 1925 1500 1953 quum
1537 1919 1665 1948 Turnus

878 1966 991 2002 fugiat,
1016 1966 1086 2000 ipse
1111 1970 1218 1994 autem
1246 1964 1330 1992 alios
1360 1964 1491 1999 aggredi
1525 1965 1619 1993 nolit:
1645 1972 1665 1993 a

878 2014 1029 2045 Messapo
1056 2013 1151 2039 hasta
1177 2009 1311 2046 petituS,
1356 2011 1481 2038 tandem
1515 2009 1549 2037 in
1580 2010 1665 2039 alios

878 2057 980 2093 irruit,
1004 2065 1066 2085 non
1093 2061 1199 2085 tamen
1229 2060 1400 2090 antequam
1424 2057 1535 2084 Iovem
1559 2055 1665 2084 foede-

877 2103 924 2131 ris
948 2103 1035 2131 laesi
1059 2106 1170 2131 testem
1194 2101 1406 2130 invocaverit.

923 2146 998 2176 4235.
1021 2146 1175 2187 fluctuat
1196 2149 1293 2175 aestu
1318 2147 1355 2176 cs.
1381 2145 1411 2181 4,
1437 2143 1513 2174 532.

922 2194 998 2222 ⁴18⁵.
1024 2191 1102 2222 huic
1129 2190 1266 2232 dirigit,
1292 2192 1326 2220 iu
1351 2195 1445 2221 hunc.
1477 2192 1566 2220 Leve
1585 2199 1666 2221 ana-

876 2242 1042 2269 coluthon:
1068 2241 1241 2273 Messapus
1255 2246 1363 2267 eorum
1378 2237 1557 2275 hastilium,
1583 2245 1666 2272 quae

877 2307 883 2314 .
902 2308 908 2313 .
926 2307 933 2313 .
953 2293 1052 2314 unum
1080 2285 1199 2321 dirigit.

921 2329 996 2359 489.
1025 2330 1118 2360 lenta
1151 2325 1298 2358 hastilia
1329 2328 1368 2358 cf.
1393 2326 1423 2365 7,
1451 2326 1524 2357 164.
1563 2335 1666 2368 prae-

867 2375 946 2416 fisa
973 2377 1012 2405 cf.
1036 2376 1066 2408 5.
1094 2373 1172 2404 557.

921 2421 996 2451 491.
1023 2430 1057 2450 se
1087 2418 1232 2461 collegit
1258 2417 1294 2448 in
1319 2427 1434 2448 arma:
1470 2420 1537 2455 „ita
1560 2427 1595 2448 se
1620 2423 1667 2447 te-

876 2469 934 2505 xit,
971 2472 1004 2497 ut
1030 2469 1122 2496 nulla
1149 2470 1236 2502 parte
1262 2470 1368 2500 posset
1394 2465 1519 2494 feriri.‘'·
1545 2467 1577 2493 S.
1622 2465 1664 2495 cf.

879 2513 930 2547 10,
955 2511 1018 2541 412
1046 2517 1139 2549 „post
1166 2516 1292 2542 scutum
1316 2520 1352 2540 se
1379 2508 1517 2540 clausit*
1540 2513 1572 2539 S.
1607 2511 1665 2539 Sil.

880 2558 930 2596 to,
954 2557 1018 2588 128
1050 2556 1227 2589 Consumit
1256 2555 1364 2597 clipeo
1399 2554 1481 2592 tela,
1509 2558 1539 2585 et
1565 2554 1666 2585 colle-

877 2608 952 2635 ctus
988 2603 1022 2634 in
1055 2613 1155 2633 arma
1187 2601 1333 2632 sustinet
1367 2600 1526 2641 ingentes
1557 2600 1667 2642 crepi-

877 2649 1033 2682 tentibus
1055 2647 1178 2680 ictibus
1203 2646 1335 2678 hastas.

924 2694 999 2725 494.
1031 2694 1187 2735 Surgere
1220 2695 1288 2722 irae
1323 2701 1421 2728 saepe
1454 2693 1607 2733 dicuntur,
1633 2697 1666 2722 ut

882 2740 933 2779 10,
950 2740 1026 2770 813.
1050 2741 1124 2770 Val.
1144 2736 1251 2777 2,165
1279 2737 1376 2768 dolor
1401 2739 1521 2778 iraque
1540 2736 1665 2779 surgit.

878 2789 922 2816 al.
948 2788 995 2817 ef.
1013 2784 1043 2825 1,
1066 2784 1141 2815 209.
1170 2800 1208 2805 -
1240 2782 1414 2813 Subactus
1436 2784 1551 2813 fortius
1569 2791 1666 2819 quam

879 2835 1029 2862 coactus.
1075 2833 1275 2867 Quamquam
1314 2830 1426 2858 foedus
1455 2831 1555 2858 vellet
1597 2837 1667 2859 ser-

878 2886 957 2908 vare
971 2879 1067 2908 etiam
1084 2882 1161 2914 tum,
1182 2884 1279 2912 quum
1292 2876 1450 2904 violatum
1466 2879 1544 2912 erat,
1557 2879 1664 2904 tamen

879 2932 976 2959 quum
999 2924 1114 2952 iterum
1135 2925 1330 2951 struerentur
1352 2921 1382 2949 ei
1400 2921 1539 2950 insidiae
1556 2926 1667 2950 contra

880 2974 977 2999 totam
1001 2973 1125 3006 gentem
1140 2970 1259 2997 bellum
1278 2973 1436 2996 renovare
1457 2971 1588 2996 coactus
1606 2972 1665 2996 est.
